<DATE>;<TIME>;<LAST>;<VOL>;<ID>;<OPER>
20241030;095936;712;10;11359791014;B
20241030;095936;712;1;11359791015;B
20241030;095936;712;5;11359791016;B
20241030;095936;712;20;11359791017;B
20241030;095936;712;1;11359791018;B
20241030;095936;712;5;11359791019;B
20241030;095936;712;1;11359791020;B
20241030;095936;712;1;11359791021;B
20241030;095936;712;2;11359791022;B
20241030;095936;712;1;11359791023;B
20241030;095936;712;6;11359791024;B
20241030;100000;712;30;11359795445;B
20241030;100000;712;6;11359795446;B
20241030;100000;712.2;6;11359795447;B
20241030;100000;712.6;1;11359795448;B
20241030;100000;712.6;8;11359795449;B
20241030;100000;712.8;2;11359795450;B
20241030;100000;712.8;5;11359795451;B
20241030;100000;712.8;242;11359795452;B
20241030;100001;712;15;11359795786;B
20241030;100001;712.4;25;11359796005;B
20241030;100001;712.8;4;11359796141;B
20241030;100002;712.4;17;11359796249;S
20241030;100002;712.4;171;11359796382;S
20241030;100002;712.8;3;11359796385;B
20241030;100002;712.2;2;11359796499;S
20241030;100003;712.8;51;11359796623;B
20241030;100003;713;31;11359796624;B
20241030;100004;713;1;11359797456;B
20241030;100005;713;1;11359799303;B
20241030;100005;713;2;11359799711;B
20241030;100005;713;1;11359799714;B
20241030;100006;713;1;11359801131;B
20241030;100007;713;1;11359802129;B
20241030;100007;713;1;11359802296;B
20241030;100007;713;1;11359802412;B
20241030;100007;713;1;11359802561;B
20241030;100007;712.6;1;11359802565;S
20241030;100008;712.4;7;11359803485;S
20241030;100008;712.4;19;11359803486;S
20241030;100008;712.2;19;11359803487;S
20241030;100008;712.2;142;11359803488;S
20241030;100008;712.2;13;11359803489;S
20241030;100009;712.8;35;11359803971;B
20241030;100010;712.8;48;11359804275;B
20241030;100010;712.8;3;11359804376;B
20241030;100012;712.4;1;11359805065;S
20241030;100014;712.8;5;11359805576;B
20241030;100016;712.8;3;11359806159;B
20241030;100019;712.8;1;11359806877;B
20241030;100019;712.8;30;11359806884;B
20241030;100020;712.2;1;11359807208;S
20241030;100024;712.8;1;11359808264;B
20241030;100030;712.4;1;11359811155;S
20241030;100030;712.4;1;11359811156;S
20241030;100030;712.4;7;11359811157;S
20241030;100036;712.2;3;11359813429;S
20241030;100038;712.2;1;11359813819;S
20241030;100042;712.4;6;11359814628;B
20241030;100045;712.2;1;11359815378;S
20241030;100046;712.4;6;11359815528;B
20241030;100048;712.2;80;11359815926;S
20241030;100049;712.2;113;11359816467;S
20241030;100049;712;300;11359816468;S
20241030;100052;712;1;11359817127;B
20241030;100057;711.8;2;11359818986;S
20241030;100059;711.8;10;11359819542;S
20241030;100104;711.8;50;11359820959;S
20241030;100105;711.8;2;11359821045;S
20241030;100106;712;28;11359821370;B
20241030;100108;711.8;8;11359821843;S
20241030;100122;711.8;10;11359825232;S
20241030;100123;711.8;1;11359825563;S
20241030;100125;711.8;25;11359826000;S
20241030;100125;711.8;32;11359826034;S
20241030;100126;711.2;10;11359826275;S
20241030;100136;711.4;10;11359828688;S
20241030;100138;711.6;2;11359829133;B
20241030;100143;711.2;1;11359830345;S
20241030;100152;711.6;2;11359832638;B
20241030;100152;711.6;6;11359832639;B
20241030;100154;711.2;3;11359832996;S
20241030;100159;711.2;6;11359834291;S
20241030;100209;711.2;17;11359836800;S
20241030;100215;711.2;289;11359838332;S
20241030;100216;711.4;1;11359838957;B
20241030;100228;711.4;2;11359841860;B
20241030;100229;711.2;7;11359842056;S
20241030;100231;711.2;17;11359842645;S
20241030;100231;711.2;1;11359842646;S
20241030;100231;711.2;10;11359842647;S
20241030;100231;711.2;74;11359842648;S
20241030;100231;711.2;23;11359842649;S
20241030;100231;711.2;42;11359842650;B
20241030;100234;710;198;11359843276;S
20241030;100234;709.8;50;11359843277;S
20241030;100234;709.8;41;11359843278;S
20241030;100241;710.8;28;11359844877;B
20241030;100244;710.2;168;11359845506;S
20241030;100248;710;3;11359846564;B
20241030;100251;709.4;145;11359847272;S
20241030;100251;709.2;55;11359847273;S
20241030;100253;710;40;11359847828;B
20241030;100257;709.6;76;11359848798;S
20241030;100325;710.4;70;11359857319;S
20241030;100328;710.4;18;11359858374;S
20241030;100328;710.2;7;11359858375;S
20241030;100334;710.2;100;11359860029;S
20241030;100338;711;20;11359861003;B
20241030;100338;711;22;11359861004;B
20241030;100338;711.2;58;11359861005;B
20241030;100341;710.6;17;11359861774;B
20241030;100341;711.2;53;11359861775;B
20241030;100349;711;70;11359863898;B
20241030;100357;711;12;11359865766;B
20241030;100357;711.2;89;11359865767;B
20241030;100357;711.2;1;11359865768;B
20241030;100357;711.6;6;11359865769;B
20241030;100357;711.6;326;11359865770;B
20241030;100357;711.6;66;11359865771;B
20241030;100359;711.8;8;11359866322;B
20241030;100359;711.8;24;11359866323;B
20241030;100359;711.8;132;11359866324;B
20241030;100359;712;3;11359866325;B
20241030;100359;712;5;11359866326;B
20241030;100359;712;1;11359866327;B
20241030;100359;712;250;11359866328;B
20241030;100359;712;1;11359866329;B
20241030;100359;712;2;11359866330;B
20241030;100359;712;74;11359866331;B
20241030;100400;710.8;16;11359866453;S
20241030;100400;710.4;14;11359866454;S
20241030;100400;712.2;42;11359866647;B
20241030;100400;712.2;14;11359866648;B
20241030;100400;712.4;19;11359866649;B
20241030;100400;712.4;100;11359866650;B
20241030;100402;712.8;30;11359867033;B
20241030;100406;712.8;3;11359867957;S
20241030;100407;712.8;2;11359868095;S
20241030;100407;712.8;6;11359868330;S
20241030;100409;713;59;11359868660;B
20241030;100409;713;25;11359868661;B
20241030;100409;713;4;11359868662;B
20241030;100409;713;50;11359868663;B
20241030;100409;713;100;11359868664;B
20241030;100409;713;1;11359868665;B
20241030;100409;713;30;11359868666;B
20241030;100409;713.2;8;11359868667;B
20241030;100409;713.2;84;11359868668;B
20241030;100409;713.2;42;11359868669;B
20241030;100414;713.2;60;11359869927;S
20241030;100416;713.2;9;11359870551;S
20241030;100419;713.2;28;11359871231;S
20241030;100421;712.8;1;11359871728;S
20241030;100428;712.8;2;11359873242;S
20241030;100434;713.2;20;11359874327;B
20241030;100439;712.8;1;11359875421;S
20241030;100444;712.8;10;11359876297;S
20241030;100444;713.2;22;11359876309;B
20241030;100444;713.2;38;11359876310;B
20241030;100444;713.2;1;11359876311;B
20241030;100444;713.4;2;11359876406;B
20241030;100444;713.6;498;11359876407;B
20241030;100444;713.6;2;11359876408;B
20241030;100446;713.8;6;11359876785;B
20241030;100446;714;5;11359876786;B
20241030;100446;714;5;11359876787;B
20241030;100447;713.8;5;11359877008;B
20241030;100447;714;2;11359877022;B
20241030;100447;714;1;11359877041;B
20241030;100448;714;58;11359877250;B
20241030;100448;714;34;11359877384;B
20241030;100448;714;1;11359877385;B
20241030;100448;714;65;11359877386;B
20241030;100448;714;40;11359877387;B
20241030;100449;714;100;11359877565;B
20241030;100451;713.8;1;11359877844;S
20241030;100452;713.8;4;11359878187;S
20241030;100453;713.8;1;11359878343;B
20241030;100453;713.2;39;11359878361;S
20241030;100453;713.2;34;11359878362;S
20241030;100453;713;34;11359878363;S
20241030;100453;713;93;11359878364;S
20241030;100500;713.8;20;11359879831;B
20241030;100503;713;10;11359880593;S
20241030;100507;713;30;11359881513;S
20241030;100509;713.6;1;11359882059;B
20241030;100511;712.8;40;11359882511;S
20241030;100515;712.8;1;11359883305;S
20241030;100518;712.8;404;11359884035;S
20241030;100518;712.8;20;11359884036;S
20241030;100518;712.6;4;11359884037;S
20241030;100518;712.4;172;11359884038;S
20241030;100529;712.6;1;11359886440;S
20241030;100537;712.6;1;11359887861;S
20241030;100603;712.4;10;11359892045;S
20241030;100605;712.6;12;11359892538;B
20241030;100605;712.6;7;11359892540;B
20241030;100610;712.6;7;11359893482;S
20241030;100614;712.8;20;11359894346;B
20241030;100618;712.8;27;11359895269;S
20241030;100618;712.8;9;11359895270;S
20241030;100618;712.6;86;11359895271;S
20241030;100618;712.6;5;11359895272;S
20241030;100618;712.4;143;11359895273;S
20241030;100618;712.4;13;11359895274;S
20241030;100618;712;1;11359895275;S
20241030;100618;711.4;142;11359895276;S
20241030;100618;711.2;50;11359895277;S
20241030;100618;711.2;360;11359895278;S
20241030;100618;711.2;74;11359895279;S
20241030;100618;711;1;11359895280;S
20241030;100618;710.6;2;11359895281;S
20241030;100618;710.4;14;11359895282;S
20241030;100618;710.2;50;11359895283;S
20241030;100618;710.2;17;11359895284;S
20241030;100618;709.6;6;11359895285;S
20241030;100618;712.8;17;11359895286;S
20241030;100619;712.8;6;11359895723;B
20241030;100619;713;50;11359895724;B
20241030;100619;713;16;11359895725;B
20241030;100619;713.2;17;11359895726;B
20241030;100619;713.2;7;11359895727;B
20241030;100619;713.2;120;11359895728;B
20241030;100619;713.4;161;11359895729;B
20241030;100619;713.6;20;11359895730;B
20241030;100619;713.6;60;11359895731;B
20241030;100619;713.8;100;11359895732;B
20241030;100619;713.8;1;11359895733;B
20241030;100619;713.8;20;11359895734;B
20241030;100619;714;360;11359895735;B
20241030;100619;714;2;11359895736;B
20241030;100619;714;5;11359895737;B
20241030;100619;714;3;11359895738;B
20241030;100619;714;1;11359895739;B
20241030;100619;714;30;11359895740;B
20241030;100619;714;20;11359895741;B
20241030;100619;714.6;1;11359895742;B
20241030;100619;714.6;20;11359895743;B
20241030;100619;714.6;142;11359895744;B
20241030;100619;714.8;70;11359895745;B
20241030;100619;714.8;150;11359895746;B
20241030;100619;714.8;5;11359895747;B
20241030;100619;714.8;5;11359895748;B
20241030;100619;714.8;5;11359895749;B
20241030;100619;714.8;1;11359895750;B
20241030;100619;714.8;1;11359895751;B
20241030;100619;714.8;1;11359895752;B
20241030;100619;714.8;250;11359895753;B
20241030;100619;714.8;1;11359895754;B
20241030;100619;714.8;7;11359895755;B
20241030;100619;715;5;11359895756;B
20241030;100619;715;337;11359895757;B
20241030;100620;713.8;17;11359895828;B
20241030;100620;714.8;13;11359895829;B
20241030;100620;714.8;67;11359895842;B
20241030;100620;714.8;34;11359895843;B
20241030;100620;715;363;11359895844;B
20241030;100620;715;20;11359895845;B
20241030;100620;715;1;11359895846;B
20241030;100620;715;25;11359895847;B
20241030;100620;715;25;11359895848;B
20241030;100620;715;100;11359895849;B
20241030;100620;715;1;11359895850;B
20241030;100620;715;1;11359895851;B
20241030;100620;715.2;199;11359895852;B
20241030;100620;715.2;2;11359895853;B
20241030;100620;715.2;2;11359895854;B
20241030;100620;715.4;160;11359895855;B
20241030;100620;715.4;40;11359895857;B
20241030;100620;715.6;1;11359895858;B
20241030;100620;715.6;1;11359895859;B
20241030;100620;715.6;5;11359895860;B
20241030;100620;716;3;11359895861;B
20241030;100620;716;1;11359895862;B
20241030;100620;716;9;11359895863;B
20241030;100620;714.8;2;11359895866;S
20241030;100621;714.8;3;11359895978;S
20241030;100628;715.4;142;11359897348;B
20241030;100628;715.4;30;11359897349;S
20241030;100628;715.4;328;11359897401;S
20241030;100633;713;1;11359898646;S
20241030;100636;712.4;20;11359899345;S
20241030;100642;713.8;17;11359900508;B
20241030;100646;713.2;1;11359901331;S
20241030;100655;713.4;9;11359903320;S
20241030;100655;714.8;1;11359903321;B
20241030;100655;714.8;30;11359903322;B
20241030;100655;715;69;11359903323;B
20241030;100657;714;1;11359903771;S
20241030;100658;715;15;11359903894;B
20241030;100658;714;2;11359903934;S
20241030;100659;715;116;11359904001;B
20241030;100659;715;1;11359904002;B
20241030;100659;715.2;30;11359904003;B
20241030;100659;715.4;100;11359904004;B
20241030;100659;715.4;3;11359904005;B
20241030;100704;715.6;16;11359905273;B
20241030;100704;715.6;4;11359905274;B
20241030;100711;715.8;15;11359906735;B
20241030;100714;716;91;11359907175;B
20241030;100714;716;2;11359907176;B
20241030;100714;716;3;11359907177;B
20241030;100714;716;30;11359907178;B
20241030;100714;716;19;11359907179;B
20241030;100714;716.2;1;11359907180;B
20241030;100714;716.2;38;11359907181;B
20241030;100714;716.4;72;11359907182;B
20241030;100714;716.4;111;11359907183;B
20241030;100714;716.6;100;11359907184;B
20241030;100714;716.8;1;11359907185;B
20241030;100714;716.8;70;11359907186;B
20241030;100714;716.8;1;11359907187;B
20241030;100714;716.8;1;11359907188;B
20241030;100714;717;5;11359907189;B
20241030;100714;717;200;11359907190;B
20241030;100714;717;14;11359907191;B
20241030;100714;717;50;11359907192;B
20241030;100714;717;100;11359907193;B
20241030;100714;717;700;11359907194;B
20241030;100714;717;100;11359907195;B
20241030;100714;717;2;11359907196;B
20241030;100714;717;6;11359907197;B
20241030;100714;717.6;283;11359907198;B
20241030;100714;717.2;170;11359907249;B
20241030;100714;717.4;38;11359907250;B
20241030;100714;717.4;92;11359907251;B
20241030;100714;717.4;35;11359907374;B
20241030;100716;717.2;20;11359907584;B
20241030;100716;717.2;81;11359907703;B
20241030;100716;717.4;1919;11359907704;B
20241030;100717;716.4;16;11359907862;S
20241030;100719;714;15;11359908197;S
20241030;100719;714.8;1;11359908224;B
20241030;100719;716;984;11359908225;B
20241030;100720;717;1;11359908371;B
20241030;100720;717.2;42;11359908372;B
20241030;100720;717.2;2;11359908373;B
20241030;100720;717.4;1955;11359908374;B
20241030;100720;717.4;1000;11359908379;B
20241030;100720;717.4;207;11359908381;B
20241030;100720;717.4;40;11359908382;B
20241030;100720;717.4;135;11359908383;B
20241030;100720;717.4;40;11359908384;B
20241030;100721;717.4;11;11359908817;B
20241030;100721;717.4;9;11359908818;B
20241030;100721;717.4;3;11359908819;B
20241030;100721;717.6;5;11359908820;B
20241030;100722;716.6;15;11359909156;S
20241030;100723;717.6;15;11359909246;B
20241030;100723;716.6;1;11359909290;S
20241030;100726;717;100;11359909884;B
20241030;100726;717;5;11359909885;B
20241030;100726;717.4;45;11359909886;B
20241030;100726;717.6;197;11359909887;B
20241030;100726;717.6;49;11359909888;B
20241030;100726;717.6;45;11359909889;B
20241030;100726;717.8;1;11359909890;B
20241030;100726;718;10;11359909891;B
20241030;100726;718;100;11359909892;B
20241030;100726;718;50;11359909893;B
20241030;100726;718;20;11359909894;B
20241030;100726;718.2;42;11359909895;B
20241030;100726;718.4;36;11359909896;B
20241030;100728;718.2;56;11359910115;B
20241030;100728;718.4;207;11359910116;B
20241030;100728;718.4;25;11359910117;B
20241030;100728;718.4;243;11359910118;B
20241030;100728;718.4;80;11359910119;B
20241030;100728;718.6;1;11359910120;B
20241030;100728;718.6;2;11359910121;B
20241030;100728;718.8;1;11359910122;B
20241030;100728;718.8;10;11359910123;B
20241030;100728;719;10;11359910124;B
20241030;100728;719;10;11359910125;B
20241030;100728;719;100;11359910126;B
20241030;100728;719;3;11359910127;B
20241030;100728;719;4;11359910128;B
20241030;100728;719.2;1;11359910129;B
20241030;100728;719.4;1;11359910130;B
20241030;100728;719.4;1;11359910131;B
20241030;100728;719.4;10;11359910132;B
20241030;100728;719.6;1;11359910133;B
20241030;100728;719.8;1;11359910134;B
20241030;100728;719.8;250;11359910135;B
20241030;100728;719.8;1;11359910136;B
20241030;100728;719.8;5;11359910137;B
20241030;100728;720;1;11359910138;B
20241030;100728;720;1;11359910139;B
20241030;100728;720;1;11359910140;B
20241030;100728;720;25;11359910141;B
20241030;100728;720;1;11359910142;B
20241030;100728;720;1;11359910143;B
20241030;100728;720;36;11359910144;B
20241030;100728;720;2;11359910145;B
20241030;100728;720;100;11359910146;B
20241030;100728;720;50;11359910147;B
20241030;100728;720;1;11359910148;B
20241030;100728;720.6;100;11359910149;B
20241030;100728;720.6;50;11359910150;B
20241030;100728;721;4;11359910151;B
20241030;100728;721;10;11359910152;B
20241030;100728;721;1;11359910153;B
20241030;100728;721;15;11359910154;B
20241030;100728;721;5;11359910155;B
20241030;100728;721;100;11359910156;B
20241030;100728;721;20;11359910157;B
20241030;100728;721;100;11359910158;B
20241030;100728;721;4;11359910159;B
20241030;100728;721.2;30;11359910160;B
20241030;100728;721.2;1;11359910161;B
20241030;100728;721.6;142;11359910162;B
20241030;100728;721.8;7;11359910163;B
20241030;100728;722;10;11359910164;B
20241030;100728;722;1;11359910165;B
20241030;100728;722.2;1;11359910166;B
20241030;100728;722.6;20;11359910167;B
20241030;100728;722.6;1;11359910168;B
20241030;100728;722.8;140;11359910169;B
20241030;100728;722.8;5;11359910170;B
20241030;100728;723;1;11359910171;B
20241030;100728;723;48;11359910172;B
20241030;100728;723;10;11359910173;B
20241030;100728;723;10;11359910174;B
20241030;100728;723;286;11359910175;B
20241030;100728;722.8;10;11359910178;B
20241030;100728;722.8;27;11359910179;B
20241030;100728;722.8;14;11359910180;B
20241030;100728;722.8;1;11359910181;B
20241030;100728;722.8;25;11359910182;B
20241030;100728;722.8;25;11359910183;B
20241030;100728;722.8;10;11359910184;B
20241030;100728;722.6;50;11359910185;B
20241030;100728;722.6;25;11359910190;B
20241030;100728;722.8;13;11359910191;B
20241030;100728;722.6;55;11359910211;B
20241030;100728;716.6;11;11359910225;S
20241030;100728;719.6;1;11359910243;B
20241030;100728;720.8;51;11359910244;B
20241030;100728;720.8;1;11359910245;B
20241030;100728;720.8;90;11359910250;B
20241030;100728;720.8;16;11359910252;B
20241030;100728;720.8;8;11359910253;B
20241030;100728;720.8;80;11359910254;B
20241030;100728;720.8;35;11359910257;B
20241030;100728;720.8;3;11359910260;B
20241030;100728;721;1;11359910261;B
20241030;100728;720.2;1;11359910265;S
20241030;100728;721;69;11359910267;B
20241030;100728;722.6;1;11359910268;B
20241030;100728;722.6;96;11359910269;B
20241030;100728;723;44;11359910270;B
20241030;100728;723;8;11359910271;B
20241030;100728;723;10;11359910272;B
20241030;100728;723;99;11359910274;B
20241030;100728;723;23;11359910275;B
20241030;100728;720.4;10;11359910276;S
20241030;100728;723.8;10;11359910277;B
20241030;100728;720.4;1;11359910278;S
20241030;100728;722;50;11359910280;B
20241030;100728;722;1;11359910283;B
20241030;100728;722;49;11359910284;B
20241030;100728;722;1;11359910285;B
20241030;100728;722;14;11359910286;B
20241030;100728;723.8;5;11359910287;B
20241030;100728;723.8;80;11359910288;B
20241030;100728;722;1;11359910289;S
20241030;100728;722;10;11359910290;S
20241030;100728;722;3;11359910292;S
20241030;100728;722.2;50;11359910293;B
20241030;100728;723;1;11359910294;B
20241030;100728;724;1;11359910295;B
20241030;100728;724;24;11359910296;B
20241030;100728;724;52;11359910297;B
20241030;100728;722;3;11359910298;S
20241030;100728;722;1;11359910299;S
20241030;100728;722;22;11359910301;S
20241030;100728;721.4;78;11359910302;S
20241030;100728;724;47;11359910303;B
20241030;100728;724;23;11359910304;B
20241030;100728;724;2;11359910305;B
20241030;100728;721.2;2;11359910306;S
20241030;100728;721.8;2;11359910307;B
20241030;100728;721.8;11;11359910313;B
20241030;100728;723.8;30;11359910314;B
20241030;100728;723.8;48;11359910318;B
20241030;100728;724;5;11359910319;B
20241030;100728;724;1;11359910320;B
20241030;100728;724;46;11359910321;B
20241030;100728;724;1;11359910327;B
20241030;100728;723.6;50;11359910385;B
20241030;100728;723.6;50;11359910407;B
20241030;100728;723.8;1;11359910408;B
20241030;100728;724;3;11359910409;B
20241030;100728;724;21;11359910410;B
20241030;100729;724;17;11359910439;B
20241030;100729;724;1;11359910442;B
20241030;100729;724;2;11359910462;B
20241030;100729;724;13;11359910463;B
20241030;100729;724;15;11359910467;B
20241030;100729;722.4;5;11359910474;B
20241030;100729;722.4;195;11359910476;B
20241030;100729;724;56;11359910477;B
20241030;100729;724.4;1;11359910478;B
20241030;100729;724.6;1;11359910479;B
20241030;100729;724.6;47;11359910480;B
20241030;100729;724.6;50;11359910481;B
20241030;100729;724.8;6;11359910485;B
20241030;100729;724.8;11;11359910486;B
20241030;100729;724.8;130;11359910499;B
20241030;100729;722.2;100;11359910508;S
20241030;100729;724.6;100;11359910515;B
20241030;100729;724.8;103;11359910516;B
20241030;100729;724.8;5;11359910517;B
20241030;100729;725;1;11359910518;B
20241030;100729;725;1;11359910519;B
20241030;100729;725;50;11359910520;B
20241030;100729;725;5;11359910521;B
20241030;100729;725;1;11359910522;B
20241030;100729;725;2;11359910523;B
20241030;100729;725;25;11359910524;B
20241030;100729;725;207;11359910525;B
20241030;100729;725;10;11359910538;B
20241030;100729;725;500;11359910539;B
20241030;100729;722.2;5;11359910540;S
20241030;100729;722.2;1;11359910542;S
20241030;100729;722.6;1;11359910550;B
20241030;100729;725;300;11359910551;B
20241030;100729;722.6;1;11359910554;S
20241030;100729;724.8;1;11359910555;B
20241030;100729;725;74;11359910556;B
20241030;100729;725;246;11359910563;B
20241030;100729;725.6;5;11359910564;B
20241030;100729;725.8;40;11359910565;B
20241030;100729;726;4;11359910566;B
20241030;100729;726.6;10;11359910567;B
20241030;100729;726.6;3;11359910568;B
20241030;100729;727;10;11359910569;B
20241030;100729;727;1;11359910570;B
20241030;100729;727.2;1;11359910571;B
20241030;100729;727.2;1;11359910572;B
20241030;100729;728;10;11359910573;B
20241030;100729;728;1;11359910574;B
20241030;100729;728;7;11359910575;B
20241030;100729;728;1;11359910576;B
20241030;100729;728;142;11359910577;B
20241030;100729;728.2;18;11359910578;B
20241030;100729;728;114;11359910580;B
20241030;100729;728.2;15;11359910581;B
20241030;100729;723.6;30;11359910582;B
20241030;100729;723.6;133;11359910585;B
20241030;100729;728;142;11359910586;B
20241030;100729;728.2;425;11359910587;B
20241030;100729;728;8;11359910589;B
20241030;100729;726.6;109;11359910593;B
20241030;100729;726.6;46;11359910594;B
20241030;100729;728;110;11359910595;B
20241030;100729;728.2;70;11359910604;B
20241030;100729;726.8;2;11359910614;S
20241030;100729;726.8;3;11359910619;S
20241030;100729;722.6;5;11359910622;S
20241030;100729;722.6;100;11359910624;S
20241030;100729;724.6;1;11359910625;B
20241030;100729;725;1;11359910626;B
20241030;100729;725.2;98;11359910627;B
20241030;100729;725.2;38;11359910628;B
20241030;100729;725.2;40;11359910652;B
20241030;100729;725.2;121;11359910655;B
20241030;100729;725.6;27;11359910656;B
20241030;100729;727;1;11359910657;B
20241030;100729;728;142;11359910658;B
20241030;100729;728.2;209;11359910659;B
20241030;100729;723;1;11359910662;S
20241030;100729;726.2;5;11359910665;S
20241030;100729;726.2;15;11359910669;S
20241030;100729;726.2;10;11359910670;S
20241030;100730;726.2;1;11359910673;S
20241030;100730;728.2;200;11359910676;B
20241030;100730;728.2;163;11359910681;B
20241030;100730;728.2;160;11359910682;B
20241030;100730;728.4;1;11359910683;B
20241030;100730;728.6;1;11359910684;B
20241030;100730;729;1;11359910685;B
20241030;100730;729;1;11359910686;B
20241030;100730;729;1;11359910687;B
20241030;100730;729;1;11359910688;B
20241030;100730;729;20;11359910689;B
20241030;100730;729.4;2;11359910690;B
20241030;100730;729.4;100;11359910691;B
20241030;100730;729.4;49;11359910692;B
20241030;100730;726.2;111;11359910694;S
20241030;100730;726.2;189;11359910695;S
20241030;100730;726.2;1;11359910702;S
20241030;100730;726.2;3;11359910703;S
20241030;100730;729.4;14;11359910734;B
20241030;100730;726.6;2;11359910744;S
20241030;100730;726.6;2;11359910749;S
20241030;100730;728.6;71;11359910757;B
20241030;100730;728.6;71;11359910775;B
20241030;100730;728.8;42;11359910776;B
20241030;100730;728.8;5;11359910777;B
20241030;100730;727.2;15;11359910779;B
20241030;100730;728.8;303;11359910781;B
20241030;100730;729;153;11359910899;S
20241030;100730;729;114;11359910905;S
20241030;100730;729;11;11359910906;S
20241030;100730;729;209;11359910911;S
20241030;100730;729;141;11359910912;S
20241030;100730;729.2;1;11359910913;B
20241030;100730;729.4;17;11359910914;B
20241030;100730;729.8;182;11359910915;B
20241030;100730;729;2;11359910917;S
20241030;100730;729;15;11359910920;S
20241030;100730;729.8;20;11359910925;B
20241030;100730;729.8;48;11359910926;B
20241030;100730;730;1;11359910928;B
20241030;100730;729;100;11359910934;S
20241030;100730;729;1;11359910935;S
20241030;100730;729;5;11359910937;S
20241030;100730;730;9;11359910938;B
20241030;100730;730;1;11359910939;B
20241030;100730;730;1;11359910940;B
20241030;100730;730;5;11359910941;B
20241030;100730;730;1;11359910942;B
20241030;100730;730;1;11359910943;B
20241030;100730;730;2;11359910944;B
20241030;100730;730.2;10;11359910945;B
20241030;100730;729;15;11359910954;S
20241030;100730;729;7;11359910957;S
20241030;100730;730.2;2;11359910959;B
20241030;100730;729;14;11359910960;S
20241030;100730;729;11;11359910961;S
20241030;100730;727.8;5;11359910967;S
20241030;100730;729;1;11359910982;B
20241030;100730;727.8;1;11359910995;S
20241030;100730;729;5;11359911048;B
20241030;100730;727.8;23;11359911049;S
20241030;100730;729;15;11359911050;B
20241030;100731;727.8;1;11359911057;S
20241030;100731;728;100;11359911067;S
20241030;100731;729;10;11359911070;B
20241030;100731;728;2;11359911073;S
20241030;100731;729;144;11359911075;B
20241030;100731;729;6;11359911076;B
20241030;100731;728;3;11359911093;S
20241030;100731;729;1;11359911094;B
20241030;100731;728;2;11359911107;S
20241030;100731;728;10;11359911124;S
20241030;100731;728;1;11359911125;S
20241030;100731;728;4;11359911126;S
20241030;100731;728;8;11359911128;S
20241030;100731;728.8;142;11359911141;B
20241030;100731;729;293;11359911142;B
20241030;100731;729;10;11359911143;B
20241030;100731;729;12;11359911144;B
20241030;100731;729;1;11359911145;B
20241030;100731;729;30;11359911146;B
20241030;100731;729;5;11359911147;B
20241030;100731;729.2;1;11359911148;B
20241030;100731;729.8;1;11359911149;B
20241030;100731;729.8;50;11359911150;B
20241030;100731;730;455;11359911151;B
20241030;100731;729;15;11359911184;B
20241030;100731;729.8;223;11359911185;B
20241030;100731;729.8;142;11359911186;B
20241030;100731;730;620;11359911187;B
20241030;100731;728;100;11359911208;B
20241030;100731;727.6;161;11359911256;S
20241030;100731;727;5;11359911258;S
20241030;100731;727.4;1;11359911259;B
20241030;100731;727.4;22;11359911278;B
20241030;100731;727.6;189;11359911279;B
20241030;100731;727.8;289;11359911280;B
20241030;100732;727;7;11359911342;B
20241030;100732;726.2;45;11359911391;S
20241030;100732;726;955;11359911392;S
20241030;100732;726;1;11359911420;S
20241030;100732;726;1000;11359911426;S
20241030;100732;726;44;11359911427;S
20241030;100732;725.2;2;11359911439;S
20241030;100733;725.6;2;11359911650;B
20241030;100733;726;44;11359911651;B
20241030;100733;726;44;11359911652;B
20241030;100733;726.6;80;11359911653;B
20241030;100733;726.6;2;11359911654;B
20241030;100733;726.8;60;11359911655;B
20241030;100733;726.8;15;11359911656;S
20241030;100733;726.8;4;11359911702;S
20241030;100733;726.8;249;11359911708;S
20241030;100733;725;107;11359911709;S
20241030;100733;724;344;11359911710;B
20241030;100733;724;1;11359911752;S
20241030;100734;724.4;1;11359911816;S
20241030;100734;724.6;120;11359911893;S
20241030;100734;724.6;270;11359911894;S
20241030;100734;724;2;11359911901;S
20241030;100735;724;1;11359912107;S
20241030;100735;724;1;11359912110;S
20241030;100735;724.8;50;11359912118;B
20241030;100735;724.8;1;11359912248;S
20241030;100736;724.8;260;11359912662;S
20241030;100737;724.8;100;11359912741;S
20241030;100737;725;350;11359912756;B
20241030;100737;724.8;1;11359912809;S
20241030;100737;724.8;60;11359912863;S
20241030;100737;725;20;11359912864;B
20241030;100737;725;130;11359912891;B
20241030;100737;725;1;11359912892;B
20241030;100737;725.2;4;11359912893;S
20241030;100737;725.6;25;11359912895;B
20241030;100737;727;1;11359912896;B
20241030;100737;727;43;11359912897;B
20241030;100737;727;43;11359912898;S
20241030;100737;725.2;215;11359912899;S
20241030;100737;724.8;28;11359912900;S
20241030;100737;724.2;4;11359912901;S
20241030;100737;724.2;50;11359912902;S
20241030;100737;722.6;392;11359912903;S
20241030;100737;722.6;3;11359912904;S
20241030;100737;726;100;11359912946;B
20241030;100739;725.4;1;11359913168;B
20241030;100739;725;1;11359913224;B
20241030;100739;725;75;11359913227;B
20241030;100739;724.8;1;11359913240;S
20241030;100739;724.6;1;11359913242;B
20241030;100739;724;10;11359913353;S
20241030;100739;723.2;2;11359913354;S
20241030;100739;723;2;11359913355;S
20241030;100739;724.4;1;11359913361;B
20241030;100739;724.4;1;11359913383;B
20241030;100739;724.4;1;11359913407;B
20241030;100740;723;102;11359913434;S
20241030;100740;723;10;11359913435;S
20241030;100740;724.2;1;11359913497;B
20241030;100740;724.2;1;11359913534;B
20241030;100740;723.8;10;11359913575;B
20241030;100740;724;250;11359913576;B
20241030;100740;724.4;46;11359913577;B
20241030;100740;724.4;44;11359913578;S
20241030;100740;722.8;56;11359913579;S
20241030;100740;723.8;1;11359913669;B
20241030;100741;723.8;1;11359913757;B
20241030;100741;723.6;1;11359913787;S
20241030;100741;722.6;19;11359913788;S
20241030;100741;723.8;1;11359913850;B
20241030;100741;723.8;5;11359913899;B
20241030;100742;723.8;1;11359913957;B
20241030;100742;723.8;1;11359914008;B
20241030;100742;723.8;1;11359914039;B
20241030;100742;724;16;11359914049;B
20241030;100742;724;59;11359914050;B
20241030;100742;724.2;275;11359914051;B
20241030;100743;723.6;1;11359914209;S
20241030;100743;723.6;1;11359914210;S
20241030;100743;723;1;11359914211;S
20241030;100743;723;16;11359914212;S
20241030;100743;722.8;34;11359914213;S
20241030;100743;722.6;92;11359914214;S
20241030;100743;722.4;2;11359914215;S
20241030;100743;722.2;46;11359914216;S
20241030;100743;722.2;58;11359914217;S
20241030;100743;723.6;1;11359914285;B
20241030;100744;723.4;5;11359914351;B
20241030;100744;723.6;15;11359914352;B
20241030;100744;723.8;34;11359914353;B
20241030;100744;724;196;11359914354;B
20241030;100744;723.8;1;11359914411;B
20241030;100744;723.6;1;11359914430;S
20241030;100744;723.2;1;11359914431;S
20241030;100744;722.4;34;11359914432;S
20241030;100744;722.4;196;11359914433;S
20241030;100744;722.4;18;11359914434;S
20241030;100744;722.4;2;11359914450;S
20241030;100744;723.6;1;11359914455;B
20241030;100744;723.6;1;11359914474;B
20241030;100744;722.4;15;11359914505;S
20241030;100745;723.6;1;11359914570;B
20241030;100745;723.6;8;11359914594;B
20241030;100745;723.6;23;11359914666;B
20241030;100745;723.6;75;11359914667;B
20241030;100745;723.6;18;11359914668;B
20241030;100745;723.6;25;11359914669;B
20241030;100745;723.8;99;11359914670;B
20241030;100745;723.8;10;11359914671;B
20241030;100746;722.4;17;11359914803;S
20241030;100746;722.4;16;11359914804;S
20241030;100746;722.4;27;11359914805;S
20241030;100746;722.2;51;11359914806;S
20241030;100746;722.2;114;11359914807;S
20241030;100746;722.2;27;11359914808;S
20241030;100746;721.8;32;11359914809;S
20241030;100746;721.6;10;11359914810;S
20241030;100746;721.6;85;11359914811;S
20241030;100746;721.6;10;11359914812;S
20241030;100746;721.4;211;11359914813;S
20241030;100748;722.8;16;11359915217;B
20241030;100748;723;9;11359915218;B
20241030;100748;723;41;11359915327;B
20241030;100748;723.2;34;11359915328;B
20241030;100748;723.2;25;11359915329;B
20241030;100749;722.6;15;11359915361;S
20241030;100749;723.2;25;11359915453;B
20241030;100749;723.2;255;11359915494;S
20241030;100750;722.6;45;11359915571;S
20241030;100751;722.2;300;11359915742;S
20241030;100751;722.2;600;11359915743;B
20241030;100751;722.2;44;11359915744;B
20241030;100751;722;109;11359915769;B
20241030;100752;722.2;5;11359915900;B
20241030;100752;721.8;2;11359915906;S
20241030;100752;721.8;1;11359915949;S
20241030;100753;721.8;77;11359916108;S
20241030;100753;721.8;63;11359916109;S
20241030;100753;722.2;25;11359916114;B
20241030;100753;722.2;5;11359916121;B
20241030;100753;722.2;15;11359916142;B
20241030;100753;722.6;10;11359916143;B
20241030;100753;722.6;59;11359916189;B
20241030;100753;722.8;50;11359916190;B
20241030;100753;722.8;11;11359916191;B
20241030;100754;722.8;5;11359916270;B
20241030;100754;722.8;112;11359916320;B
20241030;100754;722.6;1;11359916370;S
20241030;100754;722.8;100;11359916411;B
20241030;100755;722.8;5;11359916562;B
20241030;100755;722.6;15;11359916677;S
20241030;100755;722.8;5;11359916738;B
20241030;100756;722.8;5;11359916806;B
20241030;100756;722.8;5;11359916864;B
20241030;100756;722.8;5;11359916971;B
20241030;100759;722.8;91;11359917484;B
20241030;100759;723;11;11359917485;B
20241030;100759;723.2;43;11359917486;B
20241030;100759;723.6;2;11359917487;B
20241030;100759;723.6;32;11359917488;B
20241030;100759;723.6;21;11359917489;B
20241030;100800;722.6;9;11359917570;S
20241030;100800;722.6;9;11359917571;S
20241030;100801;722.6;2;11359917880;S
20241030;100801;722.4;4;11359917881;S
20241030;100802;722.6;2;11359918069;S
20241030;100802;723.2;4;11359918070;B
20241030;100802;723.2;25;11359918071;B
20241030;100802;723.4;4;11359918072;B
20241030;100802;723.4;67;11359918073;B
20241030;100805;722.8;1;11359918547;S
20241030;100806;723;1;11359918656;S
20241030;100806;722.8;1;11359918657;S
20241030;100806;722.8;10;11359918658;S
20241030;100807;723.6;5;11359918907;B
20241030;100807;723.2;1;11359918968;S
20241030;100807;722.6;14;11359918969;S
20241030;100807;722.6;82;11359918970;B
20241030;100809;722.6;1;11359919244;B
20241030;100809;722.6;1;11359919311;B
20241030;100809;722.6;1;11359919334;B
20241030;100810;723;1;11359919422;S
20241030;100810;722.6;17;11359919423;S
20241030;100810;723.2;1;11359919552;S
20241030;100811;723;1;11359919672;S
20241030;100811;723;1;11359919674;B
20241030;100811;722.6;1;11359919718;S
20241030;100811;722.6;17;11359919735;S
20241030;100811;722.4;34;11359919736;S
20241030;100812;723;1;11359919824;B
20241030;100812;722.4;3;11359919827;S
20241030;100812;722.4;2;11359919828;S
20241030;100812;723;1;11359919855;B
20241030;100812;723;1;11359919890;B
20241030;100813;723.4;1;11359920113;S
20241030;100814;723.2;1;11359920286;S
20241030;100814;723.2;1;11359920320;S
20241030;100814;723.2;1;11359920321;S
20241030;100814;723.2;1;11359920322;S
20241030;100814;722.8;15;11359920323;S
20241030;100814;722.6;34;11359920324;S
20241030;100814;722.6;48;11359920325;S
20241030;100815;722.6;2;11359920403;S
20241030;100815;722.4;58;11359920404;S
20241030;100816;723.2;13;11359920583;B
20241030;100816;723.2;16;11359920584;B
20241030;100816;723.2;3;11359920585;S
20241030;100817;723.4;20;11359920703;B
20241030;100819;723.4;1;11359920994;B
20241030;100819;723.6;24;11359920995;B
20241030;100819;723.6;34;11359920996;B
20241030;100819;723.6;13;11359920997;B
20241030;100819;723.6;28;11359920998;B
20241030;100820;723.2;10;11359921174;S
20241030;100824;723.4;1;11359921935;S
20241030;100825;723.2;10;11359922109;S
20241030;100826;723.2;48;11359922176;S
20241030;100826;723;12;11359922177;S
20241030;100826;722.8;12;11359922178;S
20241030;100826;722.4;140;11359922179;S
20241030;100826;722.4;34;11359922180;S
20241030;100826;722;4;11359922181;S
20241030;100826;722.4;14;11359922269;S
20241030;100826;722.2;12;11359922270;S
20241030;100826;722;21;11359922271;S
20241030;100826;722;12;11359922272;S
20241030;100826;721.8;41;11359922273;S
20241030;100828;721.8;1;11359922451;S
20241030;100828;721.8;2;11359922487;S
20241030;100828;722.8;11;11359922549;B
20241030;100828;723;1;11359922550;B
20241030;100828;723;11;11359922551;B
20241030;100828;723;7;11359922552;B
20241030;100829;722.8;29;11359922693;B
20241030;100832;722.8;1;11359923238;B
20241030;100832;722.8;1;11359923239;B
20241030;100832;722.4;1;11359923254;S
20241030;100833;722.4;41;11359923343;B
20241030;100835;722;1;11359923655;S
20241030;100835;721.6;100;11359923656;S
20241030;100835;721.6;16;11359923657;S
20241030;100835;721.6;9;11359923658;S
20241030;100835;721.4;28;11359923659;S
20241030;100835;721.2;46;11359923660;S
20241030;100836;721.2;102;11359923762;S
20241030;100836;721.2;10;11359923763;S
20241030;100836;721.2;35;11359923764;S
20241030;100836;721.2;20;11359923765;S
20241030;100836;721.2;200;11359923766;S
20241030;100836;721.2;140;11359923767;S
20241030;100836;721.2;33;11359923768;S
20241030;100836;721;5;11359923769;S
20241030;100836;722;2;11359923815;B
20241030;100836;721;5;11359923848;S
20241030;100836;720.8;25;11359923849;S
20241030;100836;720.6;220;11359923850;S
20241030;100837;720.6;26;11359923966;S
20241030;100838;720.6;54;11359924022;S
20241030;100838;720.6;58;11359924023;S
20241030;100838;720.6;42;11359924067;S
20241030;100838;720.4;70;11359924068;S
20241030;100838;721.2;48;11359924143;B
20241030;100838;721.2;19;11359924144;B
20241030;100838;721.4;53;11359924145;B
20241030;100838;720.4;30;11359924148;S
20241030;100838;720.2;149;11359924149;S
20241030;100838;720.2;2;11359924150;S
20241030;100838;720.2;1;11359924151;S
20241030;100838;720.2;4;11359924152;S
20241030;100838;720;150;11359924153;S
20241030;100838;720;100;11359924154;S
20241030;100838;720;28;11359924155;S
20241030;100838;720;35;11359924156;S
20241030;100838;720;501;11359924157;S
20241030;100838;720;1000;11359924174;S
20241030;100838;720;99;11359924175;S
20241030;100839;720;30;11359924195;S
20241030;100839;720;700;11359924196;S
20241030;100839;720;270;11359924197;S
20241030;100839;720;730;11359924208;S
20241030;100839;720;270;11359924209;S
20241030;100839;720;30;11359924213;S
20241030;100839;720;6;11359924214;S
20241030;100839;720;9;11359924215;S
20241030;100839;720;31;11359924216;S
20241030;100839;720;1;11359924232;S
20241030;100839;720;118;11359924234;S
20241030;100839;720;7;11359924235;S
20241030;100839;720;2;11359924236;S
20241030;100839;719.4;2;11359924245;S
20241030;100839;719.2;1;11359924246;S
20241030;100839;719;20;11359924247;S
20241030;100839;719;8;11359924248;S
20241030;100839;718.4;34;11359924249;S
20241030;100839;718.4;7;11359924250;S
20241030;100839;718.2;28;11359924251;S
20241030;100839;718.2;100;11359924252;S
20241030;100841;718.8;1;11359924496;B
20241030;100841;719.2;1;11359924503;S
20241030;100841;719.2;1;11359924527;S
20241030;100841;719.2;1;11359924595;S
20241030;100841;719.2;50;11359924596;S
20241030;100841;719.2;1;11359924616;S
20241030;100841;719.2;1;11359924646;S
20241030;100842;719.2;1;11359924787;S
20241030;100842;719.2;1;11359924820;S
20241030;100842;719.2;50;11359924888;S
20241030;100842;719.2;1;11359924911;S
20241030;100842;719.2;1;11359924993;S
20241030;100842;719.6;35;11359925001;B
20241030;100842;719.8;19;11359925002;B
20241030;100842;720;46;11359925003;B
20241030;100843;719.2;1;11359925072;S
20241030;100843;719.4;1;11359925096;S
20241030;100843;719.4;1;11359925119;S
20241030;100844;719.2;20;11359925321;S
20241030;100845;719.4;1;11359925545;B
20241030;100845;719.6;1;11359925546;B
20241030;100845;719.6;1;11359925547;B
20241030;100845;719.6;1;11359925548;B
20241030;100845;719.6;1;11359925549;B
20241030;100845;719.6;1;11359925550;B
20241030;100846;719.8;15;11359925571;B
20241030;100846;720;34;11359925572;B
20241030;100846;720;25;11359925573;B
20241030;100846;720;42;11359925574;B
20241030;100846;720.4;100;11359925575;B
20241030;100846;721.4;5;11359925576;B
20241030;100846;720;1;11359925588;S
20241030;100846;720;1;11359925635;S
20241030;100846;720;5;11359925638;S
20241030;100847;720.4;1;11359925800;B
20241030;100847;721.4;9;11359925801;B
20241030;100847;721.6;28;11359925802;B
20241030;100847;721.6;7;11359925803;B
20241030;100847;721.8;33;11359925804;B
20241030;100847;722.2;22;11359925805;B
20241030;100850;720.2;1;11359926243;B
20241030;100850;721;1;11359926270;B
20241030;100850;721.6;3;11359926271;B
20241030;100850;721.6;1;11359926272;B
20241030;100850;721.8;11;11359926273;B
20241030;100851;720.6;1;11359926460;B
20241030;100852;720.4;1;11359926631;S
20241030;100852;720.4;33;11359926643;S
20241030;100852;720;41;11359926644;S
20241030;100852;719.8;26;11359926645;S
20241030;100853;720.4;5;11359926885;S
20241030;100853;720.4;1;11359926985;S
20241030;100853;720.4;20;11359926998;S
20241030;100854;720.4;100;11359927182;S
20241030;100855;720.4;174;11359927424;S
20241030;100855;720.2;20;11359927425;S
20241030;100855;720.2;9;11359927426;S
20241030;100855;720;20;11359927427;S
20241030;100855;720;141;11359927428;B
20241030;100857;719.8;1;11359927722;S
20241030;100857;719.8;1;11359927725;S
20241030;100857;719.8;100;11359927759;S
20241030;100857;719.6;300;11359927760;S
20241030;100857;720;3;11359927826;B
20241030;100857;719.6;1;11359927831;S
20241030;100857;719.6;1;11359927862;S
20241030;100858;719.8;1;11359928114;B
20241030;100858;720;4;11359928115;B
20241030;100859;719.6;192;11359928291;S
20241030;100859;719.6;308;11359928292;S
20241030;100900;719.6;100;11359928392;S
20241030;100900;719.8;1;11359928417;B
20241030;100900;719.8;1;11359928418;B
20241030;100900;719.8;1;11359928419;B
20241030;100900;720;22;11359928420;B
20241030;100900;719.6;92;11359928456;S
20241030;100900;719.6;408;11359928457;S
20241030;100901;719.6;1;11359928627;S
20241030;100901;719.6;91;11359928632;S
20241030;100901;719.6;9;11359928633;S
20241030;100901;719.6;27;11359928705;S
20241030;100902;719.6;464;11359928749;S
20241030;100902;719.6;5;11359928853;B
20241030;100904;719.4;1;11359929269;B
20241030;100904;719.4;1;11359929270;B
20241030;100904;719.4;48;11359929271;B
20241030;100905;719.2;1;11359929513;S
20241030;100906;719.2;2;11359929628;S
20241030;100906;719.4;1;11359929637;B
20241030;100906;719.6;31;11359929638;B
20241030;100906;719.8;1;11359929639;B
20241030;100906;719.8;1;11359929640;B
20241030;100906;720;16;11359929641;B
20241030;100906;719.2;1;11359929726;S
20241030;100907;719.2;1;11359929836;S
20241030;100908;719.2;1;11359929991;S
20241030;100908;719.2;15;11359929995;S
20241030;100908;719.2;1;11359930031;S
20241030;100908;719.2;1;11359930042;S
20241030;100908;719.2;1;11359930053;S
20241030;100908;719.2;1;11359930227;S
20241030;100909;719.2;1;11359930257;S
20241030;100909;719.2;1;11359930285;S
20241030;100909;719.2;1;11359930317;S
20241030;100909;719.2;1;11359930366;S
20241030;100909;719.2;1;11359930415;S
20241030;100910;719.2;1;11359930480;S
20241030;100910;719.2;1;11359930511;S
20241030;100910;719.2;1;11359930553;S
20241030;100910;719.2;1;11359930577;S
20241030;100910;719.2;1;11359930620;S
20241030;100910;719.2;1;11359930709;S
20241030;100910;719.4;1;11359930730;B
20241030;100910;719.4;1;11359930731;B
20241030;100910;719.4;1;11359930732;B
20241030;100910;719.4;5;11359930733;B
20241030;100911;719.4;1;11359930742;S
20241030;100911;719.4;1;11359930762;S
20241030;100911;719.4;1;11359930774;S
20241030;100911;719.4;1;11359930793;S
20241030;100911;719.4;1;11359930794;S
20241030;100911;719.6;1;11359930801;B
20241030;100911;719.4;1;11359930837;S
20241030;100911;719.4;1;11359930879;S
20241030;100912;719.4;1;11359930904;S
20241030;100912;719.4;1;11359930923;S
20241030;100912;719.4;1;11359930949;S
20241030;100912;719.4;5;11359930957;S
20241030;100912;719.4;1;11359931001;S
20241030;100913;719.4;1;11359931106;S
20241030;100913;719.4;1;11359931125;S
20241030;100913;719.4;1;11359931151;S
20241030;100913;719.4;1;11359931184;S
20241030;100913;719.4;1;11359931205;S
20241030;100913;719.4;1;11359931233;S
20241030;100913;719.4;1;11359931248;S
20241030;100915;719.2;1;11359931549;S
20241030;100915;719.2;1;11359931601;S
20241030;100915;719.2;1;11359931668;S
20241030;100916;719.2;1;11359931710;S
20241030;100916;719.2;1;11359931748;S
20241030;100916;719.4;1;11359931771;B
20241030;100916;719.4;1;11359931772;B
20241030;100916;719.4;1;11359931773;B
20241030;100916;719.6;1;11359931774;B
20241030;100916;719.8;1;11359931775;B
20241030;100916;719.8;15;11359931776;B
20241030;100916;719.2;1;11359931794;S
20241030;100916;719.2;1;11359931822;S
20241030;100916;719.2;1;11359931920;S
20241030;100916;719.2;1;11359931936;S
20241030;100917;719.2;1;11359931954;S
20241030;100917;719.4;1;11359931975;B
20241030;100917;719.4;35;11359932037;S
20241030;100917;719.6;1;11359932039;B
20241030;100917;720;89;11359932040;B
20241030;100918;719.4;115;11359932122;S
20241030;100918;719.2;72;11359932123;S
20241030;100918;719.2;50;11359932124;S
20241030;100918;719;26;11359932125;S
20241030;100918;718.8;5;11359932126;S
20241030;100918;718.8;28;11359932127;S
20241030;100918;718.6;20;11359932128;S
20241030;100919;718.4;1;11359932418;S
20241030;100920;718.4;1;11359932537;S
20241030;100920;718.4;1;11359932614;S
20241030;100920;718.4;7;11359932787;S
20241030;100920;718.4;1;11359932788;S
20241030;100920;718.2;1;11359932802;S
20241030;100921;718.2;49;11359932877;S
20241030;100921;718;2;11359932878;S
20241030;100921;718;31;11359932879;S
20241030;100921;717.8;18;11359932880;S
20241030;100921;717.8;1;11359933005;S
20241030;100922;717.8;1;11359933047;S
20241030;100922;717.8;1;11359933075;S
20241030;100922;717.6;1;11359933144;S
20241030;100922;717.6;1;11359933234;S
20241030;100923;717.8;1;11359933296;B
20241030;100923;717.8;1;11359933357;S
20241030;100924;717.6;1;11359933393;S
20241030;100924;718;1;11359933434;B
20241030;100924;718;1;11359933435;B
20241030;100924;718;1;11359933436;B
20241030;100924;718.4;1;11359933437;B
20241030;100924;718.4;19;11359933438;B
20241030;100924;718.6;26;11359933439;B
20241030;100924;718.6;19;11359933440;B
20241030;100924;719.2;10;11359933441;B
20241030;100924;719.4;16;11359933442;B
20241030;100924;719.6;6;11359933443;B
20241030;100925;717.8;1;11359933668;S
20241030;100926;718;1;11359933784;S
20241030;100927;718;4;11359933984;S
20241030;100927;718;36;11359933985;S
20241030;100928;718;1;11359934243;S
20241030;100929;718.2;1;11359934369;B
20241030;100929;718.6;1;11359934469;B
20241030;100929;718.6;2;11359934470;B
20241030;100930;718;128;11359934618;S
20241030;100930;718;50;11359934619;S
20241030;100930;718;5;11359934620;S
20241030;100930;717.8;15;11359934621;S
20241030;100930;717.6;77;11359934622;S
20241030;100931;717.6;1;11359934820;S
20241030;100932;717.8;1;11359935108;B
20241030;100933;717.6;7;11359935115;S
20241030;100933;717.6;15;11359935161;S
20241030;100933;717.6;50;11359935162;S
20241030;100933;717.4;5;11359935163;S
20241030;100935;717.4;1;11359935595;S
20241030;100936;717.4;1;11359935701;S
20241030;100937;717.6;1;11359935828;B
20241030;100937;717.4;1;11359935829;S
20241030;100937;717.8;1;11359935877;B
20241030;100937;718;1;11359935878;B
20241030;100937;718.2;1;11359935879;B
20241030;100937;718.2;1;11359935880;B
20241030;100937;718.2;13;11359935881;B
20241030;100937;718.4;26;11359935882;B
20241030;100937;718.4;7;11359935883;B
20241030;100937;717.6;1;11359935927;S
20241030;100937;717.6;1;11359935928;S
20241030;100939;717.8;1;11359936114;S
20241030;100939;717.8;17;11359936230;S
20241030;100940;717.8;1;11359936310;S
20241030;100941;718;1;11359936499;B
20241030;100941;718;1;11359936500;B
20241030;100941;718.2;1;11359936501;B
20241030;100941;718.4;1;11359936502;B
20241030;100941;718.4;1;11359936503;B
20241030;100941;718.8;1;11359936504;B
20241030;100941;719;11;11359936505;B
20241030;100941;719;3;11359936506;B
20241030;100941;717.8;1;11359936558;S
20241030;100942;718;1;11359936813;B
20241030;100942;718.2;1;11359936814;B
20241030;100944;718;1;11359937141;B
20241030;100947;718;1;11359938190;B
20241030;100947;718.2;1;11359938191;B
20241030;100947;718.4;1;11359938192;B
20241030;100947;718.8;1;11359938193;B
20241030;100947;719;2;11359938194;B
20241030;100947;719.2;1;11359938195;B
20241030;100947;719.2;20;11359938196;B
20241030;100947;719.2;3;11359938197;B
20241030;100949;718.4;1;11359938485;B
20241030;100949;719;10;11359938486;B
20241030;100949;719;50;11359938487;B
20241030;100949;719.2;9;11359938488;B
20241030;100949;718;1;11359938674;S
20241030;100951;718;1;11359938921;S
20241030;100951;718.2;1;11359939046;B
20241030;100951;718.4;1;11359939054;B
20241030;100952;718;1;11359939075;S
20241030;100952;718;1;11359939185;S
20241030;100953;718;1;11359939424;S
20241030;100954;718;1;11359939541;S
20241030;100954;718;1;11359939679;S
20241030;100955;718;1;11359939833;S
20241030;100955;718;1;11359939873;S
20241030;100955;718;1;11359939917;S
20241030;100955;718;1;11359939938;S
20241030;100955;718;1;11359939989;S
20241030;100956;718;1;11359940040;S
20241030;100956;718;1;11359940091;S
20241030;100956;718;50;11359940097;S
20241030;100956;717.8;30;11359940098;S
20241030;100956;717.4;26;11359940099;S
20241030;100956;717.4;50;11359940100;S
20241030;100956;717;44;11359940101;S
20241030;100957;717;6;11359940320;S
20241030;100957;716.8;14;11359940321;S
20241030;100957;716.8;30;11359940322;S
20241030;100958;717;1;11359940596;B
20241030;100958;717;1;11359940597;B
20241030;100959;716.8;10;11359940698;S
20241030;101002;716.8;10;11359941458;S
20241030;101005;717;1;11359942244;B
20241030;101005;717.4;1;11359942245;B
20241030;101005;717.6;6;11359942246;B
20241030;101005;717.8;16;11359942247;B
20241030;101005;717.8;5;11359942248;B
20241030;101005;718;1;11359942249;B
20241030;101005;718;26;11359942250;B
20241030;101006;718.4;4;11359942525;B
20241030;101006;718.4;25;11359942526;B
20241030;101006;718.6;1;11359942546;S
20241030;101007;718.6;1;11359942557;S
20241030;101007;719.2;53;11359942591;B
20241030;101008;718.6;1;11359942887;B
20241030;101009;719.2;1;11359942970;B
20241030;101011;718.2;1;11359943291;B
20241030;101018;718.2;2;11359944425;S
20241030;101018;718.2;13;11359944426;S
20241030;101019;718.4;1;11359944656;B
20241030;101019;718.8;13;11359944657;B
20241030;101019;719;13;11359944658;B
20241030;101019;719;20;11359944659;B
20241030;101019;719;5;11359944660;B
20241030;101019;719.2;37;11359944661;B
20241030;101019;719.2;3;11359944662;B
20241030;101019;719.6;368;11359944663;B
20241030;101025;718.8;9;11359945781;S
20241030;101027;718.4;1;11359946125;S
20241030;101027;718.4;1;11359946175;S
20241030;101028;718.4;1;11359946206;S
20241030;101030;718.2;1;11359946713;S
20241030;101030;718.2;1;11359946811;S
20241030;101030;718.2;1;11359946914;S
20241030;101031;718;1;11359947023;S
20241030;101032;718.2;1;11359947107;B
20241030;101034;718;100;11359947427;S
20241030;101035;718.2;1;11359947506;B
20241030;101037;718.2;99;11359947744;S
20241030;101037;718;201;11359947745;S
20241030;101037;718.4;1;11359947836;B
20241030;101037;718.4;9;11359947837;B
20241030;101037;718;1;11359947844;S
20241030;101041;718;1;11359948389;S
20241030;101041;718;2;11359948469;S
20241030;101042;718;10;11359948513;S
20241030;101043;718.2;1;11359948696;B
20241030;101044;718.2;1;11359948803;S
20241030;101044;718.6;1;11359948960;B
20241030;101044;718.6;1;11359948961;B
20241030;101044;718.6;25;11359948962;B
20241030;101048;718;10;11359949470;S
20241030;101050;718.2;1;11359949769;B
20241030;101051;718.6;1;11359949980;B
20241030;101055;718.2;1;11359950595;B
20241030;101055;718.6;15;11359950596;B
20241030;101055;718.6;18;11359950597;B
20241030;101055;718.8;20;11359950598;B
20241030;101055;718.8;18;11359950599;B
20241030;101055;719;1928;11359950600;B
20241030;101055;719;72;11359950662;B
20241030;101055;719.6;5;11359950663;B
20241030;101055;719.6;19;11359950664;B
20241030;101055;719.8;1;11359950665;B
20241030;101055;719.8;148;11359950666;B
20241030;101056;718.4;1;11359950722;S
20241030;101056;720;70;11359950742;B
20241030;101056;719;1;11359950830;B
20241030;101058;718.8;1;11359951101;S
20241030;101101;719.8;1;11359951594;B
20241030;101101;720;41;11359951595;B
20241030;101101;720;100;11359951596;B
20241030;101101;720;1;11359951597;B
20241030;101101;720;30;11359951598;B
20241030;101101;720;3;11359951599;B
20241030;101101;720;2;11359951600;B
20241030;101101;720;14;11359951601;B
20241030;101101;720;2;11359951602;B
20241030;101103;720.4;6;11359951962;B
20241030;101108;719.4;1;11359952734;S
20241030;101111;719;1;11359953155;B
20241030;101112;719;1;11359953426;B
20241030;101113;719;1;11359953513;B
20241030;101114;719.4;1;11359953602;B
20241030;101114;719.8;17;11359953603;B
20241030;101114;720;5;11359953604;B
20241030;101114;718.8;1;11359953607;S
20241030;101115;719;1;11359953680;B
20241030;101118;719;1;11359954041;B
20241030;101119;719.4;1;11359954213;B
20241030;101119;719.6;1;11359954214;B
20241030;101133;719.2;1;11359956796;B
20241030;101134;719.2;1;11359956999;S
20241030;101134;719.2;1;11359957045;S
20241030;101134;719.2;1;11359957069;S
20241030;101134;719.2;1;11359957087;S
20241030;101138;719.4;1;11359957770;B
20241030;101139;719.4;1;11359957989;S
20241030;101143;719.4;1;11359958596;B
20241030;101143;719.4;7;11359958597;B
20241030;101143;719.6;5;11359958598;B
20241030;101143;719.6;20;11359958599;B
20241030;101143;719.6;1;11359958600;B
20241030;101143;719.6;2;11359958636;B
20241030;101143;719.6;15;11359958637;B
20241030;101143;719.8;16;11359958638;B
20241030;101144;719.8;3;11359958855;B
20241030;101146;719.4;1;11359959242;B
20241030;101146;719.6;1;11359959243;B
20241030;101146;719.6;7;11359959244;B
20241030;101146;719.8;6;11359959245;B
20241030;101146;719.8;5;11359959246;B
20241030;101146;719.8;7;11359959247;B
20241030;101146;720;25;11359959248;B
20241030;101146;720;4;11359959249;B
20241030;101149;720.4;4;11359959903;B
20241030;101149;720.4;1;11359959904;B
20241030;101149;720.4;12;11359959905;B
20241030;101149;720.6;100;11359959906;B
20241030;101149;720.6;12;11359959907;B
20241030;101149;720.8;5;11359959908;B
20241030;101149;721;2;11359959909;B
20241030;101149;721;5;11359959910;S
20241030;101149;720.2;11;11359959927;S
20241030;101149;720.2;26;11359959928;S
20241030;101149;720;60;11359959929;S
20241030;101157;720;4;11359961454;S
20241030;101202;720;1;11359962282;S
20241030;101204;720;50;11359962585;S
20241030;101212;720;1;11359963928;S
20241030;101214;720;1;11359964351;S
20241030;101217;720;1;11359964915;S
20241030;101218;720.2;5;11359965044;B
20241030;101218;720.2;1;11359965045;B
20241030;101218;720.6;14;11359965046;B
20241030;101220;720;10;11359965694;S
20241030;101230;720.2;20;11359967390;S
20241030;101235;720.2;10;11359968091;S
20241030;101239;720.2;25;11359969021;S
20241030;101240;720.2;17;11359969113;S
20241030;101243;720.8;1;11359969669;B
20241030;101247;720.6;1;11359970382;B
20241030;101254;720.2;1;11359971815;S
20241030;101254;720.2;2;11359971839;S
20241030;101256;720.4;100;11359972338;S
20241030;101303;720.2;10;11359973830;S
20241030;101306;720.2;35;11359974572;S
20241030;101306;720;116;11359974573;S
20241030;101306;720;254;11359974574;S
20241030;101309;720;446;11359975246;S
20241030;101313;719.2;3;11359976006;S
20241030;101323;719.8;1;11359978021;B
20241030;101323;719.8;40;11359978022;B
20241030;101323;720;54;11359978023;B
20241030;101323;720;5;11359978024;B
20241030;101324;719.2;96;11359978146;S
20241030;101325;719.2;4;11359978350;B
20241030;101325;719.2;15;11359978351;B
20241030;101326;720;2;11359978603;B
20241030;101331;719.2;3;11359979501;S
20241030;101332;720;13;11359979537;B
20241030;101332;720;87;11359979538;B
20241030;101339;719.2;17;11359980792;S
20241030;101339;719;100;11359980793;S
20241030;101339;719;33;11359980794;S
20241030;101339;719;24;11359980795;S
20241030;101339;719;17;11359980796;S
20241030;101339;718.8;16;11359980797;S
20241030;101339;718.8;40;11359980798;S
20241030;101339;718.6;1;11359980799;S
20241030;101339;717.8;6;11359980800;S
20241030;101339;717.6;10;11359980801;S
20241030;101339;717.6;5;11359980802;S
20241030;101339;717.4;331;11359980803;S
20241030;101342;717;5;11359981142;S
20241030;101342;716.8;2;11359981143;S
20241030;101342;716.8;18;11359981144;S
20241030;101342;716.8;10;11359981145;S
20241030;101342;716.8;40;11359981146;S
20241030;101342;716.6;5;11359981147;S
20241030;101342;716.6;10;11359981148;S
20241030;101342;716.6;60;11359981149;S
20241030;101342;717.8;2;11359981180;B
20241030;101343;717;1;11359981257;S
20241030;101343;716.6;5;11359981258;S
20241030;101343;716.6;4;11359981259;S
20241030;101404;718;1;11359984564;B
20241030;101423;717.4;8;11359987214;S
20241030;101433;717.8;18;11359988616;B
20241030;101433;717.8;14;11359988617;B
20241030;101433;717.8;50;11359988618;B
20241030;101433;718;1;11359988619;B
20241030;101433;718;10;11359988620;B
20241030;101433;718;1;11359988621;B
20241030;101433;718;500;11359988622;B
20241030;101433;718.2;40;11359988623;B
20241030;101433;718.2;120;11359988624;B
20241030;101434;718.2;8;11359988961;S
20241030;101436;719;1;11359989215;B
20241030;101440;719;4;11359989877;B
20241030;101442;719.4;10;11359990221;B
20241030;101448;720;1;11359991196;B
20241030;101450;719.6;5;11359991461;S
20241030;101458;719.2;8;11359992825;S
20241030;101519;718.4;10;11359996814;S
20241030;101522;718.8;9;11359997717;B
20241030;101522;718.8;21;11359997718;B
20241030;101526;718.4;1;11359998509;S
20241030;101530;718.4;7;11359999431;S
20241030;101531;718.4;30;11359999609;S
20241030;101532;718.4;52;11359999862;S
20241030;101532;718;1;11359999863;S
20241030;101538;718.4;15;11360001404;B
20241030;101539;718;17;11360001531;S
20241030;101543;718.4;1;11360002471;B
20241030;101551;718;1;11360004232;S
20241030;101552;718.4;1;11360004408;B
20241030;101600;718;44;11360005985;S
20241030;101602;718;1;11360006594;S
20241030;101609;718;92;11360007693;S
20241030;101618;717.4;10;11360009107;S
20241030;101618;717.2;12;11360009108;S
20241030;101618;717.2;14;11360009109;S
20241030;101622;717.2;96;11360009678;B
20241030;101627;717.2;18;11360010612;B
20241030;101627;717.2;13;11360010613;B
20241030;101627;717.4;13;11360010614;B
20241030;101627;717.6;6;11360010615;B
20241030;101628;717.2;8;11360010791;S
20241030;101628;717.2;30;11360010792;S
20241030;101628;717;10;11360010793;S
20241030;101628;717;10;11360010794;S
20241030;101628;717;40;11360010795;S
20241030;101628;716.8;50;11360010796;S
20241030;101628;716.8;119;11360010797;S
20241030;101635;716.4;1;11360012244;S
20241030;101635;716.4;36;11360012245;S
20241030;101636;716.4;50;11360012610;S
20241030;101643;716.4;20;11360014484;S
20241030;101643;716.2;46;11360014485;S
20241030;101643;716.2;314;11360014486;S
20241030;101643;716.2;24;11360014487;S
20241030;101643;716;100;11360014488;S
20241030;101643;716;50;11360014489;S
20241030;101643;716;40;11360014490;S
20241030;101643;716;23;11360014491;S
20241030;101643;715.8;6;11360014590;S
20241030;101643;715.6;2;11360014591;S
20241030;101643;715.6;1;11360014592;S
20241030;101643;715.4;15;11360014593;S
20241030;101643;715.4;28;11360014594;S
20241030;101643;715.4;48;11360014595;S
20241030;101644;715.2;100;11360014701;S
20241030;101651;715.6;1;11360015971;S
20241030;101654;715.8;6;11360016482;B
20241030;101704;715.6;16;11360017784;S
20241030;101704;715.6;6;11360017785;S
20241030;101710;715.8;85;11360018763;B
20241030;101710;715.6;17;11360018769;S
20241030;101710;715.6;12;11360018830;S
20241030;101716;715.6;40;11360019501;S
20241030;101720;715.6;1;11360020181;S
20241030;101720;715.6;1;11360020235;S
20241030;101720;715.4;1;11360020236;S
20241030;101725;715.4;10;11360020994;S
20241030;101725;715.2;1;11360020995;S
20241030;101728;715.4;19;11360021429;S
20241030;101734;715.2;108;11360022286;S
20241030;101734;715.4;1;11360022322;B
20241030;101734;715.2;233;11360022379;S
20241030;101734;715.2;1;11360022380;S
20241030;101734;715.2;2;11360022381;S
20241030;101734;715.2;251;11360022382;S
20241030;101734;715.2;24;11360022383;S
20241030;101734;715;100;11360022384;S
20241030;101734;715;25;11360022385;S
20241030;101734;715;250;11360022386;S
20241030;101734;715;50;11360022387;S
20241030;101734;715;64;11360022388;S
20241030;101746;715.4;10;11360024000;B
20241030;101808;715.4;5;11360027823;B
20241030;101815;715;209;11360029180;S
20241030;101818;715;7;11360029609;S
20241030;101819;715.2;5;11360029770;B
20241030;101825;715;20;11360030861;S
20241030;101825;715;80;11360030862;S
20241030;101826;715;1;11360030922;S
20241030;101828;715;19;11360031209;S
20241030;101828;715;1;11360031210;S
20241030;101835;714.6;1;11360032326;S
20241030;101836;714;10;11360032397;S
20241030;101836;714.4;6;11360032481;B
20241030;101836;714.4;23;11360032482;B
20241030;101836;714.6;19;11360032483;B
20241030;101839;713.8;1;11360033007;S
20241030;101842;713.6;1;11360033414;S
20241030;101842;713.6;12;11360033415;S
20241030;101844;713.6;38;11360033799;S
20241030;101844;713.6;16;11360033800;S
20241030;101844;713.6;1;11360033801;S
20241030;101844;713.4;40;11360033802;S
20241030;101844;713.2;35;11360033803;S
20241030;101844;713;20;11360033804;S
20241030;101845;713;6;11360033935;S
20241030;101845;713;7;11360033936;S
20241030;101847;713;80;11360034237;S
20241030;101851;713.2;15;11360035073;S
20241030;101851;713.2;5;11360035074;S
20241030;101852;713;10;11360035268;S
20241030;101856;713;10;11360036087;S
20241030;101857;713.2;14;11360036321;S
20241030;101857;713.2;40;11360036322;S
20241030;101857;713;71;11360036323;S
20241030;101857;713;25;11360036324;S
20241030;101857;713.6;1;11360036426;B
20241030;101912;713;13;11360039750;S
20241030;101918;713.2;142;11360040892;S
20241030;101918;713.2;40;11360040893;S
20241030;101924;713;1;11360042007;S
20241030;101926;713.2;47;11360042412;B
20241030;101927;713.2;25;11360042695;B
20241030;101928;713.2;25;11360042817;B
20241030;101929;713.2;421;11360042829;B
20241030;101929;713.2;1;11360042830;B
20241030;101929;713.2;200;11360042831;B
20241030;101929;713.2;38;11360042832;B
20241030;101930;713.6;50;11360043007;B
20241030;101932;713.6;2;11360043378;B
20241030;101939;713.6;195;11360044679;B
20241030;101939;713.6;1;11360044680;B
20241030;101939;713.6;3;11360044681;B
20241030;101939;713.6;35;11360044682;B
20241030;101944;713.6;10;11360045367;S
20241030;101947;713.6;1;11360045913;S
20241030;101948;713.8;2;11360046108;B
20241030;101954;713.8;14;11360046893;B
20241030;101954;713.8;25;11360046894;B
20241030;102002;714;1;11360048173;B
20241030;102003;714;2;11360048213;B
20241030;102009;713.8;1;11360049224;S
20241030;102016;713.8;17;11360050494;B
20241030;102016;713.8;15;11360050495;B
20241030;102016;714;7;11360050496;B
20241030;102016;714;15;11360050497;B
20241030;102023;714.4;1;11360053794;B
20241030;102032;714.4;4;11360059386;B
20241030;102032;714.4;40;11360059387;B
20241030;102032;714.4;17;11360059388;B
20241030;102033;714.4;23;11360059410;S
20241030;102035;714.6;1;11360060785;B
20241030;102035;714.6;21;11360060786;B
20241030;102052;714.6;19;11360071464;B
20241030;102052;714.6;16;11360071465;B
20241030;102052;714.6;1;11360071466;B
20241030;102052;714.8;16;11360071467;B
20241030;102052;714.8;48;11360071468;B
20241030;102055;714.8;2;11360073139;B
20241030;102056;714.6;22;11360073738;S
20241030;102106;714.6;69;11360080257;S
20241030;102106;714.6;42;11360080279;S
20241030;102114;715;2;11360085757;B
20241030;102115;715;58;11360086048;B
20241030;102124;715;51;11360091316;B
20241030;102132;715;69;11360092753;B
20241030;102132;715;3;11360092754;B
20241030;102132;715;5;11360092755;B
20241030;102132;715;23;11360092756;B
20241030;102132;714.8;9;11360092782;S
20241030;102137;714.8;10;11360093724;S
20241030;102138;715;50;11360093897;B
20241030;102138;715;40;11360093898;B
20241030;102138;715.2;28;11360093899;B
20241030;102138;715.2;32;11360093900;B
20241030;102139;714.8;17;11360094121;S
20241030;102139;714.8;2;11360094243;S
20241030;102139;714.6;117;11360094244;S
20241030;102139;714.4;16;11360094245;S
20241030;102139;714.4;1;11360094246;S
20241030;102139;714.4;26;11360094247;S
20241030;102139;714.4;16;11360094248;S
20241030;102139;714.2;500;11360094249;S
20241030;102139;714.2;40;11360094250;S
20241030;102139;714.2;16;11360094251;S
20241030;102139;714;100;11360094252;S
20241030;102139;714;5;11360094253;S
20241030;102142;713.8;10;11360094581;S
20241030;102142;713.6;1;11360094582;S
20241030;102142;713.4;25;11360094583;S
20241030;102142;713.4;15;11360094584;S
20241030;102143;713.8;17;11360094837;B
20241030;102150;713.8;100;11360095930;S
20241030;102151;713.8;33;11360096141;S
20241030;102151;713.8;5;11360096142;S
20241030;102151;713.6;13;11360096143;S
20241030;102156;713.4;51;11360097118;S
20241030;102158;713.6;1;11360097515;B
20241030;102159;714;161;11360097703;B
20241030;102159;714;26;11360097704;B
20241030;102159;714;40;11360097705;B
20241030;102159;714.2;14;11360097706;B
20241030;102159;715;50;11360097707;B
20241030;102159;715;396;11360097708;B
20241030;102159;715;311;11360097709;B
20241030;102202;714.2;30;11360098307;S
20241030;102202;714;21;11360098308;S
20241030;102222;714;50;11360101330;S
20241030;102222;714;52;11360101331;S
20241030;102237;714.4;1;11360103417;S
20241030;102237;714;29;11360103418;S
20241030;102307;714.2;2;11360107714;S
20241030;102307;714.2;19;11360107715;S
20241030;102309;714.2;1;11360108143;S
20241030;102309;714.2;16;11360108144;S
20241030;102312;714.4;1;11360108681;S
20241030;102312;714.4;1;11360108694;S
20241030;102312;714.2;49;11360108695;S
20241030;102331;714.4;1;11360111676;S
20241030;102331;714.4;4;11360111677;S
20241030;102335;714.4;20;11360112265;S
20241030;102338;714.6;28;11360112751;B
20241030;102338;715;1;11360112946;B
20241030;102338;715;14;11360112947;B
20241030;102354;714.6;1;11360115280;S
20241030;102356;714.6;5;11360115426;S
20241030;102359;714.6;10;11360115777;S
20241030;102401;714.8;31;11360116059;B
20241030;102401;715;15;11360116060;B
20241030;102401;715;50;11360116061;B
20241030;102401;715;4;11360116062;B
20241030;102407;715;25;11360116790;B
20241030;102413;714.8;13;11360117506;S
20241030;102413;714.6;8;11360117507;S
20241030;102419;714.8;10;11360118171;B
20241030;102425;715;21;11360118992;B
20241030;102425;715.4;1;11360118993;B
20241030;102425;715.4;5;11360118994;B
20241030;102434;715;12;11360120364;S
20241030;102434;714.8;8;11360120365;S
20241030;102436;715.4;20;11360120677;B
20241030;102436;715.4;1;11360120678;B
20241030;102436;715.4;25;11360120679;B
20241030;102436;715.4;12;11360120680;B
20241030;102436;715.4;40;11360120681;B
20241030;102436;715.6;20;11360120682;B
20241030;102436;715.6;1;11360120683;B
20241030;102436;715.6;25;11360120684;B
20241030;102436;715.6;12;11360120685;B
20241030;102439;715.6;17;11360121083;S
20241030;102441;715.6;25;11360121380;S
20241030;102442;715.6;2;11360121573;S
20241030;102445;715.6;1;11360121879;B
20241030;102521;715.2;1;11360127172;B
20241030;102521;715.4;50;11360127173;B
20241030;102521;715.4;1;11360127174;B
20241030;102521;715.4;40;11360127175;B
20241030;102521;715.6;40;11360127176;B
20241030;102521;715.8;1;11360127177;B
20241030;102521;715.8;3;11360127178;B
20241030;102521;715.8;1;11360127179;B
20241030;102521;716;2;11360127180;B
20241030;102526;716;381;11360127945;B
20241030;102526;716;15;11360127946;B
20241030;102526;716;1;11360127947;B
20241030;102526;716;1;11360127948;B
20241030;102526;716;40;11360127949;B
20241030;102526;716.2;50;11360127950;B
20241030;102526;716.4;20;11360127951;B
20241030;102526;716.4;5;11360127952;B
20241030;102526;716.6;10;11360127953;B
20241030;102526;716.8;206;11360127954;B
20241030;102539;716.6;15;11360131013;B
20241030;102552;716;6;11360132887;S
20241030;102555;715.6;1;11360133499;S
20241030;102557;715.2;1;11360133747;S
20241030;102559;715.6;49;11360133942;B
20241030;102559;715.6;40;11360133943;B
20241030;102559;715.8;142;11360133944;B
20241030;102559;715.8;140;11360133945;B
20241030;102559;716;136;11360133946;B
20241030;102601;716;912;11360134254;B
20241030;102602;715.2;2;11360134372;S
20241030;102602;715.2;26;11360134373;S
20241030;102602;715;7;11360134374;S
20241030;102616;715.2;1;11360136622;B
20241030;102619;714.8;30;11360137092;S
20241030;102637;714.6;2;11360139664;S
20241030;102642;714.6;1;11360140204;S
20241030;102646;714.8;23;11360140544;B
20241030;102646;714.8;27;11360140545;B
20241030;102706;714.8;173;11360143111;B
20241030;102706;714.8;20;11360143112;B
20241030;102706;715;40;11360143113;B
20241030;102706;715;6;11360143114;B
20241030;102706;715.2;15;11360143115;B
20241030;102706;715.4;18;11360143116;B
20241030;102706;715.8;26;11360143117;B
20241030;102706;716.4;2;11360143118;B
20241030;102706;716.4;114;11360143119;B
20241030;102706;716.6;139;11360143120;B
20241030;102706;716.8;27;11360143121;B
20241030;102706;716.8;1;11360143122;B
20241030;102706;716.8;15;11360143123;B
20241030;102706;716.8;1;11360143124;B
20241030;102706;716.8;1;11360143125;B
20241030;102706;717;300;11360143126;B
20241030;102706;717;5;11360143127;B
20241030;102706;717;1;11360143128;B
20241030;102706;717;1;11360143129;B
20241030;102706;717;100;11360143130;B
20241030;102706;717;2;11360143131;B
20241030;102706;717.6;1;11360143132;B
20241030;102706;717.6;10;11360143133;B
20241030;102706;717.8;5;11360143134;B
20241030;102706;718;10;11360143135;B
20241030;102706;718;2;11360143136;B
20241030;102706;718;20;11360143137;B
20241030;102706;718;20;11360143138;B
20241030;102706;718;1;11360143139;B
20241030;102706;718;5;11360143140;B
20241030;102706;718;2;11360143141;B
20241030;102706;718;24;11360143142;B
20241030;102706;718.4;3;11360143143;B
20241030;102706;718.4;2;11360143144;B
20241030;102706;718.4;28;11360143145;B
20241030;102706;718.6;1;11360143146;B
20241030;102706;718.6;1;11360143147;B
20241030;102706;718.6;91;11360143148;B
20241030;102706;718.8;396;11360143149;B
20241030;102706;719;5;11360143150;B
20241030;102706;719;173;11360143151;B
20241030;102706;719;20;11360143152;B
20241030;102706;719;5;11360143153;B
20241030;102706;719;37;11360143154;B
20241030;102706;715.4;1;11360143211;S
20241030;102735;716.2;120;11360147241;S
20241030;102735;716.2;40;11360147242;S
20241030;102735;716;22;11360147243;S
20241030;102735;715.8;28;11360147244;S
20241030;102735;715.8;22;11360147245;S
20241030;102735;715.6;68;11360147246;S
20241030;102736;716;115;11360147338;S
20241030;102748;714.8;50;11360149174;S
20241030;102752;715.4;1;11360149701;B
20241030;102805;715;1;11360151297;B
20241030;102805;715.4;16;11360151298;B
20241030;102805;715.4;27;11360151299;B
20241030;102805;715.6;10;11360151300;B
20241030;102819;715.4;20;11360153158;B
20241030;102819;715.4;40;11360153159;B
20241030;102819;715.4;17;11360153160;B
20241030;102823;715.4;25;11360153554;S
20241030;102834;715.4;1;11360154990;S
20241030;102839;715.4;5;11360155699;S
20241030;102842;715.8;1;11360156167;B
20241030;102842;716;205;11360156168;B
20241030;102844;716;680;11360156574;B
20241030;102844;716;20;11360156575;B
20241030;102844;716;1;11360156576;B
20241030;102854;716.4;5;11360158476;S
20241030;102901;716.4;18;11360159698;S
20241030;102901;716.4;40;11360159699;S
20241030;102901;716.2;18;11360159700;S
20241030;102901;716;47;11360159701;S
20241030;102901;716;169;11360159702;S
20241030;102901;716;504;11360159703;B
20241030;102905;716.4;2;11360160233;S
20241030;102909;716.6;5;11360160992;S
20241030;102909;716.6;12;11360160993;S
20241030;102910;716.4;25;11360161113;S
20241030;102938;717;10;11360165137;B
20241030;102938;717;100;11360165138;B
20241030;102938;717;10;11360165139;B
20241030;102938;717;10;11360165140;B
20241030;102956;717;1;11360167962;S
20241030;102957;717;5;11360168217;S
20241030;103012;717.2;2;11360171091;S
20241030;103012;717;2;11360171092;S
20241030;103039;717;17;11360175985;S
20241030;103041;717;100;11360176376;S
20241030;103046;717;50;11360177027;S
20241030;103046;717;2;11360177175;S
20241030;103056;717;1;11360178469;S
20241030;103111;717;1;11360179982;S
20241030;103113;717;191;11360180291;S
20241030;103113;716.8;13;11360180292;S
20241030;103113;716.8;40;11360180293;S
20241030;103113;716.6;13;11360180294;S
20241030;103126;716.4;25;11360182252;S
20241030;103131;716.6;15;11360183220;B
20241030;103131;716.6;1;11360183281;B
20241030;103131;716.6;127;11360183282;B
20241030;103132;716.8;19;11360183550;S
20241030;103134;716.8;21;11360183881;S
20241030;103134;716.8;4;11360183882;S
20241030;103135;716.4;1;11360184075;S
20241030;103141;716.8;40;11360185038;B
20241030;103141;717;5;11360185039;B
20241030;103141;717;10;11360185040;B
20241030;103141;717.2;50;11360185041;B
20241030;103141;717.2;61;11360185042;B
20241030;103141;717.2;10;11360185043;B
20241030;103142;717.2;25;11360185197;S
20241030;103144;717.2;18;11360185435;S
20241030;103149;717.2;100;11360186319;S
20241030;103151;717.2;1;11360186671;S
20241030;103154;717.4;1;11360187473;B
20241030;103204;717.2;100;11360189259;S
20241030;103207;717.2;80;11360189857;S
20241030;103210;717;18;11360190182;S
20241030;103211;717.2;20;11360190447;B
20241030;103211;717.2;15;11360190448;B
20241030;103211;717.2;25;11360190449;B
20241030;103211;717.4;49;11360190450;B
20241030;103211;717.4;25;11360190451;B
20241030;103211;717.4;10;11360190452;B
20241030;103211;717.4;1;11360190453;B
20241030;103211;717.4;14;11360190454;B
20241030;103211;717.4;30;11360190455;B
20241030;103211;717.4;40;11360190456;B
20241030;103211;717.4;10;11360190457;B
20241030;103211;717.6;1;11360190458;B
20241030;103211;717.6;5;11360190459;B
20241030;103211;717.6;25;11360190460;B
20241030;103218;717.8;2;11360191326;B
20241030;103218;717.8;15;11360191327;B
20241030;103218;718;1;11360191328;B
20241030;103218;718;3;11360191329;B
20241030;103218;718;26;11360191330;B
20241030;103219;717.6;2;11360191467;S
20241030;103226;718;34;11360192378;B
20241030;103238;718;40;11360194054;B
20241030;103238;718;2;11360194055;B
20241030;103238;718;5;11360194056;B
20241030;103238;718;10;11360194057;B
20241030;103238;718;15;11360194058;B
20241030;103238;718;1;11360194059;B
20241030;103238;718;40;11360194060;B
20241030;103241;718;50;11360194768;S
20241030;103251;718;89;11360196541;S
20241030;103251;718;50;11360196574;S
20241030;103251;718;5;11360196597;S
20241030;103255;718;1;11360197206;S
20241030;103259;718;92;11360197858;S
20241030;103259;718;8;11360197859;S
20241030;103302;718;1;11360198271;S
20241030;103306;718;200;11360198786;S
20241030;103311;718;23;11360199814;S
20241030;103311;718;100;11360199815;S
20241030;103312;717.8;12;11360199949;B
20241030;103312;717.8;28;11360199950;B
20241030;103323;717.6;33;11360202809;S
20241030;103324;717.8;9;11360203066;B
20241030;103324;717.8;40;11360203067;B
20241030;103324;718;1;11360203068;B
20241030;103324;717.6;18;11360203069;S
20241030;103327;717.6;1;11360203795;S
20241030;103328;717.6;100;11360203868;S
20241030;103333;717.6;76;11360205017;S
20241030;103333;717.2;24;11360205018;S
20241030;103334;717.8;11;11360205047;B
20241030;103346;716.6;17;11360207358;B
20241030;103346;716.6;40;11360207359;B
20241030;103346;716.6;7;11360207360;B
20241030;103346;716.8;7;11360207361;B
20241030;103346;717.2;13;11360207362;B
20241030;103346;717.6;5;11360207363;B
20241030;103346;717.8;2;11360207364;B
20241030;103346;717.8;120;11360207365;B
20241030;103346;717.8;50;11360207366;B
20241030;103346;718;39;11360207367;B
20241030;103351;717;26;11360208124;S
20241030;103351;716.8;10;11360208125;S
20241030;103351;716.8;50;11360208126;S
20241030;103351;716.6;40;11360208127;S
20241030;103351;716.2;2;11360208128;S
20241030;103351;715.8;2;11360208129;S
20241030;103351;715.8;370;11360208130;S
20241030;103416;715.6;2;11360211585;S
20241030;103425;715.6;12;11360212806;S
20241030;103433;715.8;2;11360213645;B
20241030;103447;715.8;1;11360215360;S
20241030;103447;715.8;11;11360215361;S
20241030;103447;715.8;8;11360215362;S
20241030;103456;716;2;11360216487;B
20241030;103459;716.4;2;11360216867;B
20241030;103509;716;12;11360217919;S
20241030;103509;716;5;11360217920;S
20241030;103532;715.6;2;11360220774;S
20241030;103538;716;1;11360221580;B
20241030;103546;715.8;50;11360222685;S
20241030;103551;715.8;50;11360223238;S
20241030;103619;715.8;3;11360226662;S
20241030;103619;715.8;7;11360226663;S
20241030;103622;715.8;1;11360226959;S
20241030;103634;716.2;1;11360228534;S
20241030;103634;716.2;4;11360228535;S
20241030;103638;716.4;1;11360229169;B
20241030;103639;716.2;17;11360229344;S
20241030;103639;716.4;1;11360229408;B
20241030;103642;716.2;8;11360229704;S
20241030;103647;716.2;2;11360230340;B
20241030;103652;715.8;5;11360231064;S
20241030;103703;716.4;22;11360232650;B
20241030;103703;716.4;50;11360232651;B
20241030;103703;716.4;20;11360232652;B
20241030;103703;716.4;6;11360232653;B
20241030;103713;716.6;2;11360234243;B
20241030;103713;716.6;3;11360234244;B
20241030;103713;716.8;2;11360234245;B
20241030;103713;716.8;20;11360234246;B
20241030;103713;717.2;2;11360234247;B
20241030;103713;717.4;50;11360234248;B
20241030;103713;717.6;28;11360234249;B
20241030;103713;717.6;50;11360234250;B
20241030;103719;717.6;10;11360235002;S
20241030;103721;717.8;3;11360235307;B
20241030;103736;717.8;2;11360237546;B
20241030;103736;717.8;2;11360237547;B
20241030;103736;718;11;11360237548;B
20241030;103736;718;50;11360237549;B
20241030;103736;718;3;11360237550;B
20241030;103736;718;2;11360237551;B
20241030;103736;718;10;11360237552;B
20241030;103736;718;20;11360237553;B
20241030;103736;718.2;1;11360237554;B
20241030;103736;718.2;14;11360237555;B
20241030;103736;718.2;15;11360237556;B
20241030;103736;718.4;5;11360237557;B
20241030;103736;718.4;52;11360237558;B
20241030;103736;718.4;15;11360237559;B
20241030;103736;718.6;3;11360237560;B
20241030;103736;718.6;30;11360237561;B
20241030;103736;718.8;2;11360237562;B
20241030;103736;718.8;150;11360237563;B
20241030;103736;718.8;122;11360237564;B
20241030;103736;719;63;11360237565;B
20241030;103736;719;3;11360237566;B
20241030;103736;719;1;11360237567;B
20241030;103736;719;3;11360237568;B
20241030;103736;719;18;11360237569;B
20241030;103736;719;5;11360237570;B
20241030;103736;719;3;11360237571;B
20241030;103736;719;30;11360237572;B
20241030;103736;719;10;11360237573;B
20241030;103736;719;74;11360237574;B
20241030;103736;719;3;11360237575;B
20241030;103736;719.2;4;11360237576;B
20241030;103736;719.2;274;11360237577;B
20241030;103737;718.2;18;11360237623;S
20241030;103737;718;16;11360237624;S
20241030;103737;718;40;11360237625;S
20241030;103737;717.8;26;11360237626;S
20241030;103737;717.6;33;11360237627;S
20241030;103737;717.2;50;11360237628;S
20241030;103737;717;26;11360237629;S
20241030;103737;716.8;2;11360237630;S
20241030;103737;716.8;33;11360237631;S
20241030;103737;716.8;56;11360237632;S
20241030;103737;718.6;396;11360237713;B
20241030;103737;718.6;40;11360237714;B
20241030;103737;718.8;26;11360237715;B
20241030;103737;718.8;24;11360237716;B
20241030;103737;719;50;11360237717;B
20241030;103737;719;21;11360237718;B
20241030;103737;719;43;11360237719;B
20241030;103740;717.8;5;11360238227;S
20241030;103803;717.8;1;11360241501;S
20241030;103803;717.8;4;11360241502;S
20241030;103827;718.2;18;11360244980;B
20241030;103827;719;5;11360244981;B
20241030;103827;719;4;11360244982;B
20241030;103827;719;25;11360244983;B
20241030;103827;719;2;11360244984;B
20241030;103827;719;3;11360244985;B
20241030;103827;719;17;11360244986;B
20241030;103827;719.2;176;11360244987;B
20241030;103827;719.2;3;11360244988;B
20241030;103827;719.2;2;11360244989;B
20241030;103827;719.2;145;11360244992;S
20241030;103827;718.6;5;11360244993;S
20241030;103836;718.2;5;11360246123;S
20241030;103839;719.4;1;11360246454;B
20241030;103847;718.4;5;11360247426;S
20241030;103902;718.4;10;11360249353;S
20241030;103923;719;7;11360252205;B
20241030;103944;718.6;17;11360254927;B
20241030;103944;719;43;11360254928;B
20241030;103944;719;30;11360254929;B
20241030;103944;719;10;11360254930;B
20241030;103947;719;20;11360255354;B
20241030;104003;719;1;11360257753;S
20241030;104007;719;3;11360258391;S
20241030;104015;719.4;5;11360259545;B
20241030;104015;719.4;5;11360259546;B
20241030;104032;719.2;1;11360261935;S
20241030;104035;719.4;5;11360262384;B
20241030;104038;719.4;30;11360262922;B
20241030;104038;719.4;100;11360262923;B
20241030;104038;719.4;50;11360262924;B
20241030;104038;719.6;45;11360262925;B
20241030;104038;719.6;5;11360262926;B
20241030;104038;719.6;1;11360262927;B
20241030;104038;719.6;1;11360262928;B
20241030;104038;719.6;15;11360262929;B
20241030;104038;719.6;1;11360262930;B
20241030;104038;719.6;12;11360262931;B
20241030;104038;719.6;240;11360262932;B
20241030;104040;719.6;260;11360263143;B
20241030;104040;719.8;6;11360263144;B
20241030;104055;719.4;1;11360265460;S
20241030;104106;719.4;1;11360267550;S
20241030;104109;719.2;17;11360268004;S
20241030;104121;719.4;1;11360270085;B
20241030;104122;719.4;19;11360270092;B
20241030;104122;719.6;1;11360270093;B
20241030;104122;719.6;12;11360270094;B
20241030;104122;719.8;68;11360270095;B
20241030;104127;719.2;1;11360270715;S
20241030;104129;719.2;20;11360271038;S
20241030;104131;719.8;500;11360271293;B
20241030;104133;719.8;127;11360271611;B
20241030;104133;719.8;12;11360271612;B
20241030;104133;719.8;4;11360271613;B
20241030;104133;719.8;2;11360271614;B
20241030;104133;719.8;1;11360271615;B
20241030;104133;719.8;50;11360271616;B
20241030;104133;719.8;3;11360271617;B
20241030;104133;719.8;10;11360271618;B
20241030;104133;720;12;11360271619;B
20241030;104133;720;5;11360271620;B
20241030;104133;720;10;11360271621;B
20241030;104133;720;50;11360271622;B
20241030;104133;720;157;11360271623;B
20241030;104140;719.4;1;11360272591;S
20241030;104158;719.6;20;11360275776;B
20241030;104158;719.6;1;11360275777;B
20241030;104206;719.6;1;11360276964;S
20241030;104208;719.6;12;11360277194;S
20241030;104213;719.6;5;11360278106;S
20241030;104219;719.6;10;11360279205;S
20241030;104221;719.6;1;11360279490;S
20241030;104225;720;343;11360280087;B
20241030;104225;720;1;11360280088;B
20241030;104225;720;25;11360280089;B
20241030;104225;720;100;11360280090;B
20241030;104225;720;31;11360280091;B
20241030;104239;719.6;17;11360282449;S
20241030;104249;719.6;1;11360283943;S
20241030;104308;719.4;1;11360288179;S
20241030;104308;719.4;9;11360288180;S
20241030;104315;719.4;12;11360289262;S
20241030;104318;719.4;4;11360289610;S
20241030;104348;719.6;5;11360293894;S
20241030;104356;719.6;1;11360294980;S
20241030;104359;720;69;11360295365;B
20241030;104359;720;1;11360295366;B
20241030;104359;720;1;11360295367;B
20241030;104359;720;100;11360295368;B
20241030;104359;720;1;11360295369;B
20241030;104359;720;5;11360295370;B
20241030;104359;720;1;11360295371;B
20241030;104359;720;5;11360295372;B
20241030;104359;720;50;11360295373;B
20241030;104359;720;20;11360295374;B
20241030;104359;720;50;11360295375;B
20241030;104359;720;5;11360295376;B
20241030;104359;720;20;11360295377;B
20241030;104359;720;3;11360295378;B
20241030;104359;720;1;11360295379;B
20241030;104359;720;5;11360295380;B
20241030;104359;720;50;11360295381;B
20241030;104359;720;1;11360295382;B
20241030;104359;720;30;11360295383;B
20241030;104359;720.2;5;11360295384;B
20241030;104359;720.2;2;11360295385;B
20241030;104359;720.2;3;11360295386;B
20241030;104359;720.2;69;11360295387;B
20241030;104359;720.2;500;11360295388;B
20241030;104359;720.2;1;11360295389;B
20241030;104359;720.2;1;11360295390;B
20241030;104359;720.2;59;11360295391;B
20241030;104359;720.4;62;11360295392;B
20241030;104359;720.6;1;11360295393;B
20241030;104359;720.6;2;11360295394;B
20241030;104359;720.6;100;11360295395;B
20241030;104359;720.8;4;11360295396;B
20241030;104359;720.8;5;11360295397;B
20241030;104359;720.8;5;11360295398;B
20241030;104359;720.8;5;11360295399;B
20241030;104359;720.8;2;11360295400;B
20241030;104359;720.8;970;11360295401;B
20241030;104359;720.8;1;11360295402;B
20241030;104359;721;1;11360295403;B
20241030;104359;721;100;11360295404;B
20241030;104359;721;10;11360295405;B
20241030;104359;721;100;11360295406;B
20241030;104359;721;5;11360295407;B
20241030;104359;721;5;11360295408;B
20241030;104359;721;5;11360295409;B
20241030;104359;721;50;11360295410;B
20241030;104359;721;5;11360295411;B
20241030;104359;721;2;11360295412;B
20241030;104359;721;40;11360295413;B
20241030;104359;721.2;13;11360295414;B
20241030;104359;721.2;6;11360295415;B
20241030;104359;721.4;300;11360295416;B
20241030;104359;721.6;320;11360295417;B
20241030;104359;721.8;5;11360295418;B
20241030;104359;721.8;3;11360295419;B
20241030;104359;721.8;280;11360295420;B
20241030;104359;722;1;11360295421;B
20241030;104359;722;30;11360295422;B
20241030;104359;722;20;11360295423;B
20241030;104359;722;50;11360295424;B
20241030;104359;722;100;11360295425;B
20241030;104359;722;2;11360295426;B
20241030;104359;722;2;11360295427;B
20241030;104359;722;5;11360295428;B
20241030;104359;722;5;11360295429;B
20241030;104359;722;4;11360295430;B
20241030;104359;722.2;200;11360295431;B
20241030;104359;722.2;1;11360295432;B
20241030;104359;722.2;1;11360295433;B
20241030;104359;722.2;1;11360295434;B
20241030;104359;722.6;1;11360295435;B
20241030;104359;722.8;1;11360295436;B
20241030;104359;722.8;1;11360295437;B
20241030;104359;722.8;5;11360295438;B
20241030;104359;722.8;13;11360295439;B
20241030;104359;723;500;11360295440;B
20241030;104359;723;1;11360295441;B
20241030;104359;723;25;11360295442;B
20241030;104359;723;200;11360295443;B
20241030;104359;723;5;11360295444;B
20241030;104359;723;7;11360295445;B
20241030;104359;723;6;11360295446;B
20241030;104359;723;100;11360295447;B
20241030;104359;723;2;11360295448;B
20241030;104359;723;1;11360295449;B
20241030;104359;723;1;11360295450;B
20241030;104359;723;15;11360295451;B
20241030;104359;723;5;11360295452;B
20241030;104359;723;100;11360295453;B
20241030;104359;723;100;11360295454;B
20241030;104359;723;64;11360295486;S
20241030;104359;723.2;48;11360295514;B
20241030;104400;723;10;11360295603;S
20241030;104404;723;1;11360296390;S
20241030;104407;723.2;138;11360296739;B
20241030;104408;723.2;14;11360296834;B
20241030;104408;723.2;11;11360296835;B
20241030;104408;723.2;3;11360296848;B
20241030;104408;723.2;64;11360296867;B
20241030;104408;723.2;122;11360296872;B
20241030;104408;723.2;100;11360296873;B
20241030;104408;723.2;17;11360296874;B
20241030;104408;723.4;261;11360296875;B
20241030;104408;723.4;38;11360296876;B
20241030;104408;723.4;1;11360296877;B
20241030;104409;723.4;1;11360296999;S
20241030;104409;723.4;18;11360297010;S
20241030;104412;723.6;7;11360297400;B
20241030;104412;723.8;5;11360297447;B
20241030;104412;723.8;1;11360297448;B
20241030;104412;723.8;5;11360297449;B
20241030;104412;723.8;25;11360297450;B
20241030;104413;724;100;11360297530;B
20241030;104413;724;3;11360297531;B
20241030;104413;724;122;11360297532;B
20241030;104413;723.6;1;11360297536;S
20241030;104413;724;50;11360297538;B
20241030;104413;724;8;11360297554;B
20241030;104413;724;92;11360297555;B
20241030;104413;724;8;11360297563;B
20241030;104413;724;1;11360297564;B
20241030;104413;724;21;11360297565;B
20241030;104413;724;29;11360297583;B
20241030;104413;724;2;11360297584;B
20241030;104413;724;100;11360297585;B
20241030;104413;724;3;11360297586;B
20241030;104413;724;5;11360297587;B
20241030;104413;724;100;11360297588;B
20241030;104413;724;40;11360297589;B
20241030;104413;724.2;5;11360297590;B
20241030;104413;724.2;1;11360297591;B
20241030;104413;724.2;20;11360297592;B
20241030;104413;724.4;1;11360297593;B
20241030;104413;724.4;5;11360297594;B
20241030;104413;724.4;1;11360297595;B
20241030;104413;724.4;15;11360297596;B
20241030;104413;724.4;2;11360297597;B
20241030;104413;724.4;1;11360297598;B
20241030;104414;724.6;5;11360297662;B
20241030;104414;724.6;40;11360297663;B
20241030;104414;724.8;5;11360297664;B
20241030;104414;724.8;5;11360297704;B
20241030;104414;724.8;35;11360297705;B
20241030;104414;724.8;3;11360297706;B
20241030;104414;724.8;2;11360297707;B
20241030;104414;724.8;1;11360297708;B
20241030;104414;724.8;1;11360297709;B
20241030;104414;724.8;40;11360297710;B
20241030;104414;725;213;11360297711;B
20241030;104414;725;50;11360297732;B
20241030;104415;725;200;11360297800;B
20241030;104415;725;3;11360297843;B
20241030;104416;724.8;5;11360297935;S
20241030;104416;724.8;5;11360297936;S
20241030;104418;724.8;64;11360298419;B
20241030;104418;724.8;40;11360298420;B
20241030;104418;725;227;11360298421;B
20241030;104418;725;1;11360298422;B
20241030;104418;725;10;11360298423;B
20241030;104418;725;9;11360298424;B
20241030;104418;725;189;11360298425;B
20241030;104419;725;50;11360298585;B
20241030;104422;724.8;1;11360299074;B
20241030;104422;724.8;40;11360299075;B
20241030;104422;725;11;11360299076;B
20241030;104422;725;25;11360299077;B
20241030;104422;725;50;11360299078;B
20241030;104422;725;25;11360299079;B
20241030;104422;725;2;11360299080;B
20241030;104422;725;25;11360299081;B
20241030;104422;725;100;11360299082;B
20241030;104422;725;80;11360299083;B
20241030;104422;725;13;11360299084;B
20241030;104422;725;100;11360299085;B
20241030;104422;725;1;11360299086;B
20241030;104422;725;300;11360299087;B
20241030;104422;725;250;11360299088;B
20241030;104422;725;1;11360299089;B
20241030;104422;725;2;11360299090;B
20241030;104422;725;5;11360299091;B
20241030;104422;725;500;11360299092;B
20241030;104422;725;310;11360299093;B
20241030;104422;725;71;11360299094;B
20241030;104422;725;4;11360299095;B
20241030;104422;725;50;11360299096;B
20241030;104422;725.2;1;11360299097;B
20241030;104422;725.4;1;11360299098;B
20241030;104422;725.4;1;11360299099;B
20241030;104422;725.4;2;11360299100;B
20241030;104422;725.4;1;11360299125;S
20241030;104423;725.8;5;11360299302;B
20241030;104423;725.8;3;11360299303;B
20241030;104423;725.8;40;11360299304;B
20241030;104423;725.6;1;11360299322;S
20241030;104424;725.6;4;11360299560;S
20241030;104424;725.4;28;11360299561;S
20241030;104424;725;26;11360299562;S
20241030;104424;725;42;11360299563;S
20241030;104425;724.4;1;11360299676;S
20241030;104426;725.6;5;11360299848;B
20241030;104426;725.6;3;11360299849;B
20241030;104426;725.8;26;11360299850;B
20241030;104426;725.8;1;11360299851;B
20241030;104426;726;200;11360299852;B
20241030;104426;726;1;11360299853;B
20241030;104426;726;111;11360299854;B
20241030;104426;726;100;11360299855;B
20241030;104426;726.2;2;11360299856;B
20241030;104426;726.6;2;11360299857;B
20241030;104426;726.8;5;11360299858;B
20241030;104426;726.8;3;11360299859;B
20241030;104426;726.8;83;11360299860;B
20241030;104426;726.8;42;11360299861;B
20241030;104426;727;5;11360299862;B
20241030;104426;727;1;11360299863;B
20241030;104426;727;1;11360299864;B
20241030;104426;727;24;11360299865;B
20241030;104426;727;1;11360299877;B
20241030;104426;727;98;11360299878;B
20241030;104426;727;102;11360299902;B
20241030;104426;727;1;11360299903;B
20241030;104426;727;100;11360299904;B
20241030;104426;727.2;1;11360299905;B
20241030;104426;727.2;142;11360299906;B
20241030;104427;727.2;11;11360299925;B
20241030;104427;727.2;347;11360300045;B
20241030;104427;727.2;50;11360300046;B
20241030;104427;727.4;203;11360300047;B
20241030;104427;727.4;97;11360300050;B
20241030;104427;727.4;1;11360300051;B
20241030;104427;727.6;25;11360300052;B
20241030;104427;727.6;1;11360300053;B
20241030;104427;727.6;82;11360300054;B
20241030;104428;727.6;118;11360300298;B
20241030;104428;727.6;5;11360300299;B
20241030;104428;727.8;28;11360300300;B
20241030;104428;727.8;5;11360300301;B
20241030;104428;727.8;1;11360300302;B
20241030;104428;727.8;30;11360300303;B
20241030;104428;727.8;141;11360300304;B
20241030;104428;727.8;30;11360300305;B
20241030;104428;727.8;15;11360300306;B
20241030;104428;728;5;11360300307;B
20241030;104428;728;20;11360300308;B
20241030;104428;728;97;11360300309;B
20241030;104428;728;200;11360300310;B
20241030;104428;728;10;11360300311;B
20241030;104428;728;1363;11360300312;B
20241030;104428;728;99;11360300313;B
20241030;104428;728;80;11360300315;B
20241030;104428;728;9;11360300316;B
20241030;104429;727;10;11360300485;S
20241030;104429;726.8;1;11360300486;S
20241030;104429;727.8;5;11360300542;B
20241030;104429;727.8;1;11360300543;B
20241030;104429;728;5;11360300544;B
20241030;104429;728;44;11360300545;B
20241030;104430;728;6;11360300651;B
20241030;104430;728;25;11360300652;B
20241030;104430;728.2;1;11360300667;B
20241030;104430;728.2;1;11360300668;B
20241030;104430;728.4;5;11360300669;B
20241030;104430;728.4;11;11360300670;B
20241030;104430;728.6;1;11360300681;B
20241030;104430;728.8;5;11360300682;B
20241030;104430;728.8;42;11360300683;B
20241030;104430;728.8;7;11360300684;B
20241030;104430;728.8;3;11360300720;B
20241030;104430;729;4;11360300721;B
20241030;104430;729;9;11360300722;B
20241030;104430;729;50;11360300723;B
20241030;104430;729;100;11360300724;B
20241030;104430;729;1;11360300725;B
20241030;104430;729;794;11360300726;B
20241030;104432;728.4;1;11360300978;S
20241030;104432;728.4;100;11360300992;S
20241030;104432;728.8;2;11360301014;B
20241030;104434;728.8;3;11360301318;B
20241030;104434;728.8;7;11360301319;B
20241030;104435;728.6;140;11360301457;B
20241030;104435;728.6;85;11360301565;B
20241030;104435;728.8;199;11360301566;B
20241030;104435;728.8;3;11360301567;B
20241030;104435;728.8;52;11360301568;B
20241030;104435;728.8;46;11360301569;B
20241030;104435;728.8;1;11360301570;B
20241030;104435;729;126;11360301571;B
20241030;104435;729;25;11360301572;B
20241030;104435;729;463;11360301573;B
20241030;104436;728.6;1;11360301800;B
20241030;104436;728.6;1;11360301801;B
20241030;104436;729;392;11360301802;B
20241030;104436;729;106;11360301803;B
20241030;104437;728.4;1;11360301880;S
20241030;104437;728.4;30;11360302027;S
20241030;104438;729;500;11360302192;B
20241030;104440;729;100;11360302834;B
20241030;104442;727;34;11360303238;S
20241030;104442;726.8;16;11360303239;S
20241030;104444;728.6;138;11360303576;B
20241030;104444;728.6;16;11360303577;B
20241030;104444;728.6;1;11360303578;B
20241030;104444;728.8;34;11360303579;B
20241030;104444;728.8;219;11360303580;B
20241030;104444;728.8;11;11360303581;B
20241030;104444;729;81;11360303582;B
20241030;104444;728.4;1;11360303607;B
20241030;104444;728.6;999;11360303608;B
20241030;104444;728.6;35;11360303609;B
20241030;104445;729;419;11360303851;B
20241030;104445;729;2;11360303852;B
20241030;104445;729;2;11360303853;B
20241030;104445;729;100;11360303854;B
20241030;104445;729;300;11360303855;B
20241030;104445;729;100;11360303856;B
20241030;104445;729;1;11360303857;B
20241030;104445;729;300;11360303858;B
20241030;104445;729.2;105;11360303859;B
20241030;104445;729.2;50;11360303860;B
20241030;104445;729.2;4;11360303861;B
20241030;104445;729.2;2;11360303862;B
20241030;104445;729.2;1;11360303863;B
20241030;104445;729.2;1;11360303864;B
20241030;104445;729.4;35;11360303865;B
20241030;104445;729.4;1;11360303866;B
20241030;104445;729.6;4;11360303867;B
20241030;104445;729.6;100;11360303868;B
20241030;104445;729.6;1000;11360303869;B
20241030;104445;729.6;1;11360303870;B
20241030;104445;729.6;100;11360303871;B
20241030;104445;729.6;100;11360303872;B
20241030;104445;729.6;2;11360303873;B
20241030;104445;729.8;5;11360303874;B
20241030;104445;729.8;1;11360303875;B
20241030;104445;729.8;1;11360303876;B
20241030;104445;729.8;100;11360303877;B
20241030;104445;729.8;5;11360303878;B
20241030;104445;729.8;1;11360303879;B
20241030;104445;729.8;3;11360303880;B
20241030;104445;729.8;100;11360303881;B
20241030;104445;729.8;273;11360303882;B
20241030;104445;727.6;28;11360303889;S
20241030;104445;727.4;34;11360303890;S
20241030;104445;727.4;143;11360303891;S
20241030;104446;728.6;50;11360304036;B
20241030;104446;727.6;5;11360304171;S
20241030;104446;727.4;50;11360304172;S
20241030;104446;726.8;253;11360304173;S
20241030;104446;726.6;120;11360304174;S
20241030;104446;726.4;28;11360304175;S
20241030;104446;726.2;75;11360304176;S
20241030;104446;726.2;381;11360304177;S
20241030;104446;728.2;34;11360304213;B
20241030;104446;728.2;28;11360304214;B
20241030;104446;728.4;38;11360304215;B
20241030;104446;728.4;358;11360304216;B
20241030;104446;728.6;165;11360304217;B
20241030;104446;728.8;30;11360304218;B
20241030;104446;728.8;120;11360304219;B
20241030;104446;728.8;10;11360304220;B
20241030;104447;727.8;5;11360304378;B
20241030;104447;728;50;11360304379;B
20241030;104447;728.2;28;11360304380;B
20241030;104447;728.6;381;11360304381;B
20241030;104447;728.8;11;11360304382;B
20241030;104447;728.8;26;11360304383;B
20241030;104447;728.8;99;11360304384;B
20241030;104447;729;275;11360304385;B
20241030;104447;729.2;51;11360304386;B
20241030;104447;729.4;74;11360304387;B
20241030;104449;728.4;1;11360304766;S
20241030;104450;728.4;4;11360304930;S
20241030;104450;728.4;1;11360304931;S
20241030;104451;728.6;1;11360305172;S
20241030;104451;728.4;3;11360305173;S
20241030;104451;728.4;46;11360305174;S
20241030;104451;728.4;50;11360305183;S
20241030;104452;729.2;5;11360305367;B
20241030;104452;729.4;23;11360305368;B
20241030;104452;728.4;4;11360305373;S
20241030;104452;728.2;24;11360305374;S
20241030;104453;728;1;11360305564;S
20241030;104453;729.2;24;11360305629;B
20241030;104453;729.4;10;11360305630;B
20241030;104455;729;1;11360305945;B
20241030;104455;728.2;34;11360305975;S
20241030;104455;728.2;21;11360305976;B
20241030;104456;728;50;11360306150;S
20241030;104502;728.2;20;11360307542;B
20241030;104502;728.2;48;11360307543;B
20241030;104503;728;4;11360307618;S
20241030;104503;728;496;11360307667;S
20241030;104503;728;4;11360307668;S
20241030;104503;728;1;11360307698;S
20241030;104505;728;10;11360308101;S
20241030;104506;728;5;11360308189;S
20241030;104506;727.8;15;11360308190;S
20241030;104506;727.8;5;11360308290;S
20241030;104507;727.8;10;11360308456;S
20241030;104508;727.8;50;11360308721;S
20241030;104508;728.2;2;11360308772;B
20241030;104508;728.2;78;11360308773;B
20241030;104508;727.8;70;11360308781;S
20241030;104508;727.6;28;11360308782;S
20241030;104508;727.6;30;11360308783;S
20241030;104508;727.2;50;11360308784;S
20241030;104508;727;250;11360308785;S
20241030;104508;727;120;11360308786;S
20241030;104508;726.8;500;11360308787;S
20241030;104509;726.2;333;11360308909;S
20241030;104513;727.2;34;11360309778;B
20241030;104513;727.2;50;11360309779;B
20241030;104513;727.4;203;11360309780;B
20241030;104514;726.4;1;11360309992;S
20241030;104514;726.2;26;11360309993;S
20241030;104516;727.4;50;11360310479;B
20241030;104516;727.6;26;11360310480;B
20241030;104516;727.6;60;11360310481;B
20241030;104518;727.4;50;11360310809;B
20241030;104518;727.6;70;11360310810;B
20241030;104518;727.8;50;11360310811;B
20241030;104518;727.8;28;11360310812;B
20241030;104518;727.8;1;11360310813;B
20241030;104518;728;50;11360310814;B
20241030;104518;728;50;11360310815;B
20241030;104518;728.2;22;11360310816;B
20241030;104518;728.2;1;11360310817;B
20241030;104518;728.2;137;11360310818;B
20241030;104518;728.2;25;11360310819;B
20241030;104518;728.4;40;11360310820;B
20241030;104518;728.4;100;11360310821;B
20241030;104518;728.4;5;11360310822;B
20241030;104518;728.4;4;11360310873;S
20241030;104520;728.4;1;11360311128;S
20241030;104520;728.4;50;11360311226;S
20241030;104520;728.4;1;11360311242;S
20241030;104520;728.4;4;11360311244;S
20241030;104521;727;25;11360311421;S
20241030;104522;727.2;1;11360311555;S
20241030;104522;727.2;1;11360311567;S
20241030;104522;727.2;3;11360311585;S
20241030;104522;727;25;11360311586;S
20241030;104522;726.8;34;11360311587;S
20241030;104522;726.8;28;11360311588;S
20241030;104522;726.6;110;11360311589;S
20241030;104524;727;1;11360312006;S
20241030;104525;727.4;200;11360312130;B
20241030;104525;727.6;34;11360312131;B
20241030;104528;727.6;1;11360312599;S
20241030;104528;728;1;11360312617;B
20241030;104529;727.6;10;11360312749;S
20241030;104530;727.6;10;11360312936;S
20241030;104531;727.6;145;11360313080;S
20241030;104531;727.6;197;11360313140;B
20241030;104531;727.8;90;11360313141;B
20241030;104532;726.8;360;11360313327;B
20241030;104534;726.6;25;11360313813;S
20241030;104534;726.2;25;11360313814;S
20241030;104535;726.8;640;11360313915;B
20241030;104535;726.8;49;11360313916;B
