<DATE>;<TIME>;<LAST>;<VOL>;<ID>;<OPER>
20240514;095949;8310;4;10355697546;S
20240514;095949;8310;1;10355697547;S
20240514;095949;8310;3;10355697548;B
20240514;095949;8310;4;10355697549;B
20240514;095949;8310;3;10355697550;B
20240514;095949;8310;1;10355697551;S
20240514;095949;8310;1;10355697552;B
20240514;095949;8310;1;10355697553;B
20240514;095949;8310;19;10355697554;B
20240514;095949;8310;2;10355697555;S
20240514;095949;8310;2;10355697556;B
20240514;095949;8310;2;10355697557;S
20240514;095949;8310;3;10355697558;S
20240514;095949;8310;1;10355697559;S
20240514;095949;8310;1;10355697560;S
20240514;095949;8310;1;10355697561;S
20240514;095949;8310;1;10355697562;S
20240514;095949;8310;8;10355697563;S
20240514;095949;8310;7;10355697564;S
20240514;095949;8310;1;10355697565;S
20240514;095949;8310;1;10355697566;S
20240514;100000;8311;33;10355700738;B
20240514;100001;8311;2;10355701065;S
20240514;100001;8311;15;10355701503;B
20240514;100002;8313;5;10355701790;B
20240514;100002;8313;1;10355701791;B
20240514;100002;8314;1;10355701995;B
20240514;100002;8314.5;50;10355702013;B
20240514;100003;8316;1;10355702245;B
20240514;100003;8318;1;10355702503;B
20240514;100003;8319;1;10355702513;B
20240514;100003;8316;1;10355702575;S
20240514;100003;8315;5;10355702576;B
20240514;100004;8318.5;1;10355702841;B
20240514;100005;8316.5;1;10355705432;S
20240514;100005;8316;1;10355705613;S
20240514;100006;8315.5;2;10355706342;S
20240514;100006;8318.5;1;10355706989;B
20240514;100006;8319;1;10355706990;B
20240514;100006;8316;1;10355707185;S
20240514;100006;8315.5;13;10355707186;S
20240514;100008;8319;1;10355708509;B
20240514;100011;8319;1;10355709691;B
20240514;100011;8319;1;10355709847;B
20240514;100013;8319;15;10355710468;B
20240514;100013;8319;1;10355710469;B
20240514;100013;8319.5;3;10355710470;B
20240514;100013;8320;1;10355710471;B
20240514;100013;8320;1;10355710472;B
20240514;100013;8322;1;10355710473;B
20240514;100013;8322;26;10355710474;B
20240514;100013;8324;1;10355710475;B
20240514;100013;8324;1;10355710476;B
20240514;100013;8324;4;10355710477;B
20240514;100013;8320.5;1;10355710574;S
20240514;100013;8320;2;10355710575;S
20240514;100013;8320;1;10355710577;S
20240514;100014;8324;1;10355710636;B
20240514;100014;8324.5;2;10355710637;B
20240514;100014;8324.5;12;10355710638;B
20240514;100014;8324.5;14;10355710659;B
20240514;100014;8325;46;10355710660;B
20240514;100014;8325;3;10355710668;B
20240514;100014;8322.5;1;10355710705;B
20240514;100014;8325;24;10355710706;B
20240514;100016;8320;2;10355710962;S
20240514;100016;8320;1;10355711077;S
20240514;100016;8318.5;1;10355711078;S
20240514;100016;8317;8;10355711079;S
20240514;100017;8317.5;1;10355711160;S
20240514;100017;8317;44;10355711161;S
20240514;100017;8316;1;10355711162;S
20240514;100017;8316.5;1;10355711245;S
20240514;100017;8316;24;10355711246;S
20240514;100026;8319;1;10355713321;B
20240514;100026;8321;1;10355713322;B
20240514;100026;8321;3;10355713323;B
20240514;100027;8320.5;1;10355713562;B
20240514;100027;8321;11;10355713563;B
20240514;100041;8320.5;1;10355716664;B
20240514;100041;8321;1;10355716665;B
20240514;100041;8315.5;1;10355716752;S
20240514;100041;8315.5;1;10355716753;S
20240514;100054;8320.5;1;10355719224;B
20240514;100054;8320.5;1;10355719225;B
20240514;100102;8321.5;1;10355721145;B
20240514;100103;8320.5;1;10355721265;B
20240514;100103;8321.5;8;10355721266;B
20240514;100103;8321.5;1;10355721267;B
20240514;100109;8320.5;2;10355722607;S
20240514;100117;8321;1;10355723951;B
20240514;100125;8319;1;10355725328;B
20240514;100130;8319;4;10355726373;B
20240514;100130;8320;9;10355726374;B
20240514;100130;8321;4;10355726375;B
20240514;100130;8321.5;3;10355726376;B
20240514;100130;8322.5;21;10355726377;B
20240514;100138;8322;3;10355728025;B
20240514;100151;8322;3;10355730442;B
20240514;100157;8319;1;10355732013;S
20240514;100207;8319;1;10355733903;S
20240514;100214;8321.5;1;10355735382;B
20240514;100232;8322.5;4;10355738812;B
20240514;100232;8322.5;8;10355738813;B
20240514;100234;8322.5;4;10355739359;B
20240514;100235;8322.5;5;10355739525;B
20240514;100248;8320.5;4;10355741813;B
20240514;100252;8320;12;10355742547;S
20240514;100253;8319;2;10355742770;B
20240514;100300;8319.5;6;10355744349;S
20240514;100300;8319;9;10355744350;S
20240514;100301;8319.5;1;10355744660;B
20240514;100301;8319;29;10355744661;S
20240514;100304;8317;12;10355745407;S
20240514;100304;8317;10;10355745408;S
20240514;100304;8316;1;10355745409;S
20240514;100304;8316;4;10355745410;S
20240514;100304;8316;3;10355745411;S
20240514;100304;8315.5;20;10355745412;S
20240514;100305;8316;3;10355745612;B
20240514;100306;8315.5;5;10355745842;B
20240514;100306;8315.5;1;10355745843;B
20240514;100309;8315;1;10355746346;S
20240514;100315;8315;2;10355747446;S
20240514;100322;8315;1;10355748591;S
20240514;100326;8315.5;2;10355749164;B
20240514;100337;8315;1;10355751300;S
20240514;100342;8315;7;10355752583;S
20240514;100342;8314.5;3;10355752584;S
20240514;100344;8314;10;10355752931;B
20240514;100350;8314;4;10355753912;B
20240514;100350;8314;3;10355753913;B
20240514;100350;8314.5;10;10355754091;B
20240514;100352;8313.5;1;10355754378;S
20240514;100352;8313;1;10355754379;S
20240514;100402;8315;3;10355755913;B
20240514;100402;8315;2;10355755914;B
20240514;100402;8315;12;10355755915;B
20240514;100402;8315.5;20;10355755916;B
20240514;100402;8316.5;1;10355755917;B
20240514;100402;8318;6;10355755918;B
20240514;100402;8318.5;124;10355755919;B
20240514;100414;8315.5;2;10355758416;S
20240514;100414;8315;1;10355758417;S
20240514;100414;8314.5;6;10355758418;S
20240514;100415;8314.5;3;10355758653;S
20240514;100415;8314.5;2;10355758654;S
20240514;100418;8318;1;10355759023;B
20240514;100418;8318;3;10355759024;B
20240514;100418;8318.5;6;10355759025;B
20240514;100425;8314;4;10355760431;S
20240514;100425;8314;1;10355760432;S
20240514;100425;8314;1;10355760433;S
20240514;100442;8315;13;10355763836;S
20240514;100442;8315;3;10355763837;S
20240514;100442;8314;2;10355763838;S
20240514;100442;8314;2;10355763839;S
20240514;100442;8313.5;9;10355763840;S
20240514;100442;8313.5;1;10355763841;S
20240514;100445;8317;1;10355764309;B
20240514;100445;8317;3;10355764310;B
20240514;100445;8317;6;10355764311;B
20240514;100446;8314;1;10355764442;S
20240514;100446;8314;3;10355764443;S
20240514;100446;8313.5;1;10355764444;S
20240514;100448;8318;3;10355764835;B
20240514;100452;8318;1;10355765387;B
20240514;100454;8317;19;10355766234;S
20240514;100454;8317;3;10355766235;S
20240514;100454;8317;2;10355766236;S
20240514;100457;8315;1;10355766839;S
20240514;100457;8315;2;10355766840;S
20240514;100457;8314.5;3;10355766841;S
20240514;100457;8314.5;1;10355766842;S
20240514;100457;8313.5;2;10355766843;S
20240514;100459;8317;1;10355767055;B
20240514;100459;8317.5;1;10355767056;B
20240514;100505;8317.5;2;10355768124;B
20240514;100513;8316.5;3;10355769652;B
20240514;100525;8316.5;1;10355771629;B
20240514;100526;8316;3;10355771826;B
20240514;100526;8316.5;7;10355771827;S
20240514;100526;8316.5;2;10355771828;S
20240514;100528;8316.5;2;10355772196;B
20240514;100528;8316.5;3;10355772237;B
20240514;100533;8317;8;10355772876;B
20240514;100533;8317;2;10355772877;B
20240514;100536;8315;1;10355773555;S
20240514;100552;8315;1;10355776303;S
20240514;100557;8315;1;10355777156;S
20240514;100559;8316.5;1;10355777408;B
20240514;100608;8316.5;6;10355779436;B
20240514;100614;8316.5;1;10355780386;B
20240514;100627;8316.5;6;10355782511;B
20240514;100627;8315;1;10355782553;S
20240514;100628;8316.5;5;10355782734;B
20240514;100628;8316.5;1;10355782735;B
20240514;100628;8316.5;1;10355782736;B
20240514;100629;8317;1;10355782912;B
20240514;100629;8318;6;10355782913;B
20240514;100629;8318;1;10355782914;B
20240514;100629;8318;1;10355782915;B
20240514;100629;8318.5;6;10355782916;B
20240514;100635;8316;2;10355783676;S
20240514;100635;8316;3;10355783677;S
20240514;100635;8315.5;1;10355783678;S
20240514;100635;8315.5;4;10355783679;S
20240514;100635;8315.5;20;10355783712;S
20240514;100646;8318.5;5;10355785235;B
20240514;100647;8316.5;1;10355785395;B
20240514;100647;8316.5;5;10355785396;B
20240514;100647;8316.5;87;10355785397;B
20240514;100656;8318;3;10355787183;S
20240514;100711;8318;1;10355789796;B
20240514;100716;8318;2;10355790512;B
20240514;100721;8318.5;1;10355791300;B
20240514;100730;8318;1;10355792619;B
20240514;100732;8318;3;10355792888;S
20240514;100732;8316.5;4;10355792901;B
20240514;100732;8317;6;10355792902;B
20240514;100733;8317;11;10355792968;B
20240514;100733;8317.5;3;10355792969;B
20240514;100733;8317.5;5;10355792970;B
20240514;100735;8318;1;10355793329;B
20240514;100739;8318;2;10355793837;B
20240514;100746;8316;3;10355794842;S
20240514;100746;8315;5;10355794843;S
20240514;100807;8315;2;10355798601;S
20240514;100807;8315;1;10355798602;S
20240514;100807;8315;2;10355798603;S
20240514;100807;8315;1;10355798604;S
20240514;100807;8315;3;10355798605;S
20240514;100807;8315;1;10355798606;S
20240514;100807;8314.5;6;10355798607;S
20240514;100820;8314.5;2;10355800677;S
20240514;100858;8315.5;10;10355806687;B
20240514;100859;8315.5;14;10355806957;B
20240514;100859;8316;15;10355806958;B
20240514;100859;8316;1;10355806959;B
20240514;100910;8317;1;10355808815;B
20240514;100911;8317;1;10355808942;B
20240514;100918;8314.5;10;10355809699;S
20240514;100918;8314.5;3;10355809700;S
20240514;100918;8314;1;10355809701;S
20240514;100918;8314;3;10355809702;S
20240514;100918;8314;3;10355809703;S
20240514;100919;8317;21;10355809911;B
20240514;100919;8317.5;3;10355809912;B
20240514;100919;8318;3;10355809913;B
20240514;100919;8318;12;10355809914;B
20240514;100919;8318.5;26;10355809915;B
20240514;100936;8314;1;10355812266;S
20240514;100938;8314;1;10355812455;S
20240514;100944;8316;4;10355813168;B
20240514;100946;8316;3;10355813555;B
20240514;100946;8317;12;10355813556;B
20240514;100950;8316.5;5;10355813981;B
20240514;100950;8316.5;7;10355813994;B
20240514;100950;8316.5;3;10355813995;B
20240514;100950;8317.5;1;10355813996;B
20240514;100950;8317.5;7;10355813997;B
20240514;100950;8318;21;10355813998;B
20240514;100950;8318;20;10355813999;B
20240514;100950;8318.5;41;10355814000;B
20240514;100955;8314;1;10355815357;S
20240514;100955;8313.5;3;10355815358;S
20240514;100955;8313.5;1;10355815359;S
20240514;100959;8317.5;1;10355816007;B
20240514;101004;8315;1;10355816815;S
20240514;101004;8314.5;3;10355816816;S
20240514;101004;8314;1;10355816817;S
20240514;101009;8313.5;1;10355817614;S
20240514;101010;8313.5;1;10355817716;S
20240514;101016;8313.5;1;10355818395;S
20240514;101027;8314;1;10355820147;S
20240514;101029;8313.5;1;10355820408;S
20240514;101033;8313.5;9;10355821424;S
20240514;101040;8313.5;5;10355822833;S
20240514;101040;8313.5;1;10355822834;S
20240514;101041;8313.5;12;10355823053;B
20240514;101044;8313;2;10355823442;S
20240514;101044;8313;1;10355823443;S
20240514;101044;8313;1;10355823444;S
20240514;101044;8313;3;10355823445;S
20240514;101044;8312;3;10355823446;S
20240514;101044;8311;1;10355823447;S
20240514;101044;8311;1;10355823448;S
20240514;101044;8310.5;4;10355823449;S
20240514;101044;8310.5;4;10355823450;S
20240514;101044;8310;7;10355823451;S
20240514;101044;8310.5;2;10355823452;B
20240514;101045;8313;1;10355823542;B
20240514;101045;8313;3;10355823543;B
20240514;101052;8313;1;10355824462;B
20240514;101133;8313;3;10355830633;B
20240514;101133;8313;4;10355830634;B
20240514;101133;8313;3;10355830635;B
20240514;101134;8313.5;1;10355830780;B
20240514;101135;8313;5;10355830927;S
20240514;101136;8313.5;66;10355831039;B
20240514;101136;8313.5;15;10355831040;B
20240514;101136;8313.5;15;10355831041;B
20240514;101136;8313.5;9;10355831042;B
20240514;101147;8313;9;10355832638;S
20240514;101147;8313;41;10355832639;S
20240514;101147;8313.5;90;10355832658;B
20240514;101147;8313.5;32;10355832659;B
20240514;101150;8313;20;10355833052;S
20240514;101157;8313;1;10355834161;S
20240514;101159;8313;1;10355834321;S
20240514;101204;8313;1;10355835034;S
20240514;101210;8313.5;6;10355836787;B
20240514;101216;8313;6;10355837696;S
20240514;101225;8313.5;1;10355839264;B
20240514;101236;8313.5;4;10355840700;B
20240514;101241;8313;1;10355841763;S
20240514;101242;8311;1;10355841852;S
20240514;101247;8311;1;10355842506;S
20240514;101247;8310.5;10;10355842507;S
20240514;101247;8310.5;3;10355842508;S
20240514;101247;8310;2;10355842509;S
20240514;101247;8310.5;5;10355842540;S
20240514;101247;8310;60;10355842541;S
20240514;101248;8311.5;1;10355842662;B
20240514;101256;8312;1;10355843763;B
20240514;101316;8311.5;1;10355847276;B
20240514;101317;8310;3;10355847416;S
20240514;101318;8310;1;10355847548;S
20240514;101329;8310;80;10355848926;S
20240514;101329;8310;9;10355848928;S
20240514;101329;8310;21;10355848929;S
20240514;101329;8310;1;10355848930;S
20240514;101329;8310;5;10355848931;S
20240514;101329;8310;2;10355848932;S
20240514;101329;8310;10;10355848933;S
20240514;101329;8310;2;10355848934;S
20240514;101329;8310;1;10355848935;S
20240514;101329;8310;3;10355848936;S
20240514;101329;8310;1;10355848937;S
20240514;101329;8310;1;10355848938;S
20240514;101330;8309;7;10355849172;B
20240514;101330;8307.5;1;10355849173;S
20240514;101330;8306;1;10355849174;S
20240514;101331;8303;2;10355849249;B
20240514;101331;8302;1;10355849252;S
20240514;101336;8301;1;10355850005;S
20240514;101336;8301;2;10355850006;S
20240514;101336;8300.5;1;10355850007;S
20240514;101336;8300;4;10355850008;S
20240514;101337;8302;4;10355850100;B
20240514;101337;8300.5;2;10355850106;S
20240514;101337;8300.5;2;10355850107;S
20240514;101337;8302;12;10355850128;B
20240514;101337;8300;1;10355850153;S
20240514;101337;8300;2;10355850154;S
20240514;101337;8300;2;10355850155;S
20240514;101337;8300;13;10355850156;S
20240514;101337;8300;2;10355850157;S
20240514;101337;8300;1;10355850158;S
20240514;101340;8299.5;3;10355850539;B
20240514;101340;8297;2;10355850542;S
20240514;101340;8296;2;10355850543;S
20240514;101340;8296;1;10355850544;S
20240514;101340;8296;1;10355850545;S
20240514;101341;8296;1;10355850677;S
20240514;101341;8295.5;5;10355850678;S
20240514;101341;8295.5;1;10355850679;S
20240514;101341;8295;1;10355850680;S
20240514;101341;8295;1;10355850681;S
20240514;101341;8295;1;10355850684;S
20240514;101341;8295;10;10355850709;S
20240514;101343;8295;10;10355850896;S
20240514;101348;8296;1;10355851464;S
20240514;101352;8295;2;10355852002;S
20240514;101352;8295;3;10355852003;S
20240514;101352;8294.5;1;10355852004;S
20240514;101352;8294.5;1;10355852005;S
20240514;101352;8294.5;4;10355852006;S
20240514;101353;8294.5;1;10355852195;S
20240514;101358;8294;30;10355852952;S
20240514;101359;8294;10;10355853099;S
20240514;101400;8294;1;10355853283;S
20240514;101400;8294.5;1;10355853306;B
20240514;101400;8294;39;10355853347;S
20240514;101405;8294;1;10355853936;S
20240514;101410;8294;19;10355854593;S
20240514;101410;8294;10;10355854594;S
20240514;101410;8294;1;10355854595;S
20240514;101410;8293;30;10355854596;S
20240514;101410;8293;8;10355854597;S
20240514;101410;8292.5;1;10355854598;S
20240514;101410;8292;21;10355854599;S
20240514;101410;8292;20;10355854600;S
20240514;101410;8291.5;5;10355854601;S
20240514;101410;8291;9;10355854602;S
20240514;101410;8290.5;3;10355854603;S
20240514;101410;8290.5;10;10355854604;S
20240514;101410;8290.5;52;10355854605;S
20240514;101410;8290;11;10355854606;S
20240514;101413;8293;25;10355854886;B
20240514;101417;8293.5;1;10355855321;B
20240514;101417;8294;1;10355855322;B
20240514;101419;8291;7;10355855562;S
20240514;101419;8291;1;10355855563;S
20240514;101422;8291;31;10355855993;S
20240514;101422;8291;20;10355855994;S
20240514;101422;8291;3;10355855995;S
20240514;101422;8290.5;9;10355855996;S
20240514;101422;8290.5;100;10355855997;S
20240514;101422;8290.5;9;10355855998;S
20240514;101422;8290;68;10355855999;S
20240514;101424;8290.5;1;10355856241;S
20240514;101428;8290;12;10355856953;S
20240514;101428;8290;9;10355856959;S
20240514;101428;8290;1;10355856960;S
20240514;101428;8290;1;10355856961;S
20240514;101428;8290;1;10355856962;S
20240514;101428;8290;12;10355856963;S
20240514;101428;8290;9;10355856965;S
20240514;101432;8291;5;10355857651;B
20240514;101438;8291;1;10355858656;B
20240514;101444;8291;1;10355859542;B
20240514;101447;8291;2;10355859875;B
20240514;101450;8290;1;10355860181;S
20240514;101456;8290.5;1;10355861356;S
20240514;101458;8291;1;10355861690;B
20240514;101500;8291;1;10355862015;B
20240514;101502;8291;1;10355862502;B
20240514;101504;8291;10;10355862889;B
20240514;101506;8291;2;10355863798;B
20240514;101507;8291;1;10355864096;B
20240514;101509;8290.5;1;10355864375;S
20240514;101509;8290.5;10;10355864406;S
20240514;101511;8291;5;10355864872;B
20240514;101511;8291;6;10355864873;B
20240514;101511;8291;10;10355864874;B
20240514;101511;8292;8;10355864875;B
20240514;101511;8293.5;1;10355864876;B
20240514;101511;8294;2;10355864877;B
20240514;101516;8295.5;1;10355866158;B
20240514;101516;8296.5;1;10355866159;B
20240514;101517;8296.5;1;10355866252;B
20240514;101521;8298;1;10355867373;B
20240514;101521;8299;1;10355867374;B
20240514;101523;8299;4;10355867659;B
20240514;101525;8299;1;10355868108;B
20240514;101529;8300;1;10355868834;B
20240514;101529;8301;3;10355868835;B
20240514;101535;8303;1;10355870129;B
20240514;101538;8303;1;10355870534;B
20240514;101539;8303;3;10355870702;B
20240514;101539;8299;24;10355870796;S
20240514;101545;8302;2;10355872009;B
20240514;101545;8302;18;10355872010;S
20240514;101545;8299;1;10355872080;S
20240514;101548;8302;2;10355872556;B
20240514;101548;8302.5;10;10355872557;B
20240514;101552;8302;1;10355873251;B
20240514;101552;8302.5;10;10355873252;B
20240514;101601;8300;1;10355874958;S
20240514;101603;8299;1;10355875344;S
20240514;101614;8299;11;10355877066;S
20240514;101621;8299;12;10355878513;B
20240514;101624;8299;1;10355879045;B
20240514;101629;8299;1;10355879990;B
20240514;101630;8299;5;10355880134;B
20240514;101631;8299;1;10355880270;B
20240514;101641;8299;1;10355882507;B
20240514;101647;8299;6;10355883582;B
20240514;101700;8299;4;10355885622;B
20240514;101716;8299;1;10355888531;B
20240514;101717;8299;1;10355888841;B
20240514;101718;8299;1;10355888918;B
20240514;101721;8299;1;10355889490;B
20240514;101724;8298.5;2;10355890224;S
20240514;101724;8298.5;1;10355890225;S
20240514;101724;8298.5;2;10355890226;S
20240514;101724;8298;5;10355890227;S
20240514;101725;8299;1;10355890440;B
20240514;101732;8298;4;10355891737;S
20240514;101732;8298;2;10355891738;S
20240514;101732;8297.5;1;10355891739;S
20240514;101732;8296.5;13;10355891740;S
20240514;101749;8299;1;10355894620;B
20240514;101751;8297.5;1;10355895047;S
20240514;101751;8297;3;10355895048;S
20240514;101758;8299;1;10355896615;B
20240514;101803;8297.5;1;10355897605;S
20240514;101803;8297;6;10355897606;S
20240514;101803;8296;31;10355897607;S
20240514;101803;8296;21;10355897608;S
20240514;101803;8295.5;1;10355897609;S
20240514;101803;8295.5;2;10355897610;S
20240514;101803;8295;58;10355897611;S
20240514;101814;8295.5;12;10355899391;S
20240514;101827;8296;1;10355901441;S
20240514;101829;8295.5;3;10355901759;B
20240514;101842;8295;192;10355903553;S
20240514;101849;8295;4;10355904529;S
20240514;101852;8295.5;1;10355905073;B
20240514;101903;8295.5;13;10355907325;B
20240514;101903;8295.5;25;10355907326;B
20240514;101906;8295.5;1;10355907864;B
20240514;101918;8295;12;10355909225;S
20240514;101918;8295.5;10;10355909259;B
20240514;101920;8295.5;3;10355909520;B
20240514;101921;8295;1;10355909629;S
20240514;101923;8295.5;1;10355909889;B
20240514;101924;8295;100;10355910037;S
20240514;101928;8295.5;5;10355910705;B
20240514;101929;8295;6;10355910790;S
20240514;101929;8295.5;1;10355910798;B
20240514;101929;8295.5;1;10355910841;B
20240514;101935;8295;1;10355911883;S
20240514;101937;8295;7;10355912090;S
20240514;101937;8295.5;1;10355912219;B
20240514;101938;8295.5;1;10355912398;B
20240514;101940;8295.5;6;10355912620;B
20240514;101945;8295.5;1;10355913220;B
20240514;102005;8295.5;1;10355916126;B
20240514;102006;8295.5;22;10355916149;B
20240514;102006;8295.5;38;10355916150;B
20240514;102006;8295;1;10355916156;S
20240514;102008;8295;1;10355916338;S
20240514;102010;8295;3;10355916560;S
20240514;102018;8295.5;1;10355918629;B
20240514;102018;8295.5;1;10355918682;B
20240514;102020;8295.5;1;10355919047;B
20240514;102021;8295.5;3;10355919134;B
20240514;102024;8295;12;10355919811;S
20240514;102026;8295.5;1;10355920025;B
20240514;102030;8295;2;10355920521;S
20240514;102030;8295.5;1;10355920525;B
20240514;102044;8295.5;2;10355925353;B
20240514;102051;8295.5;1;10355928755;B
20240514;102052;8295;5;10355928896;S
20240514;102106;8295;4;10355933161;S
20240514;102110;8295;1;10355934614;S
20240514;102114;8295;7;10355935656;S
20240514;102122;8295.5;3;10355936950;B
20240514;102146;8295.5;2;10355944591;B
20240514;102150;8295.5;1;10355945182;B
20240514;102152;8295;2;10355945383;S
20240514;102200;8295.5;1;10355948084;B
20240514;102202;8295.5;1;10355949046;B
20240514;102203;8295.5;3;10355949178;B
20240514;102204;8295.5;1;10355949189;B
20240514;102212;8295.5;67;10355951041;B
20240514;102215;8295;19;10355951936;S
20240514;102222;8295;1;10355954110;S
20240514;102229;8295.5;60;10355955968;B
20240514;102231;8295.5;1;10355956357;B
20240514;102237;8295;1;10355958519;S
20240514;102247;8295.5;3;10355961362;B
20240514;102249;8295.5;1;10355961657;B
20240514;102251;8295.5;2;10355961944;B
20240514;102337;8295.5;1;10355976906;B
20240514;102341;8295.5;1;10355979577;B
20240514;102345;8295;4;10355980045;S
20240514;102349;8295.5;2;10355981052;B
20240514;102354;8295.5;1;10355982645;B
20240514;102409;8295.5;1;10355986893;B
20240514;102409;8295.5;1;10355986894;B
20240514;102409;8295.5;1;10355986895;B
20240514;102409;8295.5;1;10355986896;B
20240514;102409;8295.5;1;10355986897;B
20240514;102409;8295.5;1;10355986898;B
20240514;102409;8295.5;1;10355986899;B
20240514;102409;8295.5;1;10355986900;B
20240514;102409;8295.5;1;10355986901;B
20240514;102409;8295.5;1;10355986902;B
20240514;102409;8295.5;1;10355986903;B
20240514;102409;8295.5;1;10355986904;B
20240514;102409;8295.5;1;10355986905;B
20240514;102409;8295.5;27;10355986906;B
20240514;102410;8295;5;10355987072;S
20240514;102412;8295.5;5;10355987255;B
20240514;102418;8295.5;1;10355988925;B
20240514;102423;8295;3;10355991000;S
20240514;102423;8295;4;10355991009;S
20240514;102423;8295.5;2;10355991017;B
20240514;102427;8295;44;10355992066;S
20240514;102427;8295;1;10355992067;S
20240514;102427;8295;2;10355992068;S
20240514;102427;8295;18;10355992069;S
20240514;102427;8295;1;10355992070;S
20240514;102427;8295;1;10355992071;S
20240514;102427;8295;1;10355992072;S
20240514;102427;8295;1;10355992073;S
20240514;102427;8295;1;10355992074;S
20240514;102427;8295;1;10355992075;S
20240514;102427;8295;1;10355992076;S
20240514;102427;8295;1;10355992077;S
20240514;102427;8295;5;10355992078;S
20240514;102427;8295;5;10355992079;S
20240514;102427;8294;8;10355992080;S
20240514;102427;8294;9;10355992081;S
20240514;102427;8293;2;10355992084;S
20240514;102436;8295.5;1;10355994520;B
20240514;102438;8295.5;3;10355995510;B
20240514;102456;8293;1;10355999727;S
20240514;102503;8294;1;10356001486;B
20240514;102508;8294;1;10356002492;B
20240514;102536;8294.5;5;10356011021;B
20240514;102536;8295;11;10356011022;B
20240514;102536;8295;5;10356011023;B
20240514;102536;8295;25;10356011024;B
20240514;102536;8295;4;10356011025;B
20240514;102545;8295.5;5;10356013897;B
20240514;102555;8295;4;10356017832;S
20240514;102603;8295.5;4;10356020425;B
20240514;102603;8295.5;1;10356020426;B
20240514;102603;8296;3;10356020427;B
20240514;102606;8296;1;10356020936;B
20240514;102608;8295.5;1;10356021386;S
20240514;102611;8296;1;10356021779;B
20240514;102616;8295.5;1;10356024588;S
20240514;102626;8296;1;10356027124;B
20240514;102626;8295.5;10;10356027198;S
20240514;102654;8295.5;8;10356035277;S
20240514;102654;8295.5;1;10356035278;S
20240514;102654;8295;19;10356035279;S
20240514;102654;8295;21;10356035280;S
20240514;102654;8294.5;30;10356035281;S
20240514;102654;8294;1;10356035282;S
20240514;102654;8294;200;10356035283;S
20240514;102654;8294;50;10356035284;S
20240514;102654;8294;6;10356035285;S
20240514;102654;8293.5;9;10356035286;S
20240514;102654;8293;5;10356035287;S
20240514;102700;8295.5;10;10356037667;S
20240514;102721;8293;20;10356044668;S
20240514;102731;8292.5;1;10356047630;S
20240514;102731;8292;1;10356047740;S
20240514;102733;8291.5;2;10356048347;S
20240514;102733;8291;2;10356048402;S
20240514;102733;8291;4;10356048403;S
20240514;102734;8291;1;10356048698;S
20240514;102734;8290.5;9;10356048720;S
20240514;102734;8290.5;10;10356048721;S
20240514;102734;8290.5;2;10356048722;S
20240514;102734;8290.5;2;10356048723;S
20240514;102734;8290;28;10356048724;S
20240514;102734;8290;10;10356048725;S
20240514;102734;8290;6;10356048726;S
20240514;102734;8290;1;10356048727;S
20240514;102734;8290;1;10356048728;S
20240514;102734;8290;1;10356048729;S
20240514;102734;8290;5;10356048730;S
20240514;102734;8290;5;10356048731;S
20240514;102734;8290;1;10356048732;S
20240514;102734;8290;6;10356048733;S
20240514;102734;8290;98;10356048734;S
20240514;102735;8290;2;10356048772;S
20240514;102735;8290;1;10356048773;S
20240514;102735;8289.5;17;10356048774;S
20240514;102738;8289.5;4;10356050037;S
20240514;102738;8289.5;21;10356050044;S
20240514;102738;8289.5;21;10356050045;S
20240514;102739;8289;5;10356050179;S
20240514;102739;8288;4;10356050196;S
20240514;102743;8288;1;10356051771;S
20240514;102747;8287;2;10356052349;S
20240514;102750;8287;1;10356053785;S
20240514;102757;8287.5;3;10356055934;B
20240514;102801;8287.5;4;10356057106;B
20240514;102802;8287;5;10356057841;S
20240514;102803;8287;10;10356058185;S
20240514;102806;8287.5;1;10356058479;B
20240514;102823;8286.5;14;10356062855;S
20240514;102823;8286.5;3;10356062856;S
20240514;102823;8286;8;10356062857;S
20240514;102824;8287.5;2;10356062985;B
20240514;102827;8286.5;4;10356063594;S
20240514;102832;8286.5;1;10356064570;B
20240514;102836;8286;3;10356066463;S
20240514;102836;8286;3;10356066498;S
20240514;102844;8287;3;10356067892;B
20240514;102845;8287;2;10356067990;B
20240514;102848;8286;1;10356068322;S
20240514;102848;8286;10;10356068323;S
20240514;102903;8286;1;10356073919;S
20240514;102903;8286;4;10356073920;S
20240514;102905;8286;1;10356074862;S
20240514;102905;8286;1;10356074863;S
20240514;102905;8285.5;6;10356074864;S
20240514;102909;8286.5;1;10356076496;B
20240514;102909;8287;14;10356076497;B
20240514;102909;8287.5;2;10356076498;B
20240514;102936;8286.5;5;10356082428;S
20240514;102941;8287.5;2;10356083007;B
20240514;102944;8287.5;1;10356083266;B
20240514;102951;8287.5;6;10356083780;B
20240514;102951;8287.5;2;10356083806;S
20240514;103000;8287.5;1;10356085354;S
20240514;103006;8287.5;71;10356086550;S
20240514;103006;8287.5;15;10356086551;S
20240514;103006;8287.5;3;10356086552;S
20240514;103006;8286.5;16;10356086553;S
20240514;103006;8285.5;9;10356086554;S
20240514;103006;8285;1;10356086555;S
20240514;103006;8285;1;10356086556;S
20240514;103006;8285;3;10356086557;S
20240514;103006;8285;4;10356086558;S
20240514;103006;8285;20;10356086559;S
20240514;103006;8283;1;10356086560;S
20240514;103006;8283;5;10356086561;S
20240514;103006;8283;1;10356086562;S
20240514;103006;8282.5;15;10356086563;S
20240514;103006;8282.5;4;10356086564;S
20240514;103007;8283.5;9;10356086614;B
20240514;103007;8285.5;1;10356086615;B
20240514;103007;8282.5;4;10356086716;S
20240514;103014;8286;1;10356087597;B
20240514;103015;8282.5;1;10356087627;S
20240514;103018;8283.5;2;10356087938;S
20240514;103024;8283.5;19;10356088536;S
20240514;103024;8283.5;1;10356088537;S
20240514;103033;8286.5;1;10356089596;B
20240514;103033;8286.5;1;10356089597;B
20240514;103034;8287;6;10356089648;B
20240514;103038;8287;6;10356090089;B
20240514;103038;8287.5;9;10356090090;B
20240514;103044;8287.5;3;10356090638;B
20240514;103105;8288;19;10356092719;B
20240514;103105;8287.5;6;10356092758;S
20240514;103109;8287.5;6;10356093249;S
20240514;103109;8287.5;5;10356093250;S
20240514;103109;8287.5;9;10356093251;S
20240514;103109;8287.5;1;10356093252;S
20240514;103112;8285;1;10356093651;B
20240514;103116;8285.5;1;10356093991;B
20240514;103117;8286.5;1;10356094104;B
20240514;103127;8285;1;10356095361;S
20240514;103127;8284.5;1;10356095362;S
20240514;103127;8284.5;5;10356095363;S
20240514;103127;8284;1;10356095364;S
20240514;103127;8284;5;10356095365;S
20240514;103127;8283;5;10356095424;S
20240514;103127;8282.5;5;10356095425;S
20240514;103130;8285.5;1;10356095801;B
20240514;103133;8283;1;10356096144;S
20240514;103134;8282.5;1;10356096224;S
20240514;103212;8282.5;1;10356101003;S
20240514;103217;8282.5;10;10356101706;S
20240514;103224;8282.5;2;10356102352;S
20240514;103224;8282;2;10356102353;S
20240514;103224;8282;1;10356102354;S
20240514;103224;8282;5;10356102355;S
20240514;103230;8284.5;2;10356102923;B
20240514;103230;8285.5;1;10356102939;B
20240514;103230;8285.5;7;10356102940;B
20240514;103230;8286;2;10356102941;B
20240514;103230;8287;9;10356102942;B
20240514;103230;8287;1;10356102946;B
20240514;103244;8284.5;1;10356104671;B
20240514;103313;8284;20;10356112502;S
20240514;103329;8283;2;10356116667;B
20240514;103332;8282;1;10356117123;S
20240514;103332;8282;1;10356117124;S
20240514;103332;8282;3;10356117125;S
20240514;103335;8281.5;2;10356117498;S
20240514;103335;8281.5;2;10356117499;S
20240514;103335;8281.5;2;10356117500;S
20240514;103337;8281;2;10356117803;S
20240514;103337;8281;2;10356117804;S
20240514;103337;8281;8;10356117805;S
20240514;103337;8281;1;10356117806;S
20240514;103337;8281;2;10356117807;S
20240514;103337;8280.5;1;10356117808;S
20240514;103337;8280.5;1;10356117809;S
20240514;103338;8280;1;10356117976;S
20240514;103338;8280;7;10356117977;S
20240514;103338;8280;11;10356117994;S
20240514;103346;8281;1;10356118906;B
20240514;103351;8280;7;10356119376;S
20240514;103351;8280;2;10356119377;S
20240514;103351;8280;2;10356119378;S
20240514;103351;8280;5;10356119379;S
20240514;103351;8280;1;10356119380;S
20240514;103351;8280;10;10356119381;S
20240514;103351;8280;3;10356119382;S
20240514;103407;8281.5;1;10356121032;B
20240514;103411;8280;9;10356121308;S
20240514;103411;8280;2;10356121309;S
20240514;103411;8280;16;10356121310;S
20240514;103411;8280;1;10356121311;S
20240514;103411;8280;2;10356121312;S
20240514;103411;8280;2;10356121313;S
20240514;103421;8280;1;10356122642;S
20240514;103421;8280;7;10356122643;S
20240514;103421;8280;34;10356122644;S
20240514;103430;8280;10;10356123664;S
20240514;103431;8280;6;10356123722;S
20240514;103431;8280;1;10356123723;S
20240514;103431;8280;1;10356123724;S
20240514;103431;8279.5;1;10356123725;S
20240514;103432;8282.5;2;10356123765;B
20240514;103433;8279.5;7;10356123819;S
20240514;103434;8279.5;21;10356123913;S
20240514;103434;8279;30;10356123914;S
20240514;103434;8279;1;10356123915;S
20240514;103434;8279;1;10356123916;S
20240514;103434;8279;9;10356123917;S
20240514;103434;8278.5;1;10356123918;S
20240514;103434;8278.5;34;10356123919;S
20240514;103434;8277.5;1;10356123920;S
20240514;103434;8277.5;1;10356123921;S
20240514;103434;8277.5;9;10356123922;S
20240514;103434;8277;33;10356123923;S
20240514;103434;8277;13;10356123924;S
20240514;103434;8277;20;10356123942;S
20240514;103434;8276;10;10356123943;S
20240514;103434;8276;1;10356123944;S
20240514;103434;8276;1;10356123945;S
20240514;103434;8276;1;10356123946;S
20240514;103434;8275.5;1;10356123947;S
20240514;103434;8275.5;3;10356123948;S
20240514;103434;8275.5;1;10356123949;S
20240514;103434;8275;1;10356123950;S
20240514;103435;8275.5;21;10356124011;S
20240514;103435;8275;1;10356124012;S
20240514;103435;8275;1;10356124013;S
20240514;103435;8275;9;10356124014;S
20240514;103435;8275;1;10356124015;S
20240514;103435;8274.5;9;10356124016;S
20240514;103435;8274.5;8;10356124017;S
20240514;103435;8274.5;1;10356124018;S
20240514;103435;8275;4;10356124036;S
20240514;103435;8275;1;10356124075;S
20240514;103514;8276;21;10356128159;S
20240514;103514;8276;7;10356128160;S
20240514;103514;8276;3;10356128161;S
20240514;103514;8275.5;8;10356128162;S
20240514;103514;8275;20;10356128163;S
20240514;103514;8275;1;10356128164;S
20240514;103514;8275;2;10356128165;S
20240514;103514;8275;1;10356128166;S
20240514;103514;8275;1;10356128167;S
20240514;103514;8274;1;10356128168;S
20240514;103514;8274;1;10356128169;S
20240514;103514;8274;9;10356128170;S
20240514;103514;8273.5;1;10356128171;S
20240514;103514;8273.5;1;10356128172;S
20240514;103514;8273.5;8;10356128173;S
20240514;103514;8273.5;1;10356128174;S
20240514;103514;8273.5;14;10356128175;S
20240514;103514;8277;1;10356128181;B
20240514;103514;8277;8;10356128225;B
20240514;103514;8277;10;10356128244;S
20240514;103516;8278;1;10356128475;B
20240514;103518;8278;1;10356128714;B
20240514;103518;8278;2;10356128777;B
20240514;103536;8278;2;10356131050;B
20240514;103537;8278;2;10356131112;B
20240514;103537;8277;82;10356131117;S
20240514;103537;8276.5;7;10356131118;S
20240514;103537;8275.5;11;10356131119;S
20240514;103537;8278;5;10356131144;B
20240514;103538;8278;2;10356131201;B
20240514;103538;8278;1;10356131278;S
20240514;103542;8280;1;10356131595;B
20240514;103542;8280.5;1;10356131596;B
20240514;103542;8280.5;7;10356131597;B
20240514;103542;8280.5;7;10356131598;B
20240514;103542;8281;1;10356131599;B
20240514;103542;8282;3;10356131600;B
20240514;103547;8278;2;10356132098;S
20240514;103547;8278;1;10356132099;S
20240514;103549;8281.5;1;10356132305;B
20240514;103550;8282.5;1;10356132393;B
20240514;103556;8278;4;10356133069;S
20240514;103558;8282.5;1;10356133328;B
20240514;103639;8279.5;4;10356137402;S
20240514;103654;8282;9;10356138794;B
20240514;103654;8282.5;3;10356138795;B
20240514;103657;8279;4;10356140123;S
20240514;103701;8279;5;10356140419;S
20240514;103701;8279;5;10356140420;S
20240514;103701;8279;2;10356140421;S
20240514;103701;8283;9;10356140435;S
20240514;103701;8278.5;1;10356140436;B
20240514;103703;8279;1;10356140601;B
20240514;103707;8279;5;10356141023;B
20240514;103707;8279.5;1;10356141024;B
20240514;103721;8283.5;4;10356142491;B
20240514;103721;8283.5;5;10356142492;B
20240514;103721;8283.5;31;10356142493;B
20240514;103727;8280.5;7;10356143026;S
20240514;103735;8283.5;1;10356143920;B
20240514;103741;8284;1;10356144683;B
20240514;103755;8284;1;10356146031;B
20240514;103757;8284;48;10356146478;B
20240514;103757;8284;5;10356146479;B
20240514;103757;8284.5;5;10356146480;B
20240514;103757;8285;1;10356146481;B
20240514;103757;8285;1;10356146482;B
20240514;103757;8286;5;10356146483;B
20240514;103757;8286.5;2;10356146484;B
20240514;103757;8287;9;10356146485;B
20240514;103757;8287;20;10356146486;B
20240514;103757;8287.5;17;10356146487;B
20240514;103819;8287;5;10356149817;B
20240514;103819;8287.5;5;10356149818;B
20240514;103821;8287;5;10356150129;B
20240514;103826;8287;3;10356150484;B
20240514;103826;8287;3;10356150485;B
20240514;103826;8287.5;4;10356150486;B
20240514;103837;8285;2;10356151706;S
20240514;103909;8286.5;1;10356156050;B
20240514;103925;8287.5;1;10356157466;B
20240514;103937;8287.5;1;10356158958;B
20240514;103938;8287;5;10356159054;S
20240514;103938;8287;15;10356159055;S
20240514;103948;8287.5;2;10356160395;B
20240514;103948;8287.5;3;10356160396;B
20240514;103958;8287.5;2;10356161502;B
20240514;104020;8287.5;1;10356163932;B
20240514;104020;8287;1;10356163961;S
20240514;104021;8287;1;10356164169;S
20240514;104033;8287.5;1;10356166223;B
20240514;104044;8287.5;2;10356167812;B
20240514;104045;8287;2;10356168067;S
20240514;104055;8287.5;1;10356169319;B
20240514;104059;8287.5;6;10356169652;B
20240514;104102;8287.5;1;10356169843;S
20240514;104106;8287.5;10;10356170278;B
20240514;104106;8287.5;6;10356170279;B
20240514;104106;8288;11;10356170280;B
20240514;104106;8288;2;10356170281;B
20240514;104109;8288;5;10356170565;B
20240514;104125;8287.5;16;10356172181;S
20240514;104127;8288;2;10356172354;B
20240514;104133;8287.5;3;10356173390;S
20240514;104133;8287.5;11;10356173391;S
20240514;104133;8287.5;5;10356173392;S
20240514;104133;8287.5;11;10356173393;S
20240514;104133;8288;1;10356173404;B
20240514;104133;8288;5;10356173405;B
20240514;104142;8288;2;10356174245;S
20240514;104150;8288;16;10356175171;B
20240514;104150;8288.5;20;10356175172;B
20240514;104150;8288.5;3;10356175173;B
20240514;104200;8289.5;10;10356176437;B
20240514;104207;8289.5;2;10356177858;B
20240514;104209;8289.5;8;10356178171;B
20240514;104232;8290;2;10356180346;B
20240514;104238;8289.5;4;10356181078;S
20240514;104243;8289.5;2;10356181673;S
20240514;104245;8290;1;10356181866;B
20240514;104247;8289.5;10;10356182037;S
20240514;104251;8289.5;4;10356182621;S
20240514;104259;8290;1;10356183477;B
20240514;104305;8289.5;6;10356184129;S
20240514;104306;8290;1;10356184188;B
20240514;104312;8290;14;10356184884;B
20240514;104313;8290;1;10356184928;B
20240514;104318;8290;2;10356185506;B
20240514;104319;8290;1;10356185572;B
20240514;104319;8290;2;10356185586;B
20240514;104319;8290;1;10356185587;B
20240514;104320;8290;1;10356185684;B
20240514;104322;8290;2;10356185818;B
20240514;104342;8290.5;2;10356187950;B
20240514;104344;8290.5;2;10356188429;B
20240514;104348;8290.5;2;10356189008;B
20240514;104355;8290.5;3;10356190288;B
20240514;104357;8290.5;1;10356190665;B
20240514;104425;8291.5;1;10356194728;B
20240514;104430;8291.5;2;10356195463;B
20240514;104436;8291.5;1;10356196252;B
20240514;104453;8291.5;1;10356198318;B
20240514;104453;8293;2;10356198319;B
20240514;104453;8293.5;1;10356198320;B
20240514;104453;8294;1;10356198321;B
20240514;104453;8294.5;3;10356198322;B
20240514;104453;8294.5;7;10356198323;B
20240514;104457;8294.5;1;10356198713;B
20240514;104500;8295;10;10356199061;B
20240514;104505;8295;10;10356199849;B
20240514;104528;8292.5;1;10356202472;S
20240514;104528;8292;1;10356202473;S
20240514;104528;8292;6;10356202474;S
20240514;104528;8291.5;8;10356202475;S
20240514;104535;8291;3;10356203354;S
20240514;104547;8290;1;10356204865;S
20240514;104547;8289.5;2;10356204866;S
20240514;104554;8289.5;6;10356206018;S
20240514;104612;8289.5;16;10356208187;S
20240514;104621;8289.5;1;10356209143;S
20240514;104626;8288.5;1;10356209631;S
20240514;104631;8289.5;4;10356210087;B
20240514;104631;8289.5;4;10356210088;B
20240514;104631;8290;9;10356210089;B
20240514;104631;8290.5;1;10356210090;B
20240514;104633;8290.5;1;10356210285;B
20240514;104642;8290;1;10356211420;B
20240514;104712;8288.5;4;10356214073;S
20240514;104720;8288.5;8;10356214888;S
20240514;104730;8290.5;1;10356216150;B
20240514;104740;8290.5;3;10356217679;B
20240514;104742;8288.5;16;10356218067;S
20240514;104755;8289;1;10356219236;S
20240514;104800;8288.5;28;10356219672;S
20240514;104800;8288.5;2;10356219673;S
20240514;104800;8288.5;9;10356219674;S
20240514;104800;8288;4;10356219676;S
20240514;104801;8288;1;10356219770;S
20240514;104804;8287.5;9;10356220115;S
20240514;104804;8287;70;10356220171;S
20240514;104804;8287;2;10356220172;S
20240514;104804;8287;1;10356220173;S
20240514;104804;8287;1;10356220181;S
20240514;104804;8286.5;1;10356220187;B
20240514;104804;8287;1;10356220195;B
20240514;104804;8287;1;10356220201;B
20240514;104804;8287;1;10356220203;B
20240514;104805;8286.5;4;10356220259;S
20240514;104812;8286;2;10356221198;B
20240514;104819;8285;1;10356222236;S
20240514;104819;8283.5;4;10356222237;S
20240514;104819;8283;1;10356222238;S
20240514;104819;8283;5;10356222239;S
20240514;104819;8282.5;9;10356222240;S
20240514;104845;8284;1;10356225910;B
20240514;104904;8282.5;1;10356228192;S
20240514;104904;8281.5;1;10356228193;S
20240514;104904;8281.5;4;10356228194;S
20240514;104904;8281;15;10356228195;S
20240514;104904;8281;20;10356228196;S
20240514;104904;8280;7;10356228197;S
20240514;104904;8280;1;10356228198;S
20240514;104904;8280;1;10356228199;S
20240514;104923;8284;1;10356233879;B
20240514;104924;8280;1;10356233999;S
20240514;105028;8280;1;10356243440;S
20240514;105037;8280;3;10356245009;S
20240514;105037;8280;1;10356245010;S
20240514;105037;8280;1;10356245011;S
20240514;105037;8280;1;10356245012;S
20240514;105037;8280;9;10356245013;S
20240514;105058;8283.5;4;10356246901;B
20240514;105058;8284;4;10356246902;B
20240514;105108;8280;1;10356247991;S
20240514;105108;8280;2;10356247992;S
20240514;105108;8280;1;10356247993;S
20240514;105108;8279.5;1;10356247994;S
20240514;105124;8281;1;10356249302;S
20240514;105124;8281;1;10356249303;S
20240514;105150;8284;1;10356251324;B
20240514;105158;8284;5;10356252008;B
20240514;105208;8284;2;10356252813;B
20240514;105217;8284;1;10356253560;B
20240514;105217;8284;1;10356253561;B
20240514;105220;8284.5;1;10356253911;B
20240514;105244;8284.5;1;10356255979;B
20240514;105254;8284.5;1;10356256812;S
20240514;105256;8284.5;1;10356256988;S
20240514;105256;8282.5;3;10356256989;S
20240514;105256;8282;2;10356256990;S
20240514;105256;8282;10;10356256991;S
20240514;105315;8285;1;10356258439;B
20240514;105322;8285;10;10356259537;B
20240514;105327;8285;5;10356259960;B
20240514;105329;8284.5;1;10356260547;S
20240514;105336;8284.5;6;10356261101;S
20240514;105336;8284;6;10356261102;S
20240514;105339;8284.5;1;10356261338;S
20240514;105341;8284;3;10356261494;S
20240514;105341;8284;3;10356261495;S
20240514;105341;8283.5;6;10356261496;S
20240514;105427;8285;4;10356268234;B
20240514;105427;8286;1;10356268235;B
20240514;105435;8290;3;10356269566;B
20240514;105441;8287;1;10356270055;S
20240514;105441;8286.5;1;10356270056;S
20240514;105450;8286;1;10356270793;S
20240514;105502;8289.5;1;10356272038;B
20240514;105503;8289.5;1;10356272170;B
20240514;105504;8285.5;6;10356272238;S
20240514;105507;8289.5;1;10356272601;B
20240514;105507;8289.5;99;10356272602;B
20240514;105519;8287.5;1;10356273516;S
20240514;105519;8287;1;10356273517;S
20240514;105519;8287;1;10356273518;S
20240514;105523;8290;1;10356273914;B
20240514;105556;8290;1;10356276350;S
20240514;105631;8291.5;2;10356279573;B
20240514;105631;8291.5;2;10356279574;B
20240514;105631;8291.5;1;10356279575;B
20240514;105642;8290.5;1;10356280608;S
20240514;105739;8292.5;10;10356285251;B
20240514;105751;8290.5;1;10356286618;S
20240514;105756;8293;1;10356286962;B
20240514;105812;8290.5;1;10356288545;S
20240514;105822;8292.5;21;10356289355;B
20240514;105822;8293;3;10356289356;B
20240514;105822;8294;6;10356289357;B
20240514;105822;8294;5;10356289358;B
20240514;105822;8294.5;2;10356289359;B
20240514;105822;8294.5;3;10356289360;B
20240514;105825;8294;1;10356289563;B
20240514;105827;8294;4;10356289740;B
20240514;105831;8293.5;8;10356289975;B
20240514;105831;8293.5;21;10356289976;B
20240514;105831;8294;3;10356289977;B
20240514;105831;8295;174;10356289978;B
20240514;105844;8294;1;10356291017;S
20240514;105844;8294;25;10356291018;S
20240514;105844;8293.5;1;10356291019;S
20240514;105844;8293.5;3;10356291020;S
20240514;105844;8293.5;15;10356291021;S
20240514;105847;8295;5;10356291237;B
20240514;105847;8295;1;10356291238;B
20240514;105847;8295;3;10356291239;B
20240514;105847;8295;20;10356291240;B
20240514;105847;8295;3;10356291241;B
20240514;105850;8296;2;10356291396;B
20240514;105850;8296;4;10356291417;B
20240514;105851;8295.5;25;10356291459;S
20240514;105854;8295.5;1;10356291752;B
20240514;105854;8295;1;10356291777;S
20240514;105900;8295;2;10356292193;S
20240514;105900;8295;1;10356292194;S
20240514;105903;8295;16;10356292454;S
20240514;105905;8295.5;4;10356292793;B
20240514;105905;8295.5;3;10356292794;B
20240514;105905;8295.5;25;10356292795;B
20240514;105905;8296;4;10356292796;B
20240514;105905;8296;3;10356292797;B
20240514;105905;8297;20;10356292798;B
20240514;105905;8297;20;10356292799;B
20240514;105905;8298;20;10356292800;B
20240514;105905;8298;21;10356292801;B
20240514;105905;8298.5;1;10356292802;B
20240514;105905;8298.5;9;10356292803;B
20240514;105905;8299;11;10356292804;B
20240514;105905;8299;1;10356292805;B
20240514;105905;8299;2;10356292806;B
20240514;105905;8299.5;3;10356292807;B
20240514;105905;8300;3;10356292808;B
20240514;105905;8296.5;2;10356292815;B
20240514;105906;8296.5;8;10356292911;B
20240514;105906;8296.5;9;10356292912;B
20240514;105906;8297;3;10356292913;B
20240514;105906;8299;18;10356292919;B
20240514;105906;8299.5;21;10356292983;B
20240514;105906;8299.5;4;10356292984;B
20240514;105906;8300;2;10356292985;B
20240514;105906;8300;1;10356292986;B
20240514;105906;8300;10;10356292987;B
20240514;105906;8300;1;10356292988;B
20240514;105906;8300;5;10356292989;B
20240514;105906;8300;4;10356292990;B
20240514;105906;8300;1;10356292991;B
20240514;105906;8300;20;10356292992;B
20240514;105906;8300.5;1;10356292993;B
20240514;105906;8300.5;20;10356292994;B
20240514;105906;8302;3;10356292995;B
20240514;105906;8303;1;10356292996;B
20240514;105906;8303;9;10356292997;B
20240514;105906;8304;7;10356292998;B
20240514;105906;8304.5;9;10356292999;B
20240514;105906;8304.5;31;10356293000;B
20240514;105925;8301.5;2;10356296286;S
20240514;105948;8301;2;10356298580;S
20240514;105948;8300.5;1;10356298581;S
20240514;105958;8301.5;1;10356299350;B
20240514;105958;8301.5;10;10356299351;B
20240514;110003;8301.5;11;10356299992;B
20240514;110003;8301.5;1;10356299997;S
20240514;110003;8301.5;12;10356299999;S
20240514;110003;8302;2;10356300001;B
20240514;110003;8301.5;26;10356300002;S
20240514;110003;8300.5;2;10356300003;S
20240514;110003;8300;1;10356300004;S
20240514;110003;8300;66;10356300005;S
20240514;110003;8301.5;1;10356300036;B
20240514;110003;8300.5;1;10356300038;S
20240514;110004;8301.5;1;10356300130;B
20240514;110004;8302;21;10356300131;B
20240514;110004;8302.5;1;10356300132;B
20240514;110004;8302.5;2;10356300133;B
20240514;110004;8303;1;10356300134;B
20240514;110004;8303;1;10356300135;B
20240514;110004;8303.5;9;10356300136;B
20240514;110004;8304;20;10356300137;B
20240514;110004;8305;1;10356300138;B
20240514;110004;8305;23;10356300139;B
20240514;110004;8306.5;1;10356300140;B
20240514;110004;8307;52;10356300141;B
20240514;110004;8307.5;9;10356300142;B
20240514;110004;8308;3;10356300143;B
20240514;110004;8308.5;5;10356300144;B
20240514;110005;8302.5;2;10356300379;S
20240514;110006;8305;1;10356300524;B
20240514;110010;8305;21;10356301401;B
20240514;110010;8305;2;10356301402;B
20240514;110010;8307;20;10356301403;B
20240514;110010;8309;1;10356301404;B
20240514;110010;8309.5;12;10356301405;B
20240514;110010;8309.5;25;10356301406;B
20240514;110010;8310;4;10356301407;B
20240514;110010;8310;20;10356301408;B
20240514;110010;8310;1;10356301409;B
20240514;110010;8310;9;10356301410;B
20240514;110010;8310.5;9;10356301411;B
20240514;110010;8311;20;10356301412;B
20240514;110010;8312;6;10356301413;B
20240514;110012;8307;1;10356301749;B
20240514;110015;8307;1;10356302534;B
20240514;110026;8307;1;10356306152;S
20240514;110028;8307.5;5;10356306626;B
20240514;110033;8307.5;1;10356307714;B
20240514;110038;8307.5;1;10356308651;B
20240514;110042;8307.5;1;10356309600;B
20240514;110046;8307;10;10356310239;S
20240514;110053;8307.5;1;10356311733;B
20240514;110110;8307.5;2;10356315768;B
20240514;110110;8307;1;10356315810;S
20240514;110110;8306.5;1;10356315815;S
20240514;110110;8305.5;1;10356315816;S
20240514;110110;8305;1;10356315817;S
20240514;110110;8304.5;4;10356315818;S
20240514;110110;8304;1;10356315819;S
20240514;110110;8303.5;1;10356315820;S
20240514;110110;8303.5;4;10356315821;S
20240514;110110;8303;2;10356315822;S
20240514;110110;8303;4;10356315823;S
20240514;110113;8302;1;10356316496;B
20240514;110215;8303.5;9;10356329505;B
20240514;110215;8304.5;1;10356329506;B
20240514;110215;8304.5;1;10356329507;B
20240514;110215;8305.5;21;10356329508;B
20240514;110215;8306;2;10356329509;B
20240514;110215;8306.5;8;10356329511;B
20240514;110215;8306.5;13;10356329512;B
20240514;110215;8307.5;5;10356329514;B
20240514;110216;8307.5;1;10356329639;B
20240514;110224;8306.5;2;10356331268;S
20240514;110224;8306;66;10356331269;S
20240514;110224;8306;1;10356331270;S
20240514;110224;8306;9;10356331271;S
20240514;110224;8306;9;10356331272;S
20240514;110243;8306;1;10356335691;B
20240514;110249;8306;2;10356337228;B
20240514;110249;8306;3;10356337229;B
20240514;110310;8307.5;1;10356342061;B
20240514;110323;8307;1;10356345830;B
20240514;110323;8307.5;1;10356345831;B
20240514;110323;8307.5;3;10356345832;B
20240514;110342;8309.5;1;10356350211;B
20240514;110346;8307.5;10;10356350977;S
20240514;110346;8306.5;4;10356350978;S
20240514;110346;8306.5;2;10356350979;S
20240514;110358;8306.5;2;10356353677;B
20240514;110358;8306.5;2;10356353678;B
20240514;110412;8308.5;1;10356356774;B
20240514;110414;8308.5;20;10356357288;B
20240514;110418;8308.5;2;10356357939;B
20240514;110418;8308.5;3;10356357940;B
20240514;110420;8306;1;10356358410;B
20240514;110429;8305;10;10356360019;S
20240514;110429;8305;2;10356360020;S
20240514;110429;8304.5;4;10356360021;S
20240514;110438;8307;2;10356361617;B
20240514;110438;8307.5;2;10356361618;B
20240514;110507;8304;2;10356367144;S
20240514;110507;8304;9;10356367145;S
20240514;110507;8304;2;10356367146;S
20240514;110507;8304;3;10356367147;S
20240514;110518;8306;2;10356369169;B
20240514;110518;8307;2;10356369170;B
20240514;110534;8306;2;10356371864;S
20240514;110534;8305;5;10356371865;S
20240514;110538;8308.5;2;10356372472;B
20240514;110551;8305.5;3;10356375003;S
20240514;110551;8305.5;13;10356375004;S
20240514;110558;8308.5;4;10356376368;B
20240514;110633;8307.5;4;10356382888;B
20240514;110633;8308;1;10356382889;B
20240514;110633;8308;25;10356382890;B
20240514;110633;8308.5;21;10356382891;B
20240514;110633;8309;20;10356382892;B
20240514;110633;8309;9;10356382893;B
20240514;110633;8309.5;1;10356382894;B
20240514;110633;8310;1;10356382895;B
20240514;110633;8311;20;10356382896;B
20240514;110633;8312;10;10356382897;B
20240514;110633;8312;5;10356382898;B
20240514;110633;8312.5;10;10356382899;B
20240514;110633;8312.5;8;10356382900;B
20240514;110648;8312;19;10356386773;B
20240514;110710;8312;3;10356390495;B
20240514;110710;8312;2;10356390496;B
20240514;110710;8309;1;10356390506;S
20240514;110723;8309;4;10356392550;S
20240514;110743;8311;1;10356395844;B
20240514;110754;8310;100;10356397778;S
20240514;110804;8310;10;10356399664;B
20240514;110805;8309;4;10356399711;S
20240514;110805;8308;4;10356399712;S
20240514;110805;8307.5;4;10356399713;S
20240514;110805;8306.5;4;10356399714;S
20240514;110814;8306;1;10356401667;B
20240514;110815;8306.5;4;10356401978;B
20240514;110815;8307;9;10356401979;B
20240514;110815;8307.5;25;10356401980;B
20240514;110815;8308;20;10356401981;B
20240514;110815;8309;9;10356401982;B
20240514;110815;8309.5;1;10356401983;B
20240514;110815;8309.5;5;10356401984;B
20240514;110815;8310;31;10356401985;B
20240514;110815;8310.5;52;10356401986;B
20240514;110818;8310;31;10356402426;B
20240514;110818;8310;25;10356402427;B
20240514;110821;8310.5;1;10356403153;B
20240514;110824;8310;2;10356403638;S
20240514;110837;8310;1;10356406256;B
20240514;110837;8308;1;10356406344;S
20240514;110838;8310;2;10356406396;B
20240514;110838;8310;9;10356406402;S
20240514;110838;8309;1;10356406403;S
20240514;110847;8308.5;4;10356408202;B
20240514;110847;8308.5;9;10356408203;S
20240514;110855;8308.5;1;10356410893;S
20240514;110858;8310;25;10356411566;B
20240514;110858;8310;4;10356411567;B
20240514;110914;8308.5;4;10356415324;S
20240514;110914;8308.5;1;10356415325;S
20240514;110918;8309.5;1;10356415994;B
20240514;110945;8309;1;10356422001;B
20240514;110947;8309;1;10356422574;B
20240514;110947;8309;4;10356422575;B
20240514;110950;8308.5;1;10356423033;S
20240514;110958;8309.5;2;10356424252;B
20240514;111002;8309;4;10356425061;S
20240514;111002;8308.5;9;10356425062;S
20240514;111002;8308.5;2;10356425063;S
20240514;111002;8308;10;10356425064;S
20240514;111002;8307.5;5;10356425065;S
20240514;111002;8307;2;10356425066;S
20240514;111002;8307;9;10356425067;S
20240514;111002;8307;19;10356425068;S
20240514;111018;8308;4;10356427701;B
20240514;111018;8308;3;10356427702;B
20240514;111018;8308.5;8;10356427703;B
20240514;111023;8308;9;10356428526;S
20240514;111023;8307.5;1;10356428527;S
20240514;111026;8307;2;10356428909;S
20240514;111038;8308.5;3;10356431990;B
20240514;111047;8307;2;10356433502;S
20240514;111056;8308;3;10356434580;B
20240514;111058;8308;1;10356435607;B
20240514;111105;8308;1;10356436851;B
20240514;111111;8307;16;10356437884;S
20240514;111118;8308;4;10356439018;B
20240514;111122;8307;3;10356439561;S
20240514;111122;8307;2;10356439562;S
20240514;111122;8307;2;10356439563;S
20240514;111122;8307;2;10356439564;S
20240514;111128;8308;3;10356440610;B
20240514;111134;8308;3;10356441629;B
20240514;111134;8308;2;10356441630;B
20240514;111134;8308;1;10356441631;B
20240514;111134;8308;1;10356441632;B
20240514;111134;8308.5;1;10356441633;B
20240514;111138;8308.5;5;10356442089;B
20240514;111142;8310;1;10356442854;B
20240514;111151;8310;1;10356444576;B
20240514;111158;8310;1;10356446268;B
20240514;111230;8310;2;10356454123;B
20240514;111230;8310;1;10356454124;B
20240514;111230;8310;1;10356454125;B
20240514;111230;8310.5;47;10356454126;B
20240514;111230;8310.5;1;10356454127;B
20240514;111230;8310.5;5;10356454128;B
20240514;111230;8311;7;10356454129;B
20240514;111230;8311.5;4;10356454130;B
20240514;111230;8312;10;10356454131;B
20240514;111230;8312;13;10356454132;B
20240514;111230;8312.5;5;10356454133;B
20240514;111230;8312.5;1;10356454134;B
20240514;111230;8312.5;3;10356454135;B
20240514;111230;8311.5;1;10356454198;S
20240514;111238;8312.5;1;10356456022;B
20240514;111259;8311.5;9;10356460231;S
20240514;111259;8311.5;5;10356460232;S
20240514;111259;8310.5;25;10356460233;S
20240514;111259;8310;1;10356460234;S
20240514;111259;8310;20;10356460235;S
20240514;111259;8309;1;10356460236;S
20240514;111259;8309;9;10356460237;S
20240514;111259;8308;4;10356460238;S
20240514;111259;8308;76;10356460239;S
20240514;111310;8308.5;1;10356462265;S
20240514;111313;8308;1;10356462631;B
20240514;111313;8307.5;3;10356462671;S
20240514;111318;8308;9;10356463451;B
20240514;111318;8309;7;10356463452;B
20240514;111318;8309.5;4;10356463453;B
20240514;111318;8310;10;10356463454;B
20240514;111321;8310;1;10356463908;B
20240514;111328;8310;1;10356465032;B
20240514;111329;8310;5;10356465106;B
20240514;111331;8310;5;10356465419;B
20240514;111335;8310;1;10356466457;B
20240514;111338;8310;3;10356466803;B
20240514;111343;8310;1;10356467702;B
20240514;111351;8310;1;10356468832;B
20240514;111351;8310;22;10356468833;B
20240514;111351;8310;2;10356468834;B
20240514;111351;8310;1;10356468835;B
20240514;111352;8311;1;10356469003;S
20240514;111356;8311;1;10356469588;B
20240514;111357;8311;1;10356469881;B
20240514;111404;8310;1;10356470972;S
20240514;111405;8310.5;1;10356471014;B
20240514;111407;8310;2;10356471386;S
20240514;111407;8310;9;10356471387;S
20240514;111407;8309;8;10356471388;S
20240514;111413;8308.5;16;10356472344;S
20240514;111418;8309;6;10356473014;B
20240514;111418;8309;2;10356473015;B
20240514;111418;8309;1;10356473016;B
20240514;111418;8309.5;7;10356473017;B
20240514;111431;8309;4;10356474805;S
20240514;111431;8308.5;25;10356474806;S
20240514;111431;8308;6;10356474807;S
20240514;111431;8308;7;10356474808;S
20240514;111431;8308;5;10356474809;S
20240514;111431;8307.5;1;10356474810;S
20240514;111431;8307.5;12;10356474811;S
20240514;111432;8308;3;10356475046;B
20240514;111438;8308;1;10356476078;B
20240514;111438;8310;6;10356476079;B
20240514;111438;8310;7;10356476080;B
20240514;111446;8310;9;10356477337;S
20240514;111446;8309.5;6;10356477338;S
20240514;111446;8308.5;25;10356477339;S
20240514;111446;8308.5;12;10356477340;S
20240514;111449;8308;1;10356477750;S
20240514;111454;8308;1;10356478988;S
20240514;111456;8308;8;10356479600;S
20240514;111456;8308;6;10356479601;S
20240514;111456;8307;2;10356479602;S
20240514;111458;8308;9;10356479915;B
20240514;111458;8308;6;10356479916;B
20240514;111458;8308;3;10356479917;B
20240514;111458;8309.5;1;10356479918;B
20240514;111458;8307;10;10356480016;S
20240514;111517;8307;16;10356482972;S
20240514;111518;8309;6;10356483157;B
20240514;111520;8307;22;10356483600;S
20240514;111520;8307;9;10356483601;S
20240514;111522;8306.5;16;10356484035;S
20240514;111528;8306.5;16;10356485194;S
20240514;111531;8306.5;8;10356485583;S
20240514;111533;8305.5;16;10356485941;S
20240514;111536;8306;6;10356486537;B
20240514;111538;8306;6;10356486981;B
20240514;111538;8306;6;10356486982;B
20240514;111538;8306;9;10356486983;B
20240514;111538;8306;3;10356486984;B
20240514;111538;8305.5;16;10356487233;S
20240514;111547;8305.5;16;10356489809;S
20240514;111550;8306;4;10356491059;B
20240514;111552;8305.5;16;10356491691;S
20240514;111554;8306;2;10356492384;B
20240514;111557;8306;1;10356493279;S
20240514;111557;8305.5;15;10356493280;S
20240514;111558;8306;6;10356493685;B
20240514;111558;8306.5;11;10356493686;B
20240514;111602;8305.5;16;10356494991;S
20240514;111617;8305.5;369;10356497439;S
20240514;111618;8306;7;10356497640;B
20240514;111618;8306;9;10356497641;B
20240514;111618;8306;3;10356497642;B
20240514;111618;8306;3;10356497643;B
20240514;111618;8307;69;10356497644;B
20240514;111618;8307.5;5;10356497645;B
20240514;111618;8305.5;36;10356497775;S
20240514;111618;8305.5;4;10356497776;S
20240514;111632;8306.5;16;10356499960;B
20240514;111632;8306.5;6;10356499961;B
20240514;111632;8308;9;10356499962;B
20240514;111632;8308.5;2;10356499963;B
20240514;111632;8309;1;10356499964;B
20240514;111632;8309;25;10356499965;B
20240514;111632;8309.5;1;10356499966;B
20240514;111632;8309.5;9;10356499967;B
20240514;111633;8310;1;10356500089;B
20240514;111645;8306;9;10356501945;S
20240514;111645;8306;7;10356501946;S
20240514;111647;8305.5;1;10356502631;S
20240514;111647;8305;2;10356502632;S
20240514;111647;8305;3;10356502633;S
20240514;111647;8305;1;10356502634;S
20240514;111647;8305;1;10356502635;S
20240514;111647;8304.5;6;10356502636;S
20240514;111647;8304;1;10356502637;S
20240514;111647;8304;5;10356502638;S
20240514;111647;8303.5;5;10356502639;S
20240514;111647;8303.5;25;10356502640;S
20240514;111647;8303;1;10356502676;S
20240514;111647;8303;1;10356502677;S
20240514;111651;8306;25;10356503177;B
20240514;111651;8306;9;10356503178;B
20240514;111651;8306.5;1;10356503179;B
20240514;111651;8306.5;6;10356503180;B
20240514;111651;8307;4;10356503181;B
20240514;111651;8307.5;14;10356503182;B
20240514;111651;8307.5;1;10356503283;B
20240514;111651;8308;1;10356503284;B
20240514;111711;8307;1;10356506996;B
20240514;111711;8304;6;10356507049;S
20240514;111711;8304;1;10356507050;S
20240514;111711;8303.5;9;10356507051;S
20240514;111720;8304.5;1;10356509239;B
20240514;111725;8302.5;4;10356510169;S
20240514;111727;8302.5;1;10356510440;S
20240514;111727;8303;1;10356510523;B
20240514;111731;8303;9;10356510966;B
20240514;111732;8302.5;5;10356511120;S
20240514;111734;8303;2;10356511695;B
20240514;111735;8302.5;10;10356511801;S
20240514;111735;8302.5;6;10356511802;S
20240514;111739;8301.5;2;10356512602;S
20240514;111739;8301;3;10356512603;S
20240514;111739;8301;9;10356512604;S
20240514;111739;8300.5;2;10356512605;S
20240514;111739;8300.5;8;10356512707;S
20240514;111739;8300.5;5;10356512708;S
20240514;111739;8300.5;6;10356512709;S
20240514;111739;8300;34;10356512710;S
20240514;111739;8300;5;10356512711;S
20240514;111739;8300;1;10356512712;S
20240514;111739;8300;19;10356512713;S
20240514;111751;8302.5;25;10356515225;B
20240514;111751;8302.5;6;10356515226;B
20240514;111751;8302.5;3;10356515227;B
20240514;111751;8303;9;10356515228;B
20240514;111751;8303;8;10356515229;B
20240514;111808;8301.5;1;10356519636;S
20240514;111808;8301.5;1;10356519637;S
20240514;111823;8301.5;1;10356524699;S
20240514;111823;8301;15;10356524700;S
20240514;111831;8302.5;7;10356527267;B
20240514;111842;8301;1;10356531712;S
20240514;111851;8302.5;1;10356534643;B
20240514;111903;8301;2;10356538128;S
20240514;111903;8301;1;10356538129;S
20240514;111903;8300.5;1;10356538179;S
20240514;111908;8300.5;1;10356538954;S
20240514;111911;8302.5;1;10356539659;B
20240514;111911;8302.5;1;10356539660;B
20240514;111913;8304;1;10356540062;B
20240514;111916;8301;1;10356540469;S
20240514;111916;8301;1;10356540470;S
20240514;111916;8301;18;10356540471;S
20240514;111917;8301;2;10356540677;S
20240514;111917;8300.5;12;10356540678;S
20240514;111931;8302.5;5;10356543789;B
20240514;111931;8302.5;1;10356543790;B
20240514;111931;8302.5;2;10356543791;B
20240514;111931;8303;7;10356543792;B
20240514;111959;8303;1;10356551976;B
20240514;112002;8303;1;10356552894;B
20240514;112002;8303;1;10356552895;B
20240514;112002;8303;1;10356552896;B
20240514;112002;8304;3;10356552897;B
20240514;112002;8304;3;10356552898;B
20240514;112011;8304.5;4;10356555586;B
20240514;112040;8303;1;10356561811;S
20240514;112040;8303;4;10356561812;S
20240514;112044;8304;1;10356562468;B
20240514;112050;8303;21;10356563783;S
20240514;112050;8302.5;15;10356563784;S
20240514;112051;8303;2;10356563864;B
20240514;112051;8304;1;10356563865;B
20240514;112051;8304;2;10356563866;B
20240514;112051;8304;1;10356563867;B
20240514;112051;8304;2;10356563868;B
20240514;112051;8304;6;10356563869;B
20240514;112051;8304.5;2;10356563870;B
20240514;112051;8304.5;1;10356563871;B
20240514;112051;8305;1;10356563872;B
20240514;112106;8304;2;10356567337;S
20240514;112106;8304;2;10356567338;S
20240514;112107;8304;1;10356567568;S
20240514;112111;8305;2;10356568470;B
20240514;112123;8304.5;25;10356571526;B
20240514;112123;8304.5;25;10356571553;B
20240514;112124;8304.5;6;10356571716;B
20240514;112124;8304.5;2;10356571717;B
20240514;112124;8305;17;10356571718;B
20240514;112124;8305;25;10356571739;B
20240514;112126;8305;25;10356572068;B
20240514;112127;8305;25;10356572408;B
20240514;112128;8305;6;10356572430;B
20240514;112128;8305;2;10356572431;B
20240514;112128;8305.5;6;10356572432;B
20240514;112131;8309;1;10356573228;B
20240514;112131;8310;1;10356573229;B
20240514;112131;8310;5;10356573230;B
20240514;112137;8309;5;10356574483;S
20240514;112137;8309;11;10356574484;S
20240514;112159;8309.5;2;10356579235;S
20240514;112217;8309.5;1;10356582961;S
20240514;112222;8309;1;10356584562;S
20240514;112223;8307.5;3;10356584656;S
20240514;112226;8309.5;1;10356585616;B
20240514;112226;8309.5;7;10356585617;B
20240514;112226;8310;1;10356585618;B
20240514;112231;8309.5;3;10356586573;B
20240514;112231;8310;4;10356586574;B
20240514;112231;8310;21;10356586575;B
20240514;112245;8308.5;2;10356589357;S
20240514;112248;8308;1;10356589845;S
20240514;112323;8309;1;10356595516;S
20240514;112323;8307.5;1;10356595517;S
20240514;112408;8310.5;1;10356603439;B
20240514;112408;8310.5;1;10356603440;B
20240514;112409;8310.5;1;10356603614;B
20240514;112409;8310.5;1;10356603615;B
20240514;112409;8310.5;2;10356603616;B
20240514;112409;8311;2;10356603617;B
20240514;112409;8311;1;10356603618;B
20240514;112409;8311;1;10356603619;B
20240514;112409;8311;2;10356603620;B
20240514;112409;8311;1;10356603621;B
20240514;112409;8311.5;39;10356603622;B
20240514;112418;8308.5;1;10356605224;S
20240514;112423;8308;1;10356606215;S
20240514;112425;8308;1;10356606505;S
20240514;112427;8311;1;10356606833;B
20240514;112428;8308;1;10356607085;S
20240514;112428;8307.5;1;10356607107;S
20240514;112428;8307.5;8;10356607108;S
20240514;112433;8308;1;10356607816;S
20240514;112437;8311;1;10356608459;B
20240514;112437;8311;2;10356608460;B
20240514;112437;8308;2;10356608505;S
20240514;112443;8308;2;10356609452;S
20240514;112447;8308;1;10356610216;S
20240514;112509;8310;12;10356614087;B
20240514;112511;8310;2;10356614366;B
20240514;112511;8310;1;10356614367;B
20240514;112511;8310;1;10356614368;B
20240514;112516;8310;2;10356615200;B
20240514;112518;8310;1;10356615585;B
20240514;112520;8310;2;10356615848;B
20240514;112522;8310;1;10356616122;B
20240514;112522;8310;1;10356616123;B
20240514;112522;8310;1;10356616124;B
20240514;112522;8310.5;1;10356616125;B
20240514;112535;8310.5;4;10356618201;B
20240514;112535;8311;1;10356618202;B
20240514;112550;8311;1;10356620493;B
20240514;112556;8310;1;10356621509;S
20240514;112631;8310;1;10356630232;B
20240514;112631;8310;1;10356630233;B
20240514;112631;8310;1;10356630234;B
20240514;112647;8310.5;1;10356633018;B
20240514;112648;8310;1;10356633319;S
20240514;112649;8309.5;1;10356633542;S
20240514;112650;8309.5;1;10356633610;S
20240514;112653;8309.5;1;10356634145;S
20240514;112658;8309.5;1;10356635070;S
20240514;112658;8309.5;1;10356635118;S
20240514;112703;8309.5;1;10356636062;S
20240514;112708;8309.5;1;10356636802;S
20240514;112712;8310;1;10356637401;B
20240514;112713;8308;1;10356637704;S
20240514;112718;8308;1;10356638525;S
20240514;112723;8308;1;10356639405;S
20240514;112726;8309.5;1;10356639898;B
20240514;112731;8309;1;10356640556;B
20240514;112731;8309.5;25;10356640557;B
20240514;112731;8309.5;9;10356640558;B
20240514;112731;8310;4;10356640559;B
20240514;112731;8310;21;10356640560;B
20240514;112731;8310;1;10356640561;B
20240514;112732;8311;2;10356640818;B
20240514;112732;8311;13;10356640819;B
20240514;112808;8310.5;1;10356648520;B
20240514;112808;8310.5;2;10356648521;B
20240514;112808;8310.5;1;10356648522;B
20240514;112808;8311;5;10356648523;B
20240514;112812;8310.5;1;10356649255;B
20240514;112838;8309.5;3;10356654144;S
20240514;112838;8309.5;2;10356654145;S
20240514;112841;8311.5;9;10356654726;B
20240514;112848;8311.5;2;10356655714;B
20240514;112851;8311.5;1;10356656225;B
20240514;112851;8310;5;10356656255;S
20240514;112857;8310;12;10356657119;S
20240514;112911;8310;6;10356659814;B
20240514;112911;8310;2;10356659815;B
20240514;112911;8310;5;10356659816;B
20240514;112915;8311.5;4;10356660470;B
20240514;112931;8310;3;10356663550;B
20240514;112935;8310;1;10356664238;B
20240514;112946;8308.5;4;10356665963;S
20240514;112946;8308.5;2;10356665964;S
20240514;112951;8310;3;10356666730;B
20240514;113011;8308.5;1;10356670067;S
20240514;113011;8308.5;1;10356670068;S
20240514;113012;8310;1;10356670127;B
20240514;113013;8310;1;10356670313;B
20240514;113027;8308.5;1;10356672635;S
20240514;113027;8308.5;1;10356672636;S
20240514;113027;8308;1;10356672637;S
20240514;113027;8308;8;10356672638;S
20240514;113031;8310;1;10356673243;B
20240514;113031;8310;1;10356673244;B
20240514;113031;8310;1;10356673245;B
20240514;113031;8310;1;10356673246;B
20240514;113112;8310.5;1;10356707629;B
20240514;113112;8310.5;2;10356707630;B
20240514;113121;8311;2;10356715065;B
20240514;113139;8311;1;10356730390;B
20240514;113139;8311;2;10356730391;B
20240514;113147;8311;1;10356737932;S
20240514;113148;8311;3;10356738479;S
20240514;113201;8311;2;10356752217;S
20240514;113217;8311.5;1;10356768084;B
20240514;113218;8311.5;1;10356768775;B
20240514;113218;8311.5;3;10356768788;B
20240514;113218;8311.5;2;10356768795;B
20240514;113225;8311;2;10356775784;S
20240514;113225;8311;4;10356775785;S
20240514;113229;8310.5;7;10356780644;S
20240514;113229;8310;8;10356780645;S
20240514;113230;8310.5;3;10356781325;B
20240514;113240;8310.5;3;10356792342;B
20240514;113259;8310;6;10356812561;S
20240514;113311;8310;4;10356826316;S
20240514;113311;8310;3;10356826317;S
20240514;113311;8310;3;10356826318;S
20240514;113321;8310;1;10356836080;S
20240514;113322;8310;3;10356837386;S
20240514;113322;8310;2;10356837387;S
20240514;113322;8309.5;2;10356837388;S
20240514;113322;8309.5;4;10356837389;S
20240514;113322;8309;1;10356837390;S
20240514;113323;8308;8;10356837948;S
20240514;113336;8310.5;1;10356852091;B
20240514;113347;8310;1;10356864184;B
20240514;113351;8310;18;10356867516;B
20240514;113351;8310;2;10356867517;B
20240514;113351;8310;1;10356867518;B
20240514;113351;8310;1;10356867519;B
20240514;113400;8310;20;10356875243;S
20240514;113418;8310;3;10356890530;S
20240514;113435;8310.5;2;10356906902;S
20240514;113435;8310.5;3;10356906903;S
20240514;113435;8310;3;10356906904;S
20240514;113435;8310;2;10356906905;S
20240514;113435;8310;3;10356907135;S
20240514;113435;8310;2;10356907136;S
20240514;113435;8310;13;10356907137;S
20240514;113435;8309.5;1;10356907138;S
20240514;113435;8309.5;4;10356907139;S
20240514;113435;8309.5;3;10356907140;S
20240514;113435;8309.5;2;10356907141;S
20240514;113435;8309.5;2;10356907142;S
20240514;113435;8309.5;2;10356907143;S
20240514;113435;8309;4;10356907144;S
20240514;113435;8309;2;10356907145;S
20240514;113435;8309;1;10356907146;S
20240514;113435;8309;2;10356907147;S
20240514;113435;8308.5;1;10356907148;S
20240514;113435;8308;4;10356907149;S
20240514;113435;8308;20;10356907150;S
20240514;113435;8307;14;10356907151;S
20240514;113435;8307;11;10356907153;S
20240514;113435;8306.5;2;10356907154;S
20240514;113435;8306;1;10356907155;S
20240514;113435;8305.5;11;10356907156;S
20240514;113435;8304;9;10356907157;S
20240514;113435;8303.5;1;10356907158;S
20240514;113435;8303.5;6;10356907159;S
20240514;113435;8303;4;10356907160;S
20240514;113436;8306.5;1;10356907172;B
20240514;113436;8306.5;1;10356907478;B
20240514;113436;8307;2;10356907479;B
20240514;113436;8308;1;10356907480;B
20240514;113439;8305.5;1;10356909886;S
20240514;113439;8305.5;19;10356909887;S
20240514;113439;8306;3;10356909888;S
20240514;113439;8305.5;3;10356909889;S
20240514;113439;8305;31;10356909890;S
20240514;113439;8305;20;10356909891;S
20240514;113439;8305;2;10356909892;S
20240514;113439;8305;3;10356909893;S
20240514;113439;8305;3;10356909894;S
20240514;113439;8305;1;10356909895;S
20240514;113439;8304.5;6;10356909896;S
20240514;113439;8304.5;1;10356909897;S
20240514;113441;8304.5;1;10356912252;S
20240514;113441;8304.5;25;10356912253;S
20240514;113441;8304.5;11;10356912254;S
20240514;113441;8304.5;2;10356912259;S
20240514;113441;8304;4;10356912260;S
20240514;113441;8304.5;2;10356912270;S
20240514;113441;8304;10;10356912274;S
20240514;113441;8303.5;13;10356912275;S
20240514;113441;8303.5;2;10356912276;S
20240514;113441;8302.5;23;10356912277;S
20240514;113441;8302.5;14;10356912278;S
20240514;113444;8302.5;3;10356915024;S
20240514;113444;8302.5;3;10356915025;S
20240514;113444;8302.5;22;10356915032;S
20240514;113444;8302;2;10356915033;S
20240514;113444;8302;5;10356915034;S
20240514;113444;8301.5;7;10356915035;S
20240514;113444;8301.5;14;10356915036;S
20240514;113444;8301.5;12;10356915037;S
20240514;113444;8302;1;10356915268;S
20240514;113444;8301.5;8;10356915269;S
20240514;113444;8301;5;10356915270;S
20240514;113444;8301;1;10356915271;S
20240514;113444;8301;9;10356915272;S
20240514;113444;8301;2;10356915273;S
20240514;113444;8300.5;16;10356915274;S
20240514;113444;8300.5;5;10356915275;S
20240514;113444;8300.5;1;10356915276;S
20240514;113444;8300.5;1;10356915277;S
20240514;113451;8304;1;10356922422;B
20240514;113451;8304;3;10356922423;B
20240514;113451;8304.5;1;10356922424;B
20240514;113451;8304.5;1;10356922425;B
20240514;113451;8305;7;10356922426;B
20240514;113451;8306.5;20;10356922427;B
20240514;113451;8306.5;9;10356922428;B
20240514;113451;8308;6;10356922429;B
20240514;113451;8308;100;10356922430;B
20240514;113451;8309;21;10356922431;B
20240514;113451;8309.5;33;10356922432;B
20240514;113451;8310;1;10356922433;B
20240514;113451;8309;1;10356922445;B
20240514;113452;8310.5;6;10356923846;B
20240514;113452;8311;2;10356923862;B
20240514;113452;8311;1;10356923863;B
20240514;113452;8311.5;22;10356924162;B
20240514;113500;8311.5;50;10356931385;B
20240514;113501;8311.5;1;10356932536;B
20240514;113502;8311.5;13;10356933695;B
20240514;113504;8311;1;10356935810;S
20240514;113517;8311;4;10356948897;S
20240514;113527;8311;3;10356959790;S
20240514;113532;8311.5;8;10356964647;B
20240514;113533;8311.5;4;10356965322;B
20240514;113537;8311.5;12;10356969471;B
20240514;113542;8311.5;12;10356974827;B
20240514;113547;8311.5;12;10356980481;B
20240514;113552;8311.5;4;10356986216;B
20240514;113552;8311.5;8;10356986217;B
20240514;113557;8311.5;2;10356991197;B
20240514;113557;8311.5;1;10356991198;B
20240514;113557;8311.5;8;10356991199;B
20240514;113602;8311.5;2;10356996005;B
20240514;113602;8311.5;7;10356996006;B
20240514;113603;8311.5;2;10356997089;B
20240514;113603;8311.5;1;10356997095;B
20240514;113606;8311;2;10357000642;S
20240514;113607;8311.5;6;10357002079;B
20240514;113607;8311.5;4;10357002080;B
20240514;113611;8311;1;10357005807;S
20240514;113611;8311.5;6;10357006261;B
20240514;113611;8311.5;4;10357006262;B
20240514;113617;8311.5;9;10357012122;B
20240514;113618;8311;1;10357013324;S
20240514;113622;8311.5;1;10357017242;B
20240514;113622;8311.5;8;10357017243;B
20240514;113624;8311;2;10357019161;S
20240514;113624;8311;1;10357019162;S
20240514;113624;8311;1;10357019163;S
20240514;113624;8311;2;10357019164;S
20240514;113627;8311.5;2;10357022983;B
20240514;113627;8311.5;4;10357022984;B
20240514;113628;8311;1;10357023467;S
20240514;113632;8311.5;6;10357027920;B
20240514;113632;8311.5;2;10357027921;B
20240514;113637;8312;1;10357033198;B
20240514;113637;8312;7;10357033199;B
20240514;113642;8312;9;10357038554;B
20240514;113646;8312;4;10357042878;B
20240514;113658;8312;30;10357052580;B
20240514;113706;8312;1;10357059731;B
20240514;113709;8312;4;10357062504;B
20240514;113712;8312;2;10357064648;B
20240514;113715;8312;2;10357066869;B
20240514;113715;8312;3;10357066870;B
20240514;113715;8312;3;10357066871;B
20240514;113717;8313;40;10357068943;B
20240514;113718;8313;1;10357069632;B
20240514;113718;8313;6;10357069633;B
20240514;113718;8313;1;10357069636;B
20240514;113718;8313;5;10357069657;B
20240514;113718;8313;19;10357069785;B
20240514;113718;8313;1;10357069786;B
20240514;113718;8313;15;10357069787;B
20240514;113718;8313;1;10357069788;B
20240514;113718;8313;1;10357069789;B
20240514;113718;8313;13;10357069790;B
20240514;113726;8313;1;10357076421;B
20240514;113728;8313;16;10357078773;B
20240514;113728;8313;1;10357078774;B
20240514;113734;8313.5;11;10357083669;B
20240514;113735;8313.5;1;10357084400;B
20240514;113736;8313.5;1;10357085093;B
20240514;113736;8313.5;62;10357085854;B
20240514;113736;8313.5;2;10357085855;B
20240514;113736;8313.5;64;10357085856;B
20240514;113736;8313.5;64;10357085857;B
20240514;113736;8313.5;64;10357085858;B
20240514;113736;8313.5;22;10357085859;B
20240514;113736;8313.5;28;10357085860;B
20240514;113736;8313.5;8;10357085861;B
20240514;113736;8313.5;8;10357085862;B
20240514;113736;8313.5;42;10357085863;B
20240514;113738;8313;10;10357086877;S
20240514;113738;8313;3;10357086996;S
20240514;113739;8313;1;10357088573;S
20240514;113740;8313.5;100;10357089416;B
20240514;113740;8313.5;2;10357089417;B
20240514;113740;8313.5;102;10357089418;B
20240514;113740;8313.5;98;10357089425;B
20240514;113740;8313.5;23;10357089426;B
20240514;113741;8313.5;1;10357090669;B
20240514;113741;8313.5;1;10357090670;B
20240514;113741;8313.5;1;10357090745;B
20240514;113742;8313.5;40;10357091155;B
20240514;113743;8313.5;1;10357092573;B
20240514;113743;8313.5;1;10357092574;B
20240514;113743;8313.5;1;10357092575;B
20240514;113743;8313.5;5;10357092846;B
20240514;113745;8313.5;1;10357093888;B
20240514;113746;8313.5;1;10357095233;B
20240514;113747;8313.5;3;10357096214;B
20240514;113751;8313.5;1;10357100345;B
20240514;113752;8313.5;1;10357101631;B
20240514;113800;8313.5;1;10357110192;B
20240514;113801;8313.5;1;10357111133;B
20240514;113802;8313.5;1;10357112071;B
20240514;113810;8313.5;1;10357119929;B
20240514;113810;8313.5;1;10357119930;B
20240514;113810;8313.5;1;10357119931;B
20240514;113816;8313.5;9;10357126182;B
20240514;113816;8313.5;1;10357126183;B
20240514;113816;8313.5;1;10357126184;B
20240514;113818;8313.5;2;10357127535;B
20240514;113818;8313.5;1;10357127536;B
20240514;113822;8313.5;4;10357131693;B
20240514;113824;8313;1;10357134159;S
20240514;113824;8313;3;10357134160;S
20240514;113824;8313;1;10357134161;S
20240514;113828;8313;2;10357138527;S
20240514;113834;8313;3;10357143793;S
20240514;113834;8313;3;10357143794;S
20240514;113838;8313;1;10357147815;S
20240514;113838;8313;1;10357147816;S
20240514;113838;8313;5;10357147817;S
20240514;113838;8313;2;10357147818;S
20240514;113838;8312.5;9;10357147819;S
20240514;113838;8312.5;10;10357147820;S
20240514;113838;8312.5;5;10357147821;S
20240514;113838;8312.5;4;10357147822;S
20240514;113838;8312;17;10357147823;S
20240514;113842;8313.5;1;10357152347;B
20240514;113842;8313.5;7;10357152348;B
20240514;113847;8314.5;5;10357157877;B
20240514;113847;8315;3;10357157945;B
20240514;113847;8315;3;10357157946;B
20240514;113847;8315;5;10357158373;B
20240514;113847;8315;4;10357158379;B
20240514;113847;8315;1;10357158382;B
20240514;113848;8314.5;9;10357158980;S
20240514;113848;8314.5;1;10357158981;S
20240514;113852;8315;10;10357163109;B
20240514;113853;8313.5;1;10357164534;S
20240514;113857;8315;12;10357168364;B
20240514;113902;8315;13;10357173841;B
20240514;113907;8315;11;10357179014;B
20240514;113912;8315;15;10357184134;B
20240514;113917;8315;15;10357189173;B
20240514;113921;8315;8;10357193626;B
20240514;113921;8315;7;10357193627;B
20240514;113927;8315;8;10357199249;B
20240514;113927;8315;2;10357199250;B
20240514;113927;8315;2;10357199251;B
20240514;113928;8315;1;10357200224;B
20240514;113931;8315;3;10357203983;B
20240514;113931;8315;3;10357203984;B
20240514;113931;8315;1;10357204090;B
20240514;113931;8315;9;10357204091;B
20240514;113932;8316;1;10357204771;B
20240514;113932;8316;2;10357204772;B
20240514;113932;8317;1;10357205172;B
20240514;113933;8317.5;5;10357205552;B
20240514;113933;8317.5;1;10357205553;B
20240514;113933;8317.5;5;10357205554;B
20240514;113933;8317.5;1;10357205555;B
20240514;113933;8317.5;9;10357206127;B
20240514;113935;8317.5;2;10357208345;B
20240514;113937;8317.5;9;10357209643;B
20240514;113937;8317.5;5;10357209644;B
20240514;113937;8317.5;1;10357210575;S
20240514;113938;8318;2;10357211030;B
20240514;113941;8318;1;10357214838;B
20240514;113941;8318.5;13;10357214913;B
20240514;113946;8318.5;20;10357218842;B
20240514;113947;8318.5;11;10357220096;B
20240514;113947;8318.5;4;10357220097;B
20240514;113948;8318.5;1;10357220465;B
20240514;113952;8318.5;14;10357224031;B
20240514;113957;8318.5;8;10357228653;B
20240514;113957;8318.5;5;10357228654;B
20240514;114002;8318.5;13;10357233295;B
20240514;114002;8318.5;1;10357233396;B
20240514;114004;8318.5;1;10357235037;B
20240514;114007;8318.5;1;10357237270;B
20240514;114007;8319;1;10357237409;B
20240514;114007;8319;7;10357237410;B
20240514;114012;8319;3;10357241654;B
20240514;114012;8319;1;10357241655;B
20240514;114012;8319;12;10357241656;B
20240514;114015;8318.5;1;10357244059;S
20240514;114017;8319;20;10357245210;B
20240514;114020;8319;1;10357248368;B
20240514;114021;8319;60;10357248974;B
20240514;114021;8318.5;3;10357249453;S
20240514;114022;8319;24;10357249830;B
20240514;114022;8319;22;10357250398;B
20240514;114023;8319;11;10357251272;B
20240514;114023;8319;1;10357251273;B
20240514;114023;8319;3;10357251274;B
20240514;114023;8319.5;5;10357251275;B
20240514;114023;8319.5;1;10357251276;B
20240514;114023;8319.5;4;10357251277;B
20240514;114024;8318.5;1;10357251966;S
20240514;114027;8319.5;20;10357253998;B
20240514;114029;8319.5;1;10357256029;B
20240514;114032;8320;1;10357259067;B
20240514;114032;8320;8;10357259068;B
20240514;114032;8320;2;10357259069;B
20240514;114032;8320;1;10357259070;B
20240514;114032;8320;1;10357259071;B
20240514;114032;8320;1;10357259072;B
20240514;114032;8320;9;10357259073;B
20240514;114036;8319.5;23;10357262785;S
20240514;114036;8319.5;14;10357262786;S
20240514;114036;8319.5;12;10357262787;S
20240514;114036;8319.5;25;10357262788;S
20240514;114036;8319;9;10357262789;S
20240514;114036;8319;12;10357262790;S
20240514;114036;8319;20;10357262791;S
20240514;114036;8319;11;10357262792;S
20240514;114036;8319;1;10357262793;S
20240514;114036;8318.5;44;10357262794;S
20240514;114036;8318.5;20;10357262795;S
20240514;114036;8318.5;12;10357262796;S
20240514;114036;8318.5;9;10357262797;S
20240514;114036;8318;2;10357262798;S
20240514;114036;8318;7;10357262799;S
20240514;114036;8318;4;10357262800;S
20240514;114036;8316.5;1;10357262801;S
20240514;114036;8313.5;1;10357262802;S
20240514;114036;8313.5;21;10357262803;S
20240514;114036;8313.5;9;10357262809;B
20240514;114037;8319;1;10357264072;B
20240514;114037;8319.5;1;10357264073;B
20240514;114042;8320;26;10357268521;B
20240514;114044;8319.5;1;10357271055;B
20240514;114051;8319;10;10357277683;S
20240514;114052;8319.5;11;10357279113;B
20240514;114052;8320;10;10357279407;B
20240514;114053;8320;20;10357279742;B
20240514;114057;8320;25;10357284027;B
20240514;114058;8320;4;10357284968;B
20240514;114059;8319.5;9;10357285425;S
20240514;114059;8319.5;1;10357285426;S
20240514;114059;8319.5;10;10357285427;S
20240514;114100;8319.5;3;10357286446;S
20240514;114101;8319.5;1;10357288469;S
20240514;114101;8319;3;10357288470;S
20240514;114101;8319;1;10357288471;S
20240514;114101;8318;1;10357288491;S
20240514;114101;8317;1;10357288492;S
20240514;114101;8317;1;10357288501;S
20240514;114101;8316.5;4;10357288502;S
20240514;114103;8317.5;1;10357289893;B
20240514;114107;8318;9;10357294086;B
20240514;114107;8319.5;1;10357294753;B
20240514;114110;8318;9;10357297938;S
20240514;114110;8317;8;10357297939;S
20240514;114110;8316.5;20;10357297940;S
20240514;114110;8316;5;10357297941;S
20240514;114110;8315.5;1;10357297942;S
20240514;114110;8314.5;31;10357297943;S
20240514;114110;8314;1;10357297944;S
20240514;114110;8314;100;10357297945;S
20240514;114110;8313.5;50;10357297946;S
20240514;114110;8313;1;10357297947;S
20240514;114110;8313;9;10357297948;S
20240514;114110;8312.5;25;10357297949;S
20240514;114110;8312;45;10357297950;S
20240514;114122;8312;27;10357309447;B
20240514;114122;8311.5;4;10357309857;S
20240514;114123;8311.5;1;10357309931;S
20240514;114123;8311.5;30;10357309932;S
20240514;114123;8311.5;17;10357309933;S
20240514;114123;8311.5;8;10357309934;S
20240514;114129;8311.5;7;10357316816;S
20240514;114129;8311.5;23;10357316817;S
20240514;114130;8312;1;10357316925;B
20240514;114132;8312;10;10357319752;B
20240514;114138;8311.5;1;10357325714;S
20240514;114141;8312;10;10357328751;B
20240514;114144;8311.5;30;10357331749;S
20240514;114145;8311.5;7;10357333224;S
20240514;114145;8311.5;3;10357333225;S
20240514;114148;8311.5;25;10357336200;S
20240514;114148;8311.5;9;10357336201;S
20240514;114148;8311.5;4;10357336202;S
20240514;114148;8311.5;21;10357336203;S
20240514;114149;8311;1;10357337391;S
20240514;114149;8311;2;10357337392;S
20240514;114150;8311.5;1;10357337805;B
20240514;114150;8311.5;25;10357337984;B
20240514;114155;8311;1;10357343771;S
20240514;114155;8311;10;10357343772;S
20240514;114155;8310.5;2;10357343773;S
20240514;114155;8310;2;10357343774;S
20240514;114155;8306.5;1;10357343778;B
20240514;114201;8305;2;10357349031;S
20240514;114201;8305;1;10357349032;S
20240514;114202;8304;1;10357350348;S
20240514;114202;8304;1;10357350349;S
20240514;114206;8302;1;10357354594;S
20240514;114211;8303;5;10357359880;B
20240514;114218;8303;3;10357366530;B
20240514;114218;8303;3;10357366531;B
20240514;114223;8303;1;10357371903;B
20240514;114223;8303;1;10357371992;B
20240514;114224;8302.5;1;10357373232;S
20240514;114224;8302.5;6;10357373233;S
20240514;114224;8302;1;10357373234;S
20240514;114228;8301;2;10357376981;S
20240514;114228;8301;3;10357376982;S
20240514;114228;8301;9;10357376983;S
20240514;114228;8301;1;10357377971;S
20240514;114228;8301;1;10357377972;B
20240514;114229;8300.5;10;10357378251;S
20240514;114231;8302.5;2;10357380755;B
20240514;114231;8303;7;10357380756;B
20240514;114231;8304;1;10357380757;B
20240514;114231;8304;6;10357380758;B
20240514;114231;8305;2;10357380759;B
20240514;114234;8304;1;10357383740;B
20240514;114234;8305;9;10357383741;B
20240514;114247;8305;10;10357395914;B
20240514;114251;8305;8;10357399514;B
20240514;114253;8302.5;1;10357401361;S
20240514;114310;8305;1;10357416740;B
20240514;114311;8305;2;10357417077;B
20240514;114311;8305;2;10357417509;B
20240514;114327;8304.5;18;10357430828;B
20240514;114331;8304.5;6;10357434290;B
20240514;114331;8304.5;1;10357434291;B
20240514;114331;8304.5;1;10357434292;B
20240514;114336;8304;5;10357438356;S
20240514;114351;8304.5;2;10357453659;B
20240514;114400;8304;1;10357463161;S
20240514;114402;8304;1;10357466125;S
20240514;114411;8304.5;1;10357474223;B
20240514;114418;8304.5;1;10357481585;B
20240514;114418;8304.5;55;10357481586;B
20240514;114418;8304.5;1;10357481587;B
20240514;114418;8304.5;3;10357481588;B
20240514;114418;8304.5;25;10357481589;B
20240514;114418;8305;93;10357481590;B
20240514;114424;8304.5;1;10357488330;S
20240514;114430;8305;2;10357493592;B
20240514;114430;8305;2;10357493593;B
20240514;114430;8305.5;1;10357493594;B
20240514;114431;8305.5;1;10357494554;B
20240514;114431;8305.5;52;10357494555;B
20240514;114431;8306;25;10357494556;B
20240514;114432;8307.5;21;10357496137;B
20240514;114432;8308.5;2;10357496253;B
20240514;114432;8308.5;3;10357496254;B
20240514;114432;8309;1;10357496791;B
20240514;114437;8308.5;1;10357502140;B
20240514;114437;8309;22;10357502825;B
20240514;114439;8308.5;1;10357504491;B
20240514;114442;8309;31;10357508145;B
20240514;114447;8309;36;10357512901;B
20240514;114451;8309;51;10357516460;B
20240514;114452;8309;38;10357518157;B
20240514;114511;8309;16;10357537611;B
20240514;114516;8308.5;1;10357543581;S
20240514;114516;8308.5;4;10357543582;S
20240514;114531;8309;2;10357559493;B
20240514;114546;8309;53;10357572885;B
20240514;114551;8309;23;10357577014;B
20240514;114629;8309;1;10357610729;B
20240514;114629;8308.5;1;10357611044;S
20240514;114631;8309;1;10357612576;B
20240514;114635;8308.5;2;10357617293;S
20240514;114639;8309;10;10357621584;B
20240514;114642;8309;8;10357623828;B
20240514;114651;8309;9;10357632803;B
20240514;114702;8308.5;5;10357644535;S
20240514;114704;8308.5;1;10357646955;S
20240514;114708;8308.5;3;10357651390;S
20240514;114708;8308.5;8;10357651391;S
20240514;114711;8309;7;10357653381;B
20240514;114728;8309;11;10357672206;B
20240514;114728;8309;4;10357672207;B
20240514;114728;8309;21;10357672208;B
20240514;114728;8309;9;10357672209;B
20240514;114728;8309;3;10357672210;B
20240514;114728;8309.5;9;10357672211;B
20240514;114728;8310;1;10357672212;B
20240514;114728;8310.5;1;10357672213;B
20240514;114728;8311;50;10357672214;B
20240514;114728;8311.5;391;10357672215;B
20240514;114731;8311;9;10357674740;B
20240514;114731;8311;19;10357674741;B
20240514;114734;8310.5;1;10357677773;S
20240514;114734;8311;9;10357678070;B
20240514;114734;8311.5;24;10357678071;B
20240514;114734;8311.5;10;10357678072;B
20240514;114734;8312;157;10357678073;B
20240514;114736;8311;10;10357679900;S
20240514;114736;8310.5;20;10357679901;S
20240514;114737;8312;27;10357681175;B
20240514;114742;8312;1;10357685998;B
20240514;114742;8312;61;10357686378;B
20240514;114743;8312;100;10357687290;B
20240514;114745;8312;3;10357690515;B
20240514;114746;8312;1;10357690571;B
20240514;114746;8312;297;10357691773;B
20240514;114755;8311.5;1;10357700648;S
20240514;114803;8312;100;10357708430;B
20240514;114805;8312;100;10357711082;B
20240514;114806;8312;1;10357711096;B
20240514;114806;8312;100;10357711098;B
20240514;114806;8312;100;10357711149;B
20240514;114807;8312;100;10357713092;B
20240514;114807;8312;100;10357713146;B
20240514;114808;8312;37;10357713175;B
20240514;114808;8312;63;10357713176;B
20240514;114808;8312;25;10357713290;B
20240514;114809;8312;1;10357713354;B
20240514;114809;8312;25;10357713373;B
20240514;114812;8312;4;10357713721;B
20240514;114814;8312;400;10357714071;B
20240514;114814;8312;3;10357714072;B
20240514;114814;8312;1;10357714073;B
20240514;114814;8312;1;10357714074;B
20240514;114814;8312;1;10357714075;B
20240514;114814;8312;1;10357714076;B
20240514;114814;8313;93;10357714077;B
20240514;114819;8318;1;10357714802;B
20240514;114830;8318;1;10357716230;B
20240514;114851;8316;1;10357719021;S
20240514;114901;8313.5;3;10357720725;S
20240514;114901;8313.5;4;10357720726;S
20240514;114932;8315;1;10357724935;B
20240514;114945;8314.5;1;10357726661;B
20240514;114945;8314.5;12;10357726662;B
20240514;114945;8315;25;10357726663;B
20240514;114945;8315.5;12;10357726664;B
20240514;114954;8314.5;1;10357727891;S
20240514;115004;8315;2;10357729354;S
20240514;115008;8315;2;10357729872;S
20240514;115010;8316;1;10357730150;B
20240514;115014;8315;1;10357730609;S
20240514;115021;8316;1;10357731610;S
20240514;115021;8315;5;10357731611;S
20240514;115025;8316.5;3;10357732559;B
20240514;115033;8315;10;10357733540;S
20240514;115108;8315;1;10357738714;B
20240514;115118;8314.5;16;10357740217;S
20240514;115118;8314;86;10357740218;S
20240514;115121;8314.5;1;10357744378;B
20240514;115141;8314;4;10357747302;B
20240514;115144;8313;6;10357747699;S
20240514;115144;8312;14;10357747700;S
20240514;115153;8313;1;10357749107;B
20240514;115153;8311.5;8;10357749150;S
20240514;115203;8311.5;7;10357750530;S
20240514;115204;8313;1;10357750660;B
20240514;115208;8311.5;7;10357751174;S
20240514;115213;8311.5;3;10357751850;S
20240514;115213;8311;1;10357751859;S
20240514;115217;8311;3;10357752339;S
20240514;115238;8312.5;10;10357755756;B
20240514;115241;8312.5;1;10357756097;B
20240514;115245;8312.5;2;10357756666;B
20240514;115255;8311;1;10357758054;S
20240514;115315;8312.5;10;10357761038;B
20240514;115316;8312.5;1;10357761273;B
20240514;115317;8311;2;10357761374;S
20240514;115334;8311;18;10357764558;S
20240514;115334;8311;4;10357764559;S
20240514;115337;8310;2;10357764945;B
20240514;115351;8310;8;10357767482;B
20240514;115351;8310;4;10357767483;B
20240514;115409;8309;2;10357769929;S
20240514;115409;8309;1;10357769930;S
20240514;115410;8310.5;1;10357770125;B
20240514;115416;8309.5;1;10357770881;S
20240514;115417;8310.5;1;10357770926;B
20240514;115417;8309;1;10357771039;S
20240514;115419;8309;1;10357771209;S
20240514;115419;8308.5;2;10357771244;S
20240514;115423;8309;3;10357771841;S
20240514;115429;8309;1;10357772571;S
20240514;115429;8309;2;10357772574;S
20240514;115431;8310;1;10357772860;B
20240514;115436;8309.5;1;10357773497;S
20240514;115438;8308.5;3;10357773996;S
20240514;115441;8308.5;1;10357774385;S
20240514;115456;8310.5;3;10357776841;S
20240514;115456;8309.5;2;10357776842;S
20240514;115456;8308.5;20;10357776843;S
20240514;115532;8309;1;10357782092;S
20240514;115551;8310;6;10357784952;B
20240514;115610;8310.5;3;10357787701;B
20240514;115611;8309.5;2;10357787756;S
20240514;115611;8309;2;10357787757;S
20240514;115611;8308.5;2;10357787758;S
20240514;115611;8310.5;1;10357787780;B
20240514;115611;8310.5;2;10357787781;B
20240514;115638;8309;3;10357791804;S
20240514;115639;8308.5;3;10357791848;S
20240514;115644;8308.5;2;10357792546;S
20240514;115701;8309;2;10357794836;S
20240514;115701;8308.5;1;10357794837;S
20240514;115746;8309.5;1;10357801445;S
20240514;115746;8309.5;2;10357801446;S
20240514;115806;8309.5;1;10357804202;S
20240514;115810;8309;1;10357804782;S
20240514;115810;8309;1;10357804783;S
20240514;115810;8308.5;3;10357804784;S
20240514;115811;8309.5;15;10357804900;B
20240514;115811;8309.5;1;10357804901;B
20240514;115811;8309.5;2;10357804902;B
20240514;115811;8310;3;10357804903;B
20240514;115816;8310.5;2;10357805862;B
20240514;115816;8310.5;2;10357805863;B
20240514;115816;8311;13;10357805864;B
20240514;115816;8311;2;10357805865;B
20240514;115816;8311;1;10357805866;B
20240514;115816;8311;1;10357805867;B
20240514;115816;8311;1;10357805868;B
20240514;115816;8311;1;10357805869;B
20240514;115816;8311.5;3;10357805870;B
20240514;115816;8312;1;10357805871;B
20240514;115816;8312.5;1;10357805872;B
20240514;115854;8309.5;1;10357812721;S
20240514;115855;8310;1;10357812845;B
20240514;115859;8308.5;1;10357813436;S
20240514;115904;8308.5;1;10357814182;S
20240514;115906;8309.5;3;10357814458;B
20240514;115909;8308.5;2;10357814846;S
20240514;115911;8309.5;1;10357815246;B
20240514;115911;8309.5;2;10357815247;B
20240514;115911;8309.5;1;10357815248;B
20240514;115911;8309.5;31;10357815249;B
20240514;115911;8310;83;10357815250;B
20240514;115911;8310;69;10357815271;B
20240514;115919;8308.5;1;10357816455;S
20240514;115931;8309.5;1;10357818334;B
20240514;115932;8309.5;1;10357818426;B
20240514;115932;8309.5;1;10357818497;B
20240514;115938;8309.5;10;10357819643;B
20240514;115940;8309.5;1;10357819896;B
20240514;115941;8308.5;3;10357820032;S
20240514;115945;8309.5;1;10357820537;B
20240514;115945;8309.5;2;10357820538;B
20240514;115948;8309.5;1;10357821039;B
20240514;115948;8309.5;1;10357821040;B
20240514;115948;8309.5;1;10357821041;B
20240514;115948;8310;1;10357821042;B
20240514;115951;8310;9;10357821640;B
20240514;115955;8309;1;10357822338;S
20240514;120000;8309;2;10357823019;S
20240514;120011;8310;2;10357824645;B
20240514;120022;8310;3;10357826268;B
20240514;120029;8309.5;2;10357827552;S
20240514;120029;8309.5;4;10357827553;S
20240514;120031;8310;4;10357827904;B
20240514;120057;8310;1;10357831852;B
20240514;120058;8309.5;4;10357832053;S
20240514;120111;8310;2;10357834042;B
20240514;120119;8310;1;10357835302;B
20240514;120128;8309;9;10357836664;S
20240514;120128;8309;5;10357836665;S
20240514;120131;8310;6;10357837125;B
20240514;120151;8310;318;10357839962;B
20240514;120151;8310;18;10357839963;B
20240514;120151;8310;3;10357839964;B
20240514;120151;8310;1;10357839965;B
20240514;120217;8313.5;1;10357844278;B
20240514;120233;8310.5;26;10357847326;S
20240514;120233;8310.5;16;10357847327;S
20240514;120233;8310;8;10357847328;S
20240514;120235;8309;6;10357847853;S
20240514;120235;8308.5;565;10357847854;S
20240514;120235;8308.5;50;10357847855;S
20240514;120235;8308.5;4;10357847856;S
20240514;120235;8309;9;10357848026;B
20240514;120243;8310.5;1;10357849762;B
20240514;120244;8310.5;1;10357849882;B
20240514;120244;8310.5;1;10357849968;B
20240514;120244;8310.5;1;10357850222;B
20240514;120244;8310.5;1;10357850280;B
20240514;120245;8310.5;1;10357850348;B
20240514;120245;8310.5;1;10357850381;B
20240514;120245;8310.5;1;10357850413;B
20240514;120245;8312;1;10357850610;B
20240514;120246;8312;1;10357850662;B
20240514;120246;8312.5;1;10357850699;B
20240514;120246;8313.5;1;10357850741;B
20240514;120246;8313.5;1;10357850801;B
20240514;120247;8313.5;1;10357850865;B
20240514;120247;8313.5;1;10357850895;B
20240514;120247;8313.5;1;10357850928;B
20240514;120247;8313.5;1;10357850976;B
20240514;120248;8313.5;1;10357851015;B
20240514;120343;8313.5;1;10357861982;B
20240514;120349;8311.5;9;10357862926;S
20240514;120349;8310.5;14;10357862927;S
20240514;120351;8310;9;10357863337;B
20240514;120354;8310.5;8;10357863766;S
20240514;120409;8313.5;2;10357866085;B
20240514;120409;8313.5;10;10357866086;B
20240514;120431;8312.5;1;10357869362;B
20240514;120436;8311.5;1;10357869883;S
20240514;120436;8311;3;10357869884;S
20240514;120445;8309.5;4;10357871251;S
20240514;120451;8310;3;10357872361;B
20240514;120451;8310;6;10357872362;B
20240514;120451;8310.5;2;10357872363;B
20240514;120543;8310;2;10357879679;S
20240514;120547;8309;11;10357880128;S
20240514;120547;8309;20;10357880129;S
20240514;120547;8309;2;10357880130;S
20240514;120547;8308.5;1;10357880131;S
20240514;120551;8309;2;10357880709;B
20240514;120551;8309;4;10357880710;B
20240514;120551;8309.5;25;10357880711;B
20240514;120551;8309.5;5;10357880712;B
20240514;120551;8310;98;10357880713;B
20240514;120618;8309;2;10357885412;S
20240514;120618;8309;1;10357885413;S
20240514;120619;8309;2;10357885435;S
20240514;120623;8309;1;10357886020;B
20240514;120623;8309;1;10357886021;B
20240514;120723;8311.5;1;10357895911;B
20240514;120812;8312;2;10357904260;S
20240514;120812;8312;7;10357904261;S
20240514;120814;8310.5;1;10357904663;S
20240514;120819;8311.5;1;10357906391;S
20240514;120828;8311.5;1;10357909539;S
20240514;120833;8311.5;1;10357910912;S
20240514;120838;8311.5;1;10357912486;S
20240514;120843;8311;1;10357914049;S
20240514;120849;8310.5;1;10357916414;S
20240514;120854;8310;1;10357918080;S
20240514;120859;8310;1;10357919534;S
20240514;120904;8309.5;1;10357921159;S
20240514;120909;8309.5;1;10357922498;S
20240514;120913;8309.5;1;10357923923;S
20240514;120916;8312.5;1;10357924644;B
20240514;120916;8313;2;10357924645;B
20240514;120916;8313;1;10357924646;B
20240514;120916;8313;1;10357924647;B
20240514;120916;8313;1;10357924648;B
20240514;120916;8313;1;10357924649;B
20240514;120916;8313.5;1;10357924650;B
20240514;120916;8313.5;1;10357924651;B
20240514;120927;8313.5;1;10357928223;B
20240514;120927;8314;5;10357928224;B
20240514;120929;8311;2;10357928642;S
20240514;120939;8311;3;10357931787;S
20240514;120944;8310.5;2;10357933187;S
20240514;120944;8310;1;10357933274;S
20240514;120948;8312;2;10357934194;B
20240514;120948;8312.5;7;10357934195;B
20240514;120948;8313;3;10357934196;B
20240514;120948;8313;1;10357934197;B
20240514;120948;8313.5;2;10357934198;B
20240514;120948;8313.5;1;10357934199;B
20240514;120948;8313.5;2;10357934200;B
20240514;120948;8313.5;2;10357934201;B
20240514;120951;8314;1;10357934789;B
20240514;121003;8311.5;3;10357937993;S
20240514;121009;8311.5;1;10357939288;S
20240514;121027;8313;6;10357942930;B
20240514;121052;8312.5;1;10357946886;B
20240514;121059;8312.5;1;10357948239;B
20240514;121115;8312;1;10357950857;S
20240514;121115;8312;9;10357950858;S
20240514;121115;8311.5;20;10357950859;S
20240514;121115;8310.5;1;10357950867;B
20240514;121126;8312.5;1;10357952755;B
20240514;121133;8312;1;10357954067;S
20240514;121134;8312.5;1;10357954254;B
20240514;121134;8312.5;1;10357954255;B
20240514;121138;8312;1;10357955027;S
20240514;121138;8312;1;10357955042;B
20240514;121159;8310.5;1;10357958410;S
20240514;121203;8309.5;2;10357959009;S
20240514;121208;8309.5;2;10357959881;S
20240514;121214;8310;1;10357960861;S
20240514;121214;8309.5;4;10357960862;S
20240514;121214;8309.5;21;10357960863;S
20240514;121218;8308.5;3;10357961516;S
20240514;121223;8308.5;4;10357962291;S
20240514;121229;8308.5;5;10357963112;S
20240514;121229;8309;1;10357963224;B
20240514;121231;8309;1;10357963608;B
20240514;121231;8309;3;10357963609;B
20240514;121231;8309.5;9;10357963610;B
20240514;121231;8309.5;2;10357963611;B
20240514;121248;8310;1;10357967172;S
20240514;121254;8311;1;10357967958;B
20240514;121329;8311;1;10357973378;S
20240514;121351;8312;1;10357978355;B
20240514;121352;8311;9;10357978538;S
20240514;121352;8311;1;10357978539;S
20240514;121357;8310.5;1;10357979489;B
20240514;121357;8310.5;9;10357979490;B
20240514;121419;8310.5;1;10357985350;B
20240514;121428;8310.5;2;10357987080;B
20240514;121428;8310.5;3;10357987081;B
20240514;121434;8310;1;10357988084;S
20240514;121439;8310.5;1;10357988798;B
20240514;121444;8310;1;10357989630;S
20240514;121444;8309;3;10357989634;S
20240514;121444;8308.5;3;10357989689;S
20240514;121448;8308.5;7;10357990296;S
20240514;121449;8309;1;10357990395;B
20240514;121449;8309;2;10357990396;B
20240514;121449;8309.5;3;10357990397;B
20240514;121449;8310;31;10357990398;B
20240514;121449;8310.5;20;10357990399;B
20240514;121508;8309;2;10357993391;S
20240514;121524;8309.5;1;10357995910;S
20240514;121531;8310;2;10357997013;B
20240514;121531;8310;3;10357997014;B
