<DATE>;<TIME>;<LAST>;<VOL>;<ID>;<OPER>
20241225;095946;4950;1;11821327655;B
20241225;095946;4950;1;11821327656;B
20241225;095946;4950;3;11821327657;B
20241225;095946;4950;5;11821327658;B
20241225;095946;4950;1;11821327659;B
20241225;095946;4950;6;11821327660;B
20241225;095946;4950;11;11821327661;B
20241225;095946;4950;7;11821327662;B
20241225;095946;4950;10;11821327663;B
20241225;095946;4950;1;11821327664;B
20241225;095946;4950;2;11821327665;B
20241225;095946;4950;4;11821327666;B
20241225;095946;4950;6;11821327667;B
20241225;095946;4950;1;11821327668;B
20241225;095946;4950;4;11821327669;B
20241225;095946;4950;12;11821327670;B
20241225;095946;4950;1;11821327671;B
20241225;095946;4950;7;11821327672;B
20241225;095946;4950;7;11821327673;B
20241225;095946;4950;5;11821327674;S
20241225;095946;4950;10;11821327675;B
20241225;095946;4950;29;11821327676;B
20241225;095946;4950;50;11821327677;B
20241225;095946;4950;3;11821327678;B
20241225;100000;4951.5;1;11821330499;B
20241225;100000;4952;5;11821330635;B
20241225;100000;4952;1;11821330636;B
20241225;100001;4952.5;1;11821330996;B
20241225;100001;4952.5;1;11821331024;B
20241225;100001;4952.5;4;11821331048;B
20241225;100001;4952.5;5;11821331245;B
20241225;100001;4952.5;1;11821331611;B
20241225;100001;4952;1;11821331959;S
20241225;100001;4952;1;11821331998;S
20241225;100002;4952.5;9;11821332261;B
20241225;100002;4952.5;1;11821332289;B
20241225;100002;4952.5;1;11821332468;B
20241225;100002;4952;1;11821332755;S
20241225;100002;4952;5;11821332800;S
20241225;100002;4952;2;11821332894;S
20241225;100002;4952.5;10;11821333030;B
20241225;100002;4952;1;11821333226;S
20241225;100002;4952;1;11821333278;S
20241225;100002;4952;66;11821333467;S
20241225;100002;4951.5;5;11821333468;S
20241225;100002;4950.5;70;11821333469;S
20241225;100002;4950;28;11821333470;S
20241225;100003;4946;2;11821333997;S
20241225;100003;4946;100;11821333998;S
20241225;100003;4946;6;11821333999;S
20241225;100003;4945.5;1;11821334001;S
20241225;100003;4945.5;1;11821334002;S
20241225;100003;4945.5;1;11821334003;S
20241225;100003;4945.5;2;11821334004;S
20241225;100003;4945.5;8;11821334005;S
20241225;100003;4945.5;1;11821334006;S
20241225;100003;4945.5;17;11821334007;S
20241225;100003;4945.5;8;11821334253;S
20241225;100003;4945.5;1;11821334273;S
20241225;100003;4945.5;18;11821334291;S
20241225;100003;4945.5;3;11821334366;S
20241225;100004;4945.5;6;11821334648;S
20241225;100004;4945.5;1;11821334813;S
20241225;100004;4945.5;2;11821334869;S
20241225;100004;4945.5;2;11821334935;S
20241225;100004;4945.5;5;11821334946;S
20241225;100004;4945.5;8;11821335313;S
20241225;100006;4946;1;11821336476;S
20241225;100006;4947;2;11821336608;B
20241225;100006;4946;8;11821337192;S
20241225;100006;4946;1;11821337419;S
20241225;100007;4946;1;11821337520;S
20241225;100007;4946;12;11821338344;S
20241225;100008;4946;2;11821339505;S
20241225;100008;4947;1;11821339545;B
20241225;100008;4947;1;11821340416;B
20241225;100008;4946;2;11821340601;S
20241225;100009;4946;1;11821341384;S
20241225;100012;4947;36;11821344485;B
20241225;100012;4947;17;11821344488;S
20241225;100012;4947;23;11821344489;B
20241225;100012;4947;23;11821344497;B
20241225;100013;4949;31;11821345426;B
20241225;100013;4952;19;11821345427;B
20241225;100013;4951.5;1;11821345704;B
20241225;100013;4952;1;11821346204;B
20241225;100014;4948;4;11821346570;S
20241225;100014;4947.5;3;11821346571;S
20241225;100014;4947.5;9;11821346652;S
20241225;100014;4947.5;2;11821346653;S
20241225;100014;4947.5;3;11821346713;B
20241225;100015;4947;4;11821347054;S
20241225;100015;4945.5;51;11821347055;S
20241225;100015;4946;1;11821347098;B
20241225;100020;4946;2;11821350084;S
20241225;100020;4946;2;11821350085;S
20241225;100020;4945.5;18;11821350086;S
20241225;100020;4946;9;11821350126;B
20241225;100020;4946;1;11821350192;B
20241225;100020;4946;1;11821350216;B
20241225;100020;4946;1;11821350232;B
20241225;100022;4946;11;11821350904;B
20241225;100022;4946;1;11821350905;B
20241225;100022;4946;1;11821351064;B
20241225;100022;4946;9;11821351065;B
20241225;100022;4946;1;11821351085;B
20241225;100023;4946;1;11821351708;B
20241225;100023;4946;1;11821351709;B
20241225;100025;4946;3;11821352246;S
20241225;100026;4946;2;11821352504;S
20241225;100026;4945.5;34;11821352505;S
20241225;100026;4945.5;8;11821352506;S
20241225;100026;4945.5;1;11821352507;S
20241225;100026;4945;16;11821352508;S
20241225;100026;4945;1;11821352509;S
20241225;100026;4945;1;11821352510;S
20241225;100026;4945;1;11821352511;S
20241225;100026;4944;1;11821352512;S
20241225;100026;4943;1;11821352513;S
20241225;100026;4942;2;11821352514;S
20241225;100026;4942;1;11821352515;S
20241225;100026;4942;5;11821352516;S
20241225;100026;4941.5;26;11821352517;S
20241225;100026;4942;22;11821352589;S
20241225;100026;4941.5;13;11821352590;S
20241225;100027;4941.5;1;11821352801;S
20241225;100027;4942.5;10;11821352904;B
20241225;100027;4943;1;11821352907;B
20241225;100027;4943;1;11821352912;B
20241225;100027;4943;1;11821352920;B
20241225;100027;4943;1;11821352924;B
20241225;100027;4943;1;11821352927;B
20241225;100027;4943;1;11821352932;B
20241225;100027;4943;1;11821352939;B
20241225;100027;4943;1;11821352943;B
20241225;100027;4943;1;11821352948;B
20241225;100027;4943;1;11821352959;B
20241225;100027;4943;1;11821352966;B
20241225;100027;4943;1;11821352973;B
20241225;100027;4943;1;11821352977;B
20241225;100027;4943;1;11821352980;B
20241225;100027;4943;1;11821352982;B
20241225;100027;4943;1;11821352985;B
20241225;100027;4943;1;11821352986;B
20241225;100027;4943;1;11821352988;B
20241225;100027;4943;1;11821352989;B
20241225;100027;4943;1;11821352990;B
20241225;100027;4943;1;11821352991;B
20241225;100027;4943;1;11821352992;B
20241225;100027;4943;1;11821352994;B
20241225;100027;4943;1;11821352995;B
20241225;100027;4943;1;11821352996;B
20241225;100027;4943;1;11821352997;B
20241225;100027;4943;1;11821352998;B
20241225;100027;4943;1;11821352999;B
20241225;100027;4943;1;11821353000;B
20241225;100027;4943;1;11821353001;B
20241225;100027;4943;1;11821353002;B
20241225;100027;4943;1;11821353004;B
20241225;100027;4943;1;11821353005;B
20241225;100027;4943;1;11821353008;B
20241225;100029;4943;40;11821353673;B
20241225;100029;4943;16;11821353678;B
20241225;100029;4945;16;11821353684;B
20241225;100030;4944.5;1;11821354321;B
20241225;100030;4944.5;5;11821354356;B
20241225;100030;4944.5;5;11821354358;B
20241225;100030;4944.5;5;11821354359;B
20241225;100030;4944.5;5;11821354360;B
20241225;100030;4944.5;5;11821354361;B
20241225;100030;4944.5;3;11821354362;B
20241225;100030;4945;3;11821354363;B
20241225;100032;4944.5;1;11821355045;B
20241225;100042;4944;2;11821358518;S
20241225;100043;4944.5;1;11821358583;B
20241225;100044;4944.5;2;11821359149;B
20241225;100046;4944.5;2;11821359828;B
20241225;100050;4944;2;11821361396;S
20241225;100053;4944.5;5;11821362203;B
20241225;100054;4944.5;1;11821362558;B
20241225;100054;4944.5;9;11821362560;B
20241225;100054;4944.5;27;11821362561;B
20241225;100055;4944.5;1;11821362878;B
20241225;100057;4944;1;11821363484;S
20241225;100057;4944;1;11821363485;S
20241225;100057;4944;8;11821363486;S
20241225;100100;4944.5;1;11821364490;B
20241225;100101;4944.5;33;11821364713;B
20241225;100101;4944.5;1;11821364768;B
20241225;100109;4944.5;1;11821367380;B
20241225;100116;4944.5;1;11821370710;B
20241225;100116;4944.5;3;11821370749;B
20241225;100117;4944.5;2;11821371341;B
20241225;100117;4944;10;11821371474;S
20241225;100120;4944.5;3;11821372483;B
20241225;100121;4944;21;11821373108;S
20241225;100124;4944;6;11821374257;S
20241225;100124;4944;2;11821374258;S
20241225;100124;4943.5;5;11821374259;S
20241225;100124;4942;1;11821374260;S
20241225;100124;4941.5;8;11821374261;S
20241225;100124;4941;1;11821374262;S
20241225;100124;4941;10;11821374263;S
20241225;100124;4941;1;11821374264;S
20241225;100124;4940.5;1;11821374265;S
20241225;100124;4940;1;11821374266;S
20241225;100124;4940;1;11821374267;S
20241225;100124;4940;1;11821374268;S
20241225;100124;4940;10;11821374269;S
20241225;100124;4940;2;11821374270;S
20241225;100124;4940;2;11821374271;S
20241225;100128;4944;40;11821375695;B
20241225;100128;4944;40;11821375696;B
20241225;100128;4944.5;26;11821375697;B
20241225;100128;4944.5;14;11821375698;B
20241225;100128;4944.5;14;11821375699;B
20241225;100128;4946.5;40;11821375726;B
20241225;100128;4946;8;11821375727;S
20241225;100128;4946;14;11821375728;S
20241225;100128;4947.5;21;11821375729;B
20241225;100128;4947.5;5;11821375730;B
20241225;100128;4947.5;1;11821375734;B
20241225;100128;4946.5;1;11821375845;S
20241225;100129;4946.5;10;11821376134;S
20241225;100130;4947;10;11821376260;B
20241225;100130;4947.5;189;11821376261;B
20241225;100130;4947.5;1;11821376262;B
20241225;100139;4949.5;2;11821379324;B
20241225;100139;4950;20;11821379378;B
20241225;100139;4951.5;5;11821379381;B
20241225;100140;4952;8;11821379551;B
20241225;100141;4952;1;11821379824;B
20241225;100142;4952;5;11821380050;B
20241225;100142;4952.5;5;11821380051;B
20241225;100143;4952;3;11821380316;B
20241225;100143;4952;16;11821380317;B
20241225;100143;4952.5;16;11821380319;B
20241225;100143;4952.5;4;11821380321;B
20241225;100143;4952.5;26;11821380325;B
20241225;100143;4952.5;35;11821380326;B
20241225;100143;4952.5;6;11821380327;B
20241225;100143;4952;2;11821380445;B
20241225;100143;4952.5;36;11821380446;B
20241225;100143;4952.5;11;11821380447;B
20241225;100143;4952.5;6;11821380531;B
20241225;100143;4952.5;8;11821380532;B
20241225;100143;4952.5;2;11821380533;B
20241225;100143;4952.5;40;11821380534;B
20241225;100143;4954.5;5;11821380536;B
20241225;100143;4952;5;11821380608;S
20241225;100144;4954;1;11821380623;B
20241225;100145;4954;34;11821381129;S
20241225;100145;4954;1;11821381130;S
20241225;100147;4954.5;1;11821381611;B
20241225;100147;4954;3;11821381661;S
20241225;100148;4954;9;11821381825;S
20241225;100148;4954;1;11821381993;B
20241225;100148;4954.5;1;11821381994;B
20241225;100149;4953.5;10;11821382139;B
20241225;100151;4953.5;1;11821382618;B
20241225;100157;4947;3;11821383952;S
20241225;100200;4948.5;1;11821384684;B
20241225;100210;4950;2;11821387127;S
20241225;100210;4951;5;11821387153;B
20241225;100211;4952;1;11821387322;B
20241225;100212;4952.5;10;11821387497;B
20241225;100213;4952.5;50;11821387824;B
20241225;100213;4952.5;17;11821387825;B
20241225;100213;4952.5;4;11821387826;B
20241225;100213;4953;152;11821387827;B
20241225;100213;4953;26;11821387828;B
20241225;100213;4953.5;11;11821387829;B
20241225;100213;4954;40;11821387830;B
20241225;100213;4955;33;11821387831;B
20241225;100213;4955;121;11821387832;B
20241225;100214;4958;1;11821387917;B
20241225;100215;4959;1;11821388193;B
20241225;100216;4958;30;11821388591;B
20241225;100219;4955.5;1;11821389182;S
20241225;100225;4958;3;11821390500;B
20241225;100225;4958;5;11821390501;B
20241225;100226;4958;4;11821390637;S
20241225;100226;4958;8;11821390640;S
20241225;100226;4957.5;4;11821390641;S
20241225;100226;4957;5;11821390642;S
20241225;100228;4955;4;11821390986;B
20241225;100229;4950;2;11821391328;S
20241225;100229;4949.5;3;11821391329;S
20241225;100230;4954.5;1;11821391569;B
20241225;100235;4954.5;40;11821392578;B
20241225;100235;4955;22;11821392579;B
20241225;100239;4954.5;5;11821393447;B
20241225;100240;4950;1;11821393728;B
20241225;100243;4950;8;11821394137;S
20241225;100243;4950;1;11821394254;S
20241225;100244;4954.5;5;11821394487;B
20241225;100250;4954.5;1;11821395475;B
20241225;100254;4950.5;3;11821396163;S
20241225;100254;4950;21;11821396164;S
20241225;100254;4949.5;2;11821396165;S
20241225;100254;4947.5;11;11821396166;S
20241225;100254;4947.5;18;11821396167;S
20241225;100254;4947.5;37;11821396168;S
20241225;100254;4947;18;11821396169;S
20241225;100255;4946.5;3;11821396241;S
20241225;100255;4946.5;26;11821396332;S
20241225;100255;4946.5;11;11821396333;S
20241225;100256;4946.5;14;11821396435;S
20241225;100257;4946.5;7;11821396549;S
20241225;100257;4946;7;11821396550;S
20241225;100257;4946.5;4;11821396766;S
20241225;100301;4949.5;40;11821397458;B
20241225;100301;4952;1;11821397490;B
20241225;100301;4952;15;11821397505;B
20241225;100306;4952;5;11821398499;B
20241225;100307;4952;19;11821398578;B
20241225;100307;4952;2;11821398579;B
20241225;100309;4950;4;11821398843;S
20241225;100309;4952;1;11821398888;B
20241225;100311;4953;1;11821399453;B
20241225;100312;4952;5;11821399692;B
20241225;100314;4952;2;11821399908;B
20241225;100314;4952;3;11821400076;B
20241225;100315;4950;45;11821400269;S
20241225;100316;4950;10;11821400443;S
20241225;100317;4952;15;11821400567;B
20241225;100317;4952.5;1;11821400568;B
20241225;100319;4953.5;2;11821401054;B
20241225;100322;4953.5;34;11821401853;B
20241225;100322;4953.5;2;11821401854;B
20241225;100326;4952;1;11821402456;S
20241225;100326;4952.5;3;11821402459;B
20241225;100331;4953;2;11821403308;B
20241225;100332;4950.5;2;11821403684;S
20241225;100332;4950;1;11821403685;S
20241225;100332;4950;2;11821403686;S
20241225;100332;4948;4;11821403687;S
20241225;100332;4947.5;11;11821403688;S
20241225;100332;4946.5;20;11821403689;S
20241225;100332;4946;60;11821403690;S
20241225;100334;4951;2;11821403925;B
20241225;100341;4951.5;3;11821405300;S
20241225;100344;4952;1;11821406008;B
20241225;100344;4952;1;11821406009;B
20241225;100345;4952;3;11821406094;B
20241225;100345;4952;1;11821406095;B
20241225;100347;4953;1;11821406623;B
20241225;100347;4952.5;5;11821406657;B
20241225;100351;4953;1;11821407523;B
20241225;100354;4952.5;8;11821408321;S
20241225;100354;4952;1;11821408322;S
20241225;100358;4952;10;11821409263;B
20241225;100359;4952;1;11821409324;B
20241225;100359;4953;3;11821409621;B
20241225;100401;4952;1;11821410066;B
20241225;100402;4952;5;11821410387;B
20241225;100403;4951.5;8;11821410591;S
20241225;100409;4952;2;11821411800;B
20241225;100415;4952;1;11821413195;B
20241225;100416;4952;1;11821413840;B
20241225;100416;4953;21;11821413841;B
20241225;100416;4953;20;11821413842;B
20241225;100416;4953.5;1;11821413843;B
20241225;100416;4954;13;11821413844;B
20241225;100416;4954;25;11821413845;B
20241225;100416;4954;2;11821413846;B
20241225;100416;4954.5;9;11821413847;B
20241225;100416;4954.5;200;11821413848;B
20241225;100416;4955;1;11821413849;B
20241225;100416;4955;5;11821413850;B
20241225;100416;4956;27;11821413852;B
20241225;100420;4956.5;4;11821414610;B
20241225;100422;4956.5;3;11821414887;B
20241225;100422;4956.5;1;11821414998;B
20241225;100425;4956;4;11821415495;B
20241225;100425;4956.5;6;11821415496;B
20241225;100429;4957;8;11821416339;B
20241225;100429;4957.5;2;11821416340;B
20241225;100433;4957;1;11821417198;B
20241225;100438;4957;1;11821418187;B
20241225;100441;4957;3;11821418718;B
20241225;100441;4957;4;11821418719;B
20241225;100441;4957;20;11821418720;B
20241225;100441;4957.5;28;11821418721;B
20241225;100441;4958;3;11821418724;B
20241225;100441;4959.5;1;11821418725;B
20241225;100441;4959.5;26;11821418726;B
20241225;100441;4959;3;11821418765;B
20241225;100444;4959;1;11821419472;B
20241225;100445;4959;1;11821419542;B
20241225;100445;4959.5;14;11821419543;B
20241225;100449;4959;1;11821420513;B
20241225;100450;4959.5;1;11821420831;B
20241225;100451;4959.5;15;11821420860;B
20241225;100451;4960;5;11821420861;B
20241225;100451;4960;1;11821420870;B
20241225;100451;4960;4;11821420917;B
20241225;100451;4960;1;11821420918;B
20241225;100451;4955.5;2;11821420962;S
20241225;100451;4955;7;11821420963;S
20241225;100453;4955;4;11821421212;S
20241225;100453;4955;1;11821421213;S
20241225;100453;4954.5;2;11821421214;S
20241225;100453;4953;4;11821421215;S
20241225;100453;4959.5;4;11821421217;B
20241225;100453;4960;19;11821421218;B
20241225;100453;4960;5;11821421219;B
20241225;100453;4960;5;11821421220;B
20241225;100453;4960;4;11821421221;B
20241225;100453;4960.5;15;11821421222;B
20241225;100453;4960.5;148;11821421223;B
20241225;100454;4960.5;10;11821421406;B
20241225;100457;4959;5;11821422030;S
20241225;100457;4957.5;2;11821422031;S
20241225;100458;4957;2;11821422288;S
20241225;100500;4957;12;11821422580;S
20241225;100500;4955.5;11;11821422581;S
20241225;100500;4953;77;11821422582;S
20241225;100503;4952;3;11821423256;S
20241225;100503;4952;1;11821423257;S
20241225;100503;4952;1;11821423258;S
20241225;100503;4952;9;11821423259;S
20241225;100503;4951.5;6;11821423260;S
20241225;100503;4951.5;180;11821423261;S
20241225;100503;4953.5;1;11821423266;B
20241225;100504;4953.5;21;11821423513;B
20241225;100508;4953.5;37;11821424167;B
20241225;100508;4954.5;11;11821424168;B
20241225;100508;4956.5;85;11821424169;B
20241225;100509;4956.5;20;11821424382;S
20241225;100509;4956.5;20;11821424427;S
20241225;100511;4959.5;15;11821424968;B
20241225;100511;4960;35;11821424969;B
20241225;100512;4960.5;12;11821425203;B
20241225;100513;4958.5;2;11821425224;S
20241225;100513;4960.5;10;11821425355;B
20241225;100514;4960;2;11821425514;S
20241225;100514;4958.5;8;11821425515;S
20241225;100515;4960.5;1;11821425849;B
20241225;100516;4960.5;1;11821426014;B
20241225;100519;4960.5;1;11821426614;B
20241225;100519;4960.5;2;11821426733;B
20241225;100521;4958.5;2;11821427062;S
20241225;100521;4958;2;11821427063;S
20241225;100521;4957.5;4;11821427064;S
20241225;100521;4957;2;11821427098;S
20241225;100521;4957;11;11821427099;S
20241225;100521;4957;11;11821427100;S
20241225;100521;4957;6;11821427101;S
20241225;100523;4960;2;11821427433;B
20241225;100523;4960;1;11821427496;B
20241225;100523;4960.5;2;11821427497;B
20241225;100524;4960.5;16;11821427853;B
20241225;100524;4960.5;34;11821427854;B
20241225;100525;4960.5;1;11821427906;B
20241225;100529;4960.5;10;11821428853;B
20241225;100529;4960.5;5;11821428863;B
20241225;100529;4961;5;11821428864;B
20241225;100530;4961;3;11821428952;B
20241225;100530;4961.5;7;11821428953;B
20241225;100530;4961.5;3;11821428958;B
20241225;100530;4961.5;1;11821429085;B
20241225;100531;4961.5;1;11821429227;B
20241225;100535;4959;3;11821429996;S
20241225;100535;4958.5;10;11821429997;S
20241225;100535;4956;4;11821429998;S
20241225;100535;4956;19;11821429999;S
20241225;100535;4955.5;11;11821430000;S
20241225;100535;4955;77;11821430001;S
20241225;100535;4958;10;11821430022;B
20241225;100541;4957;1;11821431232;B
20241225;100546;4957;1;11821432356;B
20241225;100546;4957.5;1;11821432357;B
20241225;100547;4957.5;1;11821432543;B
20241225;100547;4959;1;11821432544;B
20241225;100547;4959;2;11821432545;B
20241225;100547;4959.5;31;11821432546;B
20241225;100548;4959;1;11821432711;B
20241225;100548;4959.5;1;11821432712;B
20241225;100549;4960;1;11821433016;B
20241225;100549;4953.5;2;11821433026;S
20241225;100549;4953;1;11821433027;S
20241225;100549;4953;3;11821433028;S
20241225;100549;4952.5;2;11821433029;S
20241225;100549;4952;2;11821433030;S
20241225;100552;4959.5;2;11821433744;B
20241225;100555;4960;15;11821434286;B
20241225;100556;4960;3;11821434435;B
20241225;100559;4960;2;11821435142;B
20241225;100600;4962.5;1;11821435161;B
20241225;100600;4962.5;3;11821435213;B
20241225;100600;4962.5;1;11821435407;B
20241225;100603;4962;2;11821435963;B
20241225;100603;4962;6;11821435964;B
20241225;100603;4962.5;12;11821435965;B
20241225;100613;4963;1;11821438113;B
20241225;100614;4963;1;11821438361;B
20241225;100616;4963;20;11821438644;B
20241225;100616;4963;12;11821438699;B
20241225;100616;4963;27;11821438700;B
20241225;100616;4963;12;11821438701;B
20241225;100616;4963;26;11821438702;B
20241225;100616;4963;6;11821438703;B
20241225;100616;4963;14;11821438704;B
20241225;100616;4963;11;11821438705;B
20241225;100616;4963;18;11821438706;B
20241225;100616;4964;1;11821438709;B
20241225;100616;4964.5;5;11821438711;B
20241225;100616;4962.5;2;11821438737;S
20241225;100618;4965;1;11821439095;B
20241225;100618;4965;1;11821439096;B
20241225;100619;4965;5;11821439308;B
20241225;100620;4965;4;11821439491;B
20241225;100622;4966;1;11821440007;B
20241225;100622;4966.5;5;11821440008;B
20241225;100622;4966.5;4;11821440009;B
20241225;100622;4967;1;11821440010;B
20241225;100622;4968.5;9;11821440011;B
20241225;100623;4966.5;3;11821440099;B
20241225;100623;4966.5;5;11821440111;B
20241225;100623;4966.5;1;11821440141;B
20241225;100623;4966.5;8;11821440171;B
20241225;100625;4966;1;11821440571;B
20241225;100627;4965;3;11821440878;S
20241225;100627;4964.5;5;11821440879;S
20241225;100627;4964;20;11821440880;S
20241225;100627;4962.5;3;11821440881;S
20241225;100627;4962.5;8;11821440882;S
20241225;100627;4962.5;1;11821440910;B
20241225;100627;4964;19;11821440911;B
20241225;100630;4962;1;11821441309;B
20241225;100630;4962.5;4;11821441310;B
20241225;100630;4963;1;11821441311;B
20241225;100631;4960;2;11821441510;S
20241225;100631;4957.5;13;11821441511;S
20241225;100631;4957.5;5;11821441512;S
20241225;100632;4955;10;11821441692;S
20241225;100637;4957;2;11821442653;S
20241225;100645;4959;1;11821443985;B
20241225;100647;4958.5;60;11821444264;B
20241225;100647;4959;11;11821444265;B
20241225;100647;4960;20;11821444266;B
20241225;100647;4960;10;11821444267;B
20241225;100647;4962;31;11821444268;B
20241225;100650;4962;1;11821444755;B
20241225;100655;4958;2;11821445664;S
20241225;100655;4958;8;11821445665;S
20241225;100658;4964;1;11821445930;B
20241225;100701;4964.5;1;11821446433;B
20241225;100707;4960;3;11821447390;S
20241225;100708;4964;1;11821447506;B
20241225;100708;4965;3;11821447507;B
20241225;100708;4965.5;1;11821447577;B
20241225;100708;4965.5;6;11821447578;B
20241225;100708;4966;10;11821447645;B
20241225;100710;4963;10;11821448455;S
20241225;100710;4963;3;11821448632;S
20241225;100712;4964;1;11821448897;B
20241225;100712;4966;10;11821448898;B
20241225;100712;4966;1;11821448899;B
20241225;100712;4966.5;7;11821448900;B
20241225;100713;4966.5;1;11821449057;B
20241225;100713;4966.5;1;11821449058;B
20241225;100714;4965;1;11821449276;B
20241225;100715;4965;8;11821449567;B
20241225;100715;4966;22;11821449568;B
20241225;100719;4965;20;11821450063;S
20241225;100719;4966;1;11821450064;B
20241225;100719;4966.5;2;11821450065;B
20241225;100722;4966.5;22;11821450583;S
20241225;100723;4967;300;11821450745;B
20241225;100723;4967;300;11821450746;B
20241225;100723;4967;1;11821450747;B
20241225;100723;4967.5;11;11821450748;B
20241225;100723;4968.5;388;11821450749;B
20241225;100723;4968.5;200;11821450753;B
20241225;100723;4967;2;11821450839;S
20241225;100723;4967;38;11821450844;S
20241225;100723;4966.5;25;11821450845;S
20241225;100723;4966.5;11;11821450846;S
20241225;100723;4965;1;11821450847;S
20241225;100723;4965;60;11821450848;S
20241225;100723;4964.5;50;11821450849;S
20241225;100723;4963.5;15;11821450850;S
20241225;100727;4968;11;11821451511;B
20241225;100727;4968.5;251;11821451512;B
20241225;100727;4968.5;25;11821451513;B
20241225;100727;4970;2;11821451514;B
20241225;100727;4970;1;11821451515;B
20241225;100727;4970;1;11821451516;B
20241225;100727;4970;40;11821451517;B
20241225;100727;4970.5;48;11821451637;B
20241225;100727;4970.5;52;11821451638;B
20241225;100727;4971;6;11821451639;B
20241225;100727;4971;30;11821451640;B
20241225;100727;4972.5;2;11821451726;B
20241225;100727;4973;23;11821451727;B
20241225;100728;4973;25;11821451761;B
20241225;100728;4973;20;11821451802;B
20241225;100728;4973;1;11821451847;B
20241225;100729;4973;31;11821451899;B
20241225;100729;4973.5;100;11821451900;B
20241225;100729;4974;10;11821451901;B
20241225;100729;4974;1;11821451902;B
20241225;100729;4974.5;2;11821451903;B
20241225;100729;4975;1;11821451904;B
20241225;100729;4975;5;11821451905;B
20241225;100729;4975;1;11821451906;B
20241225;100729;4975;60;11821451907;B
20241225;100729;4975.5;1;11821451908;B
20241225;100729;4975.5;30;11821451909;B
20241225;100729;4976;1;11821451910;B
20241225;100729;4976;40;11821451911;B
20241225;100729;4976.5;60;11821451912;B
20241225;100729;4976.5;11;11821451913;B
20241225;100729;4977;1;11821451914;B
20241225;100729;4977;1;11821451915;B
20241225;100729;4977;60;11821451916;B
20241225;100729;4977.5;1;11821451917;B
20241225;100729;4977.5;1;11821451918;B
20241225;100729;4977.5;60;11821451919;B
20241225;100729;4977.5;40;11821451920;B
20241225;100729;4978;60;11821451921;B
20241225;100729;4978;3;11821451922;B
20241225;100729;4978;10;11821451923;B
20241225;100729;4978;200;11821451924;B
20241225;100729;4978.5;60;11821451925;B
20241225;100729;4979;60;11821451926;B
20241225;100729;4979;70;11821451927;B
20241225;100729;4979.5;60;11821451928;B
20241225;100729;4979.5;2;11821451929;B
20241225;100729;4980;1;11821451930;B
20241225;100729;4980;1;11821451931;B
20241225;100729;4980;1;11821451932;B
20241225;100729;4980;1;11821451933;B
20241225;100729;4980;1;11821451934;B
20241225;100729;4980;60;11821451935;B
20241225;100729;4980;5;11821451936;B
20241225;100729;4980;50;11821451937;B
20241225;100729;4980;81;11821451938;B
20241225;100729;4980;5;11821451939;B
20241225;100729;4980;10;11821451940;B
20241225;100729;4980;200;11821451941;B
20241225;100729;4980.5;60;11821451942;B
20241225;100729;4981;60;11821451943;B
20241225;100729;4982.5;10;11821451944;B
20241225;100729;4982.5;1;11821451945;B
20241225;100729;4982.5;25;11821451946;B
20241225;100729;4983.5;30;11821451947;B
20241225;100729;4984;1;11821451948;B
20241225;100729;4984;1;11821451949;B
20241225;100729;4984;2;11821451950;B
20241225;100729;4984;1;11821451951;B
20241225;100729;4984;1;11821451952;B
20241225;100729;4984.5;2;11821451953;B
20241225;100729;4985;10;11821451954;B
20241225;100729;4985;15;11821451955;B
20241225;100729;4985;2;11821451956;B
20241225;100729;4985;60;11821451957;B
20241225;100729;4985;10;11821451958;B
20241225;100729;4985.5;135;11821451959;B
20241225;100729;4985.5;100;11821451960;B
20241225;100729;4986;15;11821451961;B
20241225;100729;4987.5;5;11821451962;B
20241225;100729;4987.5;8;11821451963;B
20241225;100729;4979;2;11821451967;S
20241225;100729;4985.5;5;11821451984;B
20241225;100729;4985.5;5;11821451985;B
20241225;100729;4985;1;11821452013;B
20241225;100729;4985;1;11821452014;B
20241225;100729;4985;1;11821452015;B
20241225;100729;4979;11;11821452020;S
20241225;100729;4974;40;11821452021;S
20241225;100729;4974;49;11821452022;S
20241225;100729;4984.5;25;11821452045;B
20241225;100729;4984.5;35;11821452046;B
20241225;100729;4984.5;5;11821452047;B
20241225;100729;4980;1;11821452048;B
20241225;100729;4980;19;11821452051;B
20241225;100729;4984.5;21;11821452052;B
20241225;100729;4977;5;11821452055;B
20241225;100729;4983.5;15;11821452056;B
20241225;100729;4983.5;10;11821452058;B
20241225;100729;4977;10;11821452067;B
20241225;100729;4977;10;11821452070;B
20241225;100729;4977;10;11821452074;B
20241225;100729;4977;10;11821452096;B
20241225;100729;4977;1;11821452104;B
20241225;100729;4977;80;11821452126;B
20241225;100729;4977;10;11821452131;B
20241225;100729;4977;6;11821452132;B
20241225;100729;4977;100;11821452147;B
20241225;100729;4977;1;11821452148;B
20241225;100730;4977;90;11821452205;B
20241225;100730;4977;6;11821452243;B
20241225;100730;4977;10;11821452252;B
20241225;100730;4976.5;2;11821452290;S
20241225;100730;4975;2;11821452291;S
20241225;100730;4974.5;11;11821452292;S
20241225;100730;4971.5;60;11821452293;S
20241225;100732;4976.5;1;11821452691;B
20241225;100732;4976.5;82;11821452769;B
20241225;100732;4977;283;11821452770;B
20241225;100734;4976.5;1;11821452976;B
20241225;100738;4976.5;1;11821453809;B
20241225;100738;4976.5;2;11821453810;B
20241225;100738;4977;5;11821453811;B
20241225;100738;4977;10;11821453901;B
20241225;100740;4973;1;11821454140;S
20241225;100740;4972.5;10;11821454147;S
20241225;100740;4976.5;4;11821454234;S
20241225;100741;4977;1;11821454362;B
20241225;100741;4977;1;11821454363;B
20241225;100741;4977;1;11821454364;B
20241225;100741;4977;1;11821454365;B
20241225;100741;4977;1;11821454366;B
20241225;100741;4977;1;11821454367;B
20241225;100741;4977;1;11821454368;B
20241225;100742;4979.5;5;11821454497;B
20241225;100742;4980;10;11821454498;B
20241225;100742;4980;1;11821454499;B
20241225;100742;4983;60;11821454500;B
20241225;100742;4983.5;36;11821454501;B
20241225;100742;4983.5;40;11821454502;B
20241225;100742;4984;40;11821454503;B
20241225;100742;4984;1;11821454504;B
20241225;100742;4984.5;1;11821454505;B
20241225;100742;4984.5;6;11821454506;B
20241225;100742;4984.5;12;11821454510;B
20241225;100742;4985;7;11821454511;B
20241225;100742;4985;9;11821454512;B
20241225;100742;4980.5;1;11821454520;S
20241225;100742;4985;16;11821454620;B
20241225;100742;4985.5;4;11821454621;B
20241225;100742;4985.5;5;11821454622;B
20241225;100745;4985;1;11821455169;S
20241225;100746;4985;8;11821455359;S
20241225;100746;4981.5;11;11821455360;S
20241225;100746;4979.5;38;11821455361;S
20241225;100746;4978;75;11821455362;S
20241225;100746;4984.5;5;11821455455;B
20241225;100747;4984.5;1;11821455581;B
20241225;100747;4984.5;13;11821455590;B
20241225;100747;4985;12;11821455591;B
20241225;100748;4985;9;11821455812;B
20241225;100748;4985.5;63;11821455813;B
20241225;100748;4986;63;11821455814;B
20241225;100750;4985.5;2;11821456425;B
20241225;100751;4987;5;11821456462;B
20241225;100751;4982.5;11;11821456563;S
20241225;100751;4980;19;11821456564;S
20241225;100753;4983;1;11821456861;B
20241225;100753;4983.5;12;11821456862;B
20241225;100753;4980;11;11821456950;S
20241225;100753;4979;6;11821456951;S
20241225;100753;4978.5;13;11821456952;S
20241225;100753;4983.5;2;11821456995;B
20241225;100754;4979.5;5;11821457107;S
20241225;100754;4983.5;6;11821457269;B
20241225;100754;4986;3;11821457270;B
20241225;100754;4986.5;2;11821457271;B
20241225;100754;4987;1;11821457272;B
20241225;100754;4987;1;11821457273;B
20241225;100755;4986.5;8;11821457323;B
20241225;100755;4987;18;11821457324;B
20241225;100755;4987;14;11821457325;B
20241225;100755;4980.5;5;11821457452;S
20241225;100756;4986;6;11821457682;B
20241225;100756;4986.5;3;11821457683;B
20241225;100756;4986.5;4;11821457684;B
20241225;100756;4987;2;11821457685;B
20241225;100800;4982.5;2;11821458368;S
20241225;100801;4982.5;1;11821458410;S
20241225;100804;4986;1;11821459105;B
20241225;100804;4986.5;1;11821459106;B
20241225;100805;4979.5;4;11821459477;S
20241225;100805;4983;2;11821459489;B
20241225;100805;4983;3;11821459490;B
20241225;100807;4979.5;25;11821459911;S
20241225;100809;4983;1;11821460377;B
20241225;100809;4983;4;11821460378;B
20241225;100813;4980;2;11821461276;S
20241225;100814;4980;20;11821461302;S
20241225;100815;4982;1;11821461424;B
20241225;100816;4980;1;11821461598;S
20241225;100816;4980.5;1;11821461616;B
20241225;100816;4982.5;11;11821461617;B
20241225;100816;4982.5;1;11821461618;B
20241225;100816;4982.5;1;11821461619;B
20241225;100820;4980.5;2;11821462285;S
20241225;100820;4983;10;11821462375;B
20241225;100821;4983;15;11821462559;B
20241225;100821;4983.5;1;11821462682;B
20241225;100822;4983.5;99;11821462860;B
20241225;100822;4986.5;1;11821462861;B
20241225;100823;4982.5;4;11821463145;S
20241225;100823;4986.5;1;11821463171;B
20241225;100823;4986.5;6;11821463172;B
20241225;100826;4986.5;22;11821463795;B
20241225;100826;4987;80;11821463796;B
20241225;100826;4987;20;11821463797;B
20241225;100826;4987;1;11821463798;B
20241225;100826;4987.5;12;11821463799;B
20241225;100826;4988;10;11821463800;B
20241225;100826;4988;5;11821463801;B
20241225;100826;4988;10;11821463802;B
20241225;100826;4988;2;11821463803;B
20241225;100826;4988;2;11821463804;B
20241225;100826;4988;7;11821463805;B
20241225;100826;4984.5;1;11821463816;S
20241225;100826;4989;1;11821463835;B
20241225;100827;4984.5;1;11821463914;S
20241225;100827;4989;4;11821463933;B
20241225;100827;4989;6;11821463936;B
20241225;100827;4989;4;11821463937;B
20241225;100827;4989;13;11821463965;B
20241225;100828;4989;1;11821464012;B
20241225;100828;4985;5;11821464120;S
20241225;100829;4988.5;17;11821464242;B
20241225;100829;4989;9;11821464311;B
20241225;100829;4989;1;11821464312;B
20241225;100829;4985;6;11821464348;S
20241225;100829;4984;11;11821464349;S
20241225;100829;4983.5;43;11821464350;S
20241225;100830;4984.5;1;11821464430;S
20241225;100833;4983.5;1;11821464816;S
20241225;100833;4983;2;11821464817;S
20241225;100834;4983.5;6;11821465021;S
20241225;100834;4983;2;11821465022;S
20241225;100836;4986;1;11821465477;B
20241225;100836;4983;30;11821465567;S
20241225;100838;4985;6;11821465887;B
20241225;100840;4985;40;11821466194;B
20241225;100840;4985;1;11821466213;B
20241225;100840;4985.5;8;11821466214;B
20241225;100840;4986;1;11821466215;B
20241225;100841;4983;5;11821466340;S
20241225;100842;4983;10;11821466535;S
20241225;100844;4983;1;11821466806;S
20241225;100844;4983;1;11821466807;S
20241225;100845;4983;4;11821466848;S
20241225;100845;4983;1;11821466849;S
20241225;100846;4981;2;11821467179;S
20241225;100847;4981;2;11821467188;S
20241225;100847;4980.5;3;11821467189;S
20241225;100849;4983;2;11821467653;B
20241225;100849;4984.5;8;11821467654;B
20241225;100851;4980.5;40;11821468132;S
20241225;100851;4980;10;11821468133;S
20241225;100851;4980;3;11821468163;S
20241225;100852;4980;7;11821468255;S
20241225;100852;4980;2;11821468388;S
20241225;100855;4982;2;11821469085;B
20241225;100856;4980;1;11821469147;S
20241225;100857;4982.5;1;11821469329;B
20241225;100857;4980;50;11821469397;S
20241225;100900;4980;10;11821469881;S
20241225;100901;4980.5;10;11821470151;B
20241225;100901;4981.5;1;11821470152;B
20241225;100901;4982.5;14;11821470153;B
20241225;100902;4982.5;1;11821470249;S
20241225;100904;4982.5;3;11821470790;S
20241225;100904;4982.5;71;11821470871;S
20241225;100904;4981.5;13;11821470872;S
20241225;100904;4980;92;11821470873;S
20241225;100904;4980;10;11821470874;S
20241225;100904;4980;10;11821470875;S
20241225;100904;4980;1;11821470876;S
20241225;100904;4980;11;11821470877;S
20241225;100904;4978;92;11821470878;S
20241225;100905;4981.5;1;11821470990;B
20241225;100906;4978;2;11821471142;S
20241225;100906;4978;2;11821471203;S
20241225;100906;4981.5;1;11821471207;B
20241225;100906;4982;2;11821471208;B
20241225;100909;4978;8;11821471819;S
20241225;100909;4981;10;11821471883;B
20241225;100912;4978;1;11821472285;S
20241225;100913;4978;3;11821472510;S
20241225;100913;4978;62;11821472513;S
20241225;100913;4976.5;10;11821472514;S
20241225;100913;4976.5;20;11821472515;S
20241225;100913;4976;68;11821472516;S
20241225;100913;4976;2;11821472517;S
20241225;100913;4975.5;5;11821472521;S
20241225;100913;4974.5;2;11821472527;S
20241225;100915;4980.5;10;11821472896;B
20241225;100916;4980.5;1;11821473103;B
20241225;100916;4981.5;19;11821473104;B
20241225;100921;4980;1;11821473907;S
20241225;100924;4980;1;11821474355;S
20241225;100925;4980;1;11821474460;S
20241225;100926;4980;7;11821474971;S
20241225;100927;4978;5;11821475267;S
20241225;100927;4976.5;2;11821475268;S
20241225;100927;4973.5;4;11821475269;S
20241225;100927;4973;5;11821475270;S
20241225;100928;4972.5;11;11821475368;S
20241225;100928;4971.5;69;11821475369;S
20241225;100929;4977;1;11821475619;B
20241225;100929;4971.5;8;11821475829;S
20241225;100931;4971.5;1;11821476195;S
20241225;100931;4971.5;1;11821476282;S
20241225;100937;4976.5;1;11821477675;B
20241225;100937;4976.5;2;11821477676;B
20241225;100937;4977;2;11821477677;B
20241225;100937;4972.5;10;11821477683;S
20241225;100937;4972.5;2;11821477684;S
20241225;100937;4972;9;11821477685;S
20241225;100938;4976.5;1;11821477913;B
20241225;100938;4977;9;11821477914;B
20241225;100941;4976.5;1;11821478322;B
20241225;100941;4977;2;11821478323;B
20241225;100941;4976.5;1;11821478342;B
20241225;100941;4977;38;11821478343;B
20241225;100942;4977.5;1;11821478429;B
20241225;100942;4972;11;11821478474;S
20241225;100942;4971.5;21;11821478475;S
20241225;100942;4971;20;11821478476;S
20241225;100942;4970.5;6;11821478477;S
20241225;100942;4970;10;11821478478;S
20241225;100942;4970;2;11821478479;S
20241225;100945;4972.5;1;11821478964;B
20241225;100949;4973.5;1;11821479490;B
20241225;100949;4975;2;11821479491;B
20241225;100949;4975;3;11821479492;B
20241225;100949;4975.5;11;11821479493;B
20241225;100950;4975.5;1;11821479616;S
20241225;100950;4975.5;1;11821479668;S
20241225;100951;4975.5;11;11821479766;S
20241225;100951;4974.5;4;11821479767;S
20241225;100951;4971;1;11821479768;S
20241225;100951;4970.5;1;11821479769;S
20241225;100951;4970.5;3;11821479770;S
20241225;100952;4970.5;8;11821479874;S
20241225;100952;4970;7;11821479875;S
20241225;100952;4970;10;11821479876;S
20241225;100952;4970;1;11821479877;S
20241225;100952;4970;2;11821479878;S
20241225;100952;4970;36;11821479879;S
20241225;100952;4970;10;11821479880;S
20241225;100952;4970;3;11821479881;S
20241225;100952;4968;35;11821479882;S
20241225;100952;4967.5;38;11821479883;S
20241225;100952;4974.5;1;11821479939;B
20241225;100953;4971;1;11821480036;B
20241225;100953;4975.5;1;11821480134;B
20241225;100953;4976;11;11821480135;B
20241225;100953;4977.5;7;11821480136;B
20241225;100955;4977;60;11821480343;B
20241225;100955;4977.5;17;11821480344;B
20241225;100955;4978.5;1;11821480345;B
20241225;100955;4978.5;22;11821480346;B
20241225;100956;4977;1;11821480470;B
20241225;100956;4973;2;11821480515;S
20241225;100958;4972.5;1;11821480739;S
20241225;101000;4974;10;11821481146;B
20241225;101001;4972.5;16;11821481320;S
20241225;101002;4974;42;11821481406;B
20241225;101002;4974.5;20;11821481407;B
20241225;101002;4975.5;18;11821481408;B
20241225;101003;4972.5;1;11821481616;S
20241225;101005;4972.5;3;11821481948;S
20241225;101006;4973.5;50;11821482166;B
20241225;101007;4974;20;11821482214;B
20241225;101007;4976.5;21;11821482215;B
20241225;101008;4972.5;3;11821482459;S
20241225;101012;4973.5;8;11821483155;B
20241225;101012;4972.5;148;11821483254;S
20241225;101012;4972;7;11821483255;S
20241225;101012;4973;5;11821483259;B
20241225;101014;4972;1;11821483549;S
20241225;101017;4972;6;11821484111;S
20241225;101017;4972;5;11821484112;S
20241225;101017;4971.5;1;11821484113;S
20241225;101017;4971;9;11821484114;S
20241225;101017;4970;3;11821484115;S
20241225;101019;4972;1;11821484337;B
20241225;101023;4972;16;11821485045;B
20241225;101023;4972;31;11821485046;B
20241225;101023;4971.5;1;11821485074;S
20241225;101023;4972.5;50;11821485106;B
20241225;101023;4974;2;11821485136;B
20241225;101023;4974;1;11821485137;B
20241225;101024;4974;1;11821485275;B
20241225;101024;4974;1;11821485276;B
20241225;101024;4974;2;11821485277;B
20241225;101024;4974;6;11821485278;B
20241225;101026;4974.5;1;11821485728;B
20241225;101026;4974.5;1;11821485729;B
20241225;101026;4974.5;1;11821485730;B
20241225;101027;4975;1;11821485795;B
20241225;101027;4974.5;4;11821485796;S
20241225;101029;4975;3;11821486222;S
20241225;101034;4972.5;1;11821486818;S
20241225;101037;4972;1;11821487215;S
20241225;101038;4972;1;11821487381;B
20241225;101040;4972;2;11821487676;B
20241225;101045;4972;4;11821488662;B
20241225;101046;4972;1;11821488820;B
20241225;101047;4975;5;11821489000;S
20241225;101049;4975;5;11821489196;S
20241225;101053;4972.5;3;11821489850;S
20241225;101053;4972;7;11821489851;S
20241225;101053;4971.5;11;11821489852;S
20241225;101053;4971.5;7;11821489853;S
20241225;101053;4971;1;11821489854;S
20241225;101053;4971;60;11821489855;S
20241225;101053;4970.5;6;11821489856;S
20241225;101054;4974;1;11821489968;B
20241225;101054;4974.5;4;11821489969;B
20241225;101056;4973.5;1;11821490359;B
20241225;101058;4973.5;1;11821490733;B
20241225;101059;4970.5;22;11821490841;S
20241225;101101;4973.5;1;11821491150;B
20241225;101101;4973.5;4;11821491151;B
20241225;101101;4974;7;11821491152;B
20241225;101102;4970.5;10;11821491167;S
20241225;101102;4970.5;4;11821491168;S
20241225;101102;4970;7;11821491169;S
20241225;101102;4970;5;11821491170;S
20241225;101102;4969.5;11;11821491171;S
20241225;101102;4969;29;11821491172;S
20241225;101102;4968.5;34;11821491173;S
20241225;101103;4970.5;12;11821491518;B
20241225;101104;4968;1;11821491559;S
20241225;101104;4967;14;11821491560;S
20241225;101104;4966.5;8;11821491561;S
20241225;101106;4967;2;11821492037;S
20241225;101106;4967;5;11821492144;S
20241225;101106;4966.5;70;11821492145;S
20241225;101108;4969;1;11821492336;B
20241225;101111;4966.5;4;11821492813;S
20241225;101111;4966;1;11821492814;S
20241225;101111;4966;2;11821492815;S
20241225;101111;4966;3;11821492816;S
20241225;101114;4966.5;2;11821493241;S
20241225;101114;4966;33;11821493242;S
20241225;101114;4966;2;11821493243;S
20241225;101114;4966;2;11821493244;S
20241225;101114;4965.5;4;11821493245;S
20241225;101114;4965;4;11821493246;S
20241225;101114;4965;10;11821493247;S
20241225;101114;4965;40;11821493248;S
20241225;101114;4964.5;3;11821493249;S
20241225;101124;4968;2;11821494614;B
20241225;101128;4969;60;11821495201;B
20241225;101128;4969.5;11;11821495202;B
20241225;101128;4970;49;11821495203;B
20241225;101129;4966.5;1;11821495328;S
20241225;101129;4966.5;1;11821495329;S
20241225;101130;4967;1;11821495399;S
20241225;101131;4970.5;10;11821495592;B
20241225;101132;4969.5;6;11821495633;S
20241225;101138;4969;1;11821496522;S
20241225;101142;4968;20;11821497081;S
20241225;101142;4968;5;11821497082;S
20241225;101142;4968;3;11821497083;S
20241225;101142;4967;3;11821497084;S
20241225;101142;4966;19;11821497085;S
20241225;101145;4968.5;10;11821497800;B
20241225;101146;4969;6;11821497868;B
20241225;101146;4969.5;34;11821497869;B
20241225;101146;4969.5;1;11821497901;B
20241225;101148;4966.5;1;11821498229;S
20241225;101149;4967;1;11821498303;S
20241225;101150;4967.5;10;11821498452;S
20241225;101155;4969.5;1;11821499378;B
20241225;101155;4969.5;7;11821499379;B
20241225;101158;4967;20;11821499760;B
20241225;101204;4966.5;50;11821500705;B
20241225;101209;4966.5;1;11821501688;S
20241225;101209;4966;6;11821501689;S
20241225;101209;4966;14;11821501690;S
20241225;101209;4967;1;11821501803;B
20241225;101211;4966;9;11821501963;S
20241225;101211;4966.5;1;11821501974;B
20241225;101211;4966.5;4;11821501975;B
20241225;101214;4966.5;4;11821502491;B
20241225;101220;4966.5;1;11821503565;B
20241225;101221;4966.5;1;11821503664;B
20241225;101223;4966.5;4;11821504000;B
20241225;101226;4966;2;11821504545;S
20241225;101226;4966;1;11821504546;S
20241225;101226;4965.5;2;11821504547;S
20241225;101226;4965;1;11821504548;S
20241225;101226;4965;5;11821504549;S
20241225;101238;4965;95;11821506522;S
20241225;101238;4965;2;11821506523;S
20241225;101250;4965;1;11821508263;S
20241225;101254;4965.5;2;11821508804;B
20241225;101256;4965;1;11821509107;S
20241225;101256;4965.5;4;11821509134;B
20241225;101300;4965;3;11821509799;S
20241225;101304;4965;1;11821510421;S
20241225;101305;4965;5;11821510849;S
20241225;101307;4965;1;11821511242;S
20241225;101307;4964.5;9;11821511243;S
20241225;101311;4965;2;11821511931;B
20241225;101312;4964.5;1;11821512217;S
20241225;101318;4964.5;1;11821513078;S
20241225;101318;4964.5;2;11821513079;S
20241225;101320;4965;10;11821513496;B
20241225;101331;4965.5;2;11821515390;B
20241225;101334;4965;46;11821515968;S
20241225;101334;4964.5;4;11821515969;S
20241225;101335;4964.5;4;11821516081;S
20241225;101337;4965.5;8;11821516836;B
20241225;101337;4966;2;11821516839;B
20241225;101338;4968;1;11821517158;B
20241225;101338;4968.5;1;11821517159;B
20241225;101339;4969;500;11821517244;B
20241225;101339;4969;1;11821517245;B
20241225;101339;4970;1;11821517247;B
20241225;101339;4970;1;11821517248;B
20241225;101339;4970;1;11821517249;B
20241225;101339;4970.5;1;11821517250;B
20241225;101339;4972;1;11821517251;B
20241225;101339;4972;1;11821517252;B
20241225;101339;4972;50;11821517253;B
20241225;101339;4972;1;11821517254;B
20241225;101339;4972;2;11821517255;B
20241225;101339;4972.5;1;11821517256;B
20241225;101339;4973;1;11821517257;B
20241225;101339;4973.5;1;11821517258;B
20241225;101339;4973.5;1;11821517259;B
20241225;101339;4973.5;1;11821517260;B
20241225;101339;4973.5;1;11821517261;B
20241225;101339;4973.5;40;11821517262;B
20241225;101346;4972.5;5;11821518753;S
20241225;101351;4973;20;11821519900;S
20241225;101353;4974;1;11821520196;B
20241225;101405;4974.5;1;11821522680;B
20241225;101405;4974.5;1;11821522681;B
20241225;101408;4974.5;1;11821523105;B
20241225;101408;4974.5;1;11821523106;B
20241225;101409;4975;1;11821523325;B
20241225;101409;4975;1;11821523326;B
20241225;101409;4975;1;11821523327;B
20241225;101415;4974.5;5;11821523988;S
20241225;101415;4974.5;5;11821523989;S
20241225;101415;4975;5;11821524082;B
20241225;101415;4975.5;1;11821524083;B
20241225;101415;4975.5;3;11821524084;B
20241225;101415;4976;1;11821524085;B
20241225;101415;4976;1;11821524086;B
20241225;101415;4976.5;1;11821524087;B
20241225;101415;4976.5;37;11821524088;B
20241225;101415;4977;1;11821524089;B
20241225;101415;4977;14;11821524090;B
20241225;101419;4977;7;11821524716;B
20241225;101423;4977;1;11821525228;B
20241225;101426;4977;12;11821525520;B
20241225;101426;4977;3;11821525521;B
20241225;101426;4977;6;11821525522;B
20241225;101426;4977.5;1;11821525523;B
20241225;101426;4977.5;1;11821525524;B
20241225;101426;4977.5;1;11821525525;B
20241225;101426;4977.5;11;11821525526;B
20241225;101426;4978;1;11821525527;B
20241225;101426;4978.5;1;11821525528;B
20241225;101426;4978.5;1;11821525529;B
20241225;101426;4978.5;1;11821525530;B
20241225;101426;4978.5;1;11821525531;B
20241225;101426;4978.5;3;11821525532;B
20241225;101426;4978.5;7;11821525533;B
20241225;101433;4977.5;5;11821526671;S
20241225;101435;4978.5;1;11821526969;B
20241225;101435;4979;1;11821526974;B
20241225;101435;4979;7;11821526975;B
20241225;101435;4979;12;11821526976;B
20241225;101437;4978.5;1;11821527192;B
20241225;101437;4978.5;1;11821527215;B
20241225;101437;4979;8;11821527216;B
20241225;101440;4979.5;1;11821527551;B
20241225;101440;4979.5;3;11821527552;B
20241225;101440;4978.5;1;11821527614;S
20241225;101440;4977.5;4;11821527615;S
20241225;101440;4977.5;1;11821527623;S
20241225;101440;4977.5;1;11821527624;S
20241225;101441;4977;4;11821527747;B
20241225;101441;4977.5;9;11821527748;B
20241225;101441;4977.5;32;11821527749;B
20241225;101443;4978;10;11821528079;B
20241225;101443;4978.5;5;11821528080;B
20241225;101443;4978.5;35;11821528081;B
20241225;101448;4979;1;11821528918;B
20241225;101448;4978;5;11821528939;S
20241225;101448;4976;46;11821528940;S
20241225;101451;4976.5;2;11821529333;S
20241225;101451;4979;1;11821529366;B
20241225;101451;4979.5;10;11821529367;B
20241225;101454;4977;5;11821529860;S
20241225;101459;4979.5;1;11821530519;B
20241225;101501;4979.5;1;11821531212;B
20241225;101501;4979.5;3;11821531213;B
20241225;101501;4979.5;3;11821531214;B
20241225;101501;4980;13;11821531215;B
20241225;101501;4980;1;11821531216;B
20241225;101501;4980;1;11821531217;B
20241225;101501;4980;3;11821531218;B
20241225;101501;4980.5;1;11821531219;B
20241225;101501;4980.5;20;11821531220;B
20241225;101501;4980.5;1;11821531221;B
20241225;101501;4980.5;3;11821531222;B
20241225;101501;4981;3;11821531223;B
20241225;101501;4981.5;10;11821531224;B
20241225;101501;4981.5;1;11821531225;B
20241225;101501;4981.5;10;11821531226;B
20241225;101501;4982;1;11821531227;B
20241225;101501;4982.5;6;11821531228;B
20241225;101501;4982.5;3;11821531229;B
20241225;101501;4982.5;11;11821531230;B
20241225;101501;4983;1;11821531231;B
20241225;101501;4983;4;11821531232;B
20241225;101502;4982;10;11821531299;B
20241225;101509;4979.5;15;11821532732;S
20241225;101515;4980;3;11821534140;B
20241225;101515;4981.5;1;11821534141;B
20241225;101515;4981.5;6;11821534142;B
20241225;101515;4981;15;11821534166;S
20241225;101515;4981;45;11821534168;S
20241225;101515;4981;11;11821534169;S
20241225;101515;4981;14;11821534170;S
20241225;101516;4982;5;11821534260;B
20241225;101518;4982;15;11821534632;B
20241225;101518;4982.5;3;11821534633;B
20241225;101518;4982.5;1;11821534634;B
20241225;101518;4982.5;2;11821534635;B
20241225;101518;4982.5;2;11821534636;B
20241225;101520;4982;15;11821534933;S
20241225;101520;4983;6;11821534934;B
20241225;101520;4983;1;11821534935;B
20241225;101520;4983;1;11821534936;B
20241225;101520;4983.5;3;11821534970;B
20241225;101520;4984;1;11821534971;B
20241225;101520;4984.5;2;11821534972;B
20241225;101521;4982;2;11821535102;S
20241225;101521;4984;1;11821535140;B
20241225;101524;4984;20;11821535790;B
20241225;101524;4984.5;1;11821535791;B
20241225;101524;4984.5;29;11821535792;B
20241225;101524;4985;34;11821535793;B
20241225;101524;4985;5;11821535794;B
20241225;101524;4985;5;11821535795;B
20241225;101524;4985;1;11821535796;B
20241225;101524;4985;3;11821535797;B
20241225;101524;4985;5;11821535798;B
20241225;101524;4985.5;3;11821535799;B
20241225;101524;4985.5;4;11821535800;B
20241225;101524;4985.5;6;11821535801;B
20241225;101524;4986;7;11821535802;B
20241225;101524;4986;3;11821535803;B
20241225;101524;4986;33;11821535804;B
20241225;101524;4986;34;11821535805;B
20241225;101524;4986.5;75;11821535806;B
20241225;101524;4986.5;10;11821535807;B
20241225;101524;4986.5;3;11821535808;B
20241225;101524;4986.5;1;11821535809;B
20241225;101524;4987;2;11821535810;B
20241225;101524;4987;70;11821535811;B
20241225;101524;4987;1;11821535812;B
20241225;101524;4987;3;11821535813;B
20241225;101524;4987;11;11821535814;B
20241225;101524;4987.5;131;11821535815;B
20241225;101525;4986.5;25;11821535850;S
20241225;101525;4987.5;2;11821535873;B
20241225;101529;4988;9;11821536428;B
20241225;101531;4988;1;11821537052;S
20241225;101534;4988;2;11821537642;S
20241225;101534;4988.5;1;11821537643;B
20241225;101535;4988.5;5;11821537775;S
20241225;101536;4989;90;11821537886;B
20241225;101536;4989;3;11821537955;B
20241225;101536;4989;20;11821537972;B
20241225;101536;4989;59;11821538030;B
20241225;101536;4989;1;11821538031;B
20241225;101536;4989;1;11821538032;B
20241225;101536;4989.5;1;11821538033;B
20241225;101536;4989.5;1;11821538034;B
20241225;101536;4990;1;11821538040;B
20241225;101536;4990;1;11821538041;B
20241225;101536;4990;1;11821538042;B
20241225;101536;4990;2;11821538043;B
20241225;101536;4990;2;11821538044;B
20241225;101536;4990;13;11821538045;B
20241225;101536;4990;7;11821538046;B
20241225;101536;4990;20;11821538047;B
20241225;101536;4990;1;11821538048;B
20241225;101536;4990;1;11821538049;B
20241225;101536;4990;3;11821538050;B
20241225;101537;4991.5;2;11821538120;B
20241225;101537;4991.5;2;11821538121;B
20241225;101537;4991;2;11821538123;B
20241225;101537;4991.5;1;11821538124;B
20241225;101537;4991.5;60;11821538125;B
20241225;101537;4992;10;11821538126;B
20241225;101537;4992;77;11821538127;B
20241225;101537;4991.5;5;11821538135;B
20241225;101537;4992;45;11821538136;B
20241225;101537;4992.5;1;11821538137;B
20241225;101537;4993;1;11821538138;B
20241225;101537;4993;1;11821538139;B
20241225;101537;4993;3;11821538140;B
20241225;101537;4993.5;1;11821538141;B
20241225;101537;4993.5;2;11821538142;B
20241225;101537;4992.5;52;11821538144;S
20241225;101537;4988.5;5;11821538148;S
20241225;101537;4993.5;1;11821538151;B
20241225;101537;4993.5;4;11821538169;B
20241225;101537;4993.5;15;11821538170;B
20241225;101537;4994;1;11821538171;B
20241225;101537;4993.5;8;11821538180;B
20241225;101537;4994;23;11821538181;B
20241225;101537;4994;1;11821538182;B
20241225;101537;4994;1;11821538183;B
20241225;101537;4994;2;11821538184;B
20241225;101537;4994;5;11821538185;B
20241225;101538;4994;5;11821538193;B
20241225;101538;4994.5;4;11821538194;B
20241225;101538;4995;1;11821538195;B
20241225;101538;4995;3;11821538197;B
20241225;101538;4991;1;11821538228;S
20241225;101538;4991;1;11821538229;S
20241225;101538;4994.5;2;11821538359;B
20241225;101538;4995;2;11821538360;B
20241225;101538;4995;1;11821538361;B
20241225;101538;4995;12;11821538362;B
20241225;101538;4995;13;11821538363;B
20241225;101541;4993.5;4;11821538733;S
20241225;101541;4993.5;16;11821538734;S
20241225;101544;4993;1;11821539390;B
20241225;101544;4993.5;3;11821539391;B
20241225;101545;4992.5;2;11821539464;S
20241225;101545;4992.5;3;11821539465;S
20241225;101555;4990;2;11821541195;S
20241225;101555;4990;4;11821541196;S
20241225;101555;4989.5;1;11821541258;S
20241225;101558;4990;20;11821541686;B
20241225;101558;4992;30;11821541687;B
20241225;101558;4992.5;1;11821541688;S
20241225;101559;4993.5;4;11821541917;B
20241225;101559;4992.5;10;11821541930;S
20241225;101559;4992.5;1;11821541932;S
20241225;101600;4993.5;10;11821542088;B
20241225;101601;4993.5;1;11821542195;B
20241225;101601;4992.5;1;11821542272;S
20241225;101602;4992.5;5;11821542337;S
20241225;101602;4992.5;1;11821542381;S
20241225;101603;4992.5;31;11821542576;S
20241225;101603;4992;60;11821542577;S
20241225;101603;4991;11;11821542578;S
20241225;101603;4989.5;23;11821542579;S
20241225;101603;4989;25;11821542580;S
20241225;101603;4987;1;11821542586;S
20241225;101603;4986.5;2;11821542587;S
20241225;101603;4989;5;11821542700;B
20241225;101609;4991.5;1;11821543790;B
20241225;101610;4988;1;11821543967;S
20241225;101612;4988;1;11821544188;S
20241225;101613;4988;1;11821544690;S
20241225;101613;4988;60;11821544691;S
20241225;101613;4985;1;11821544692;S
20241225;101613;4985;11;11821544693;S
20241225;101613;4984.5;48;11821544694;S
20241225;101613;4984;1;11821544695;S
20241225;101613;4983.5;10;11821544696;S
20241225;101613;4983;18;11821544697;S
20241225;101615;4986.5;5;11821545085;B
20241225;101615;4987;20;11821545086;B
20241225;101615;4987.5;26;11821545087;B
20241225;101615;4988;29;11821545088;B
20241225;101615;4984;2;11821545122;S
20241225;101616;4983.5;1;11821545450;S
20241225;101618;4986;2;11821545813;B
20241225;101618;4986.5;8;11821545814;B
20241225;101619;4987;2;11821546147;B
20241225;101619;4987;25;11821546161;B
20241225;101620;4984;48;11821546227;S
20241225;101620;4983.5;9;11821546228;S
20241225;101620;4983;12;11821546229;S
20241225;101620;4983;60;11821546230;S
20241225;101620;4982.5;11;11821546231;S
20241225;101620;4982;10;11821546232;S
20241225;101620;4985;5;11821546304;B
20241225;101627;4983;3;11821547645;S
20241225;101627;4983;1;11821547818;S
20241225;101627;4982;22;11821547819;S
20241225;101627;4982;14;11821547820;S
20241225;101627;4982;4;11821547821;S
20241225;101627;4982;2;11821547822;S
20241225;101627;4981;2;11821547823;S
20241225;101627;4980;1;11821547844;S
20241225;101627;4979.5;9;11821547845;S
20241225;101627;4979.5;1;11821547846;S
20241225;101628;4979.5;1;11821547874;B
20241225;101628;4979.5;2;11821547989;B
20241225;101629;4976;1;11821548119;S
20241225;101631;4976.5;2;11821548523;B
20241225;101631;4975;1;11821548550;S
20241225;101631;4975;4;11821548609;S
20241225;101631;4974.5;3;11821548610;S
20241225;101632;4974.5;3;11821548990;S
20241225;101632;4974.5;6;11821549035;S
20241225;101632;4974.5;7;11821549044;S
20241225;101632;4974.5;11;11821549051;S
20241225;101632;4974;4;11821549055;S
20241225;101632;4974;3;11821549062;S
20241225;101634;4973.5;24;11821549545;S
20241225;101634;4973;200;11821549546;S
20241225;101634;4972.5;9;11821549547;S
20241225;101634;4971.5;4;11821549548;S
20241225;101634;4971;11;11821549549;S
20241225;101634;4969.5;86;11821549550;S
20241225;101634;4969;166;11821549551;S
20241225;101636;4969.5;5;11821549972;S
20241225;101641;4970;1;11821550714;S
20241225;101641;4969.5;3;11821550715;S
20241225;101641;4972.5;4;11821550774;B
20241225;101641;4973;1;11821550775;B
20241225;101644;4973;20;11821551218;B
20241225;101649;4971.5;1;11821551808;B
20241225;101650;4974;1;11821551957;B
20241225;101655;4977;20;11821552882;B
20241225;101655;4979.5;20;11821552928;S
20241225;101657;4981.5;1;11821553165;B
20241225;101657;4982;2;11821553166;B
20241225;101702;4980;25;11821553722;S
20241225;101708;4981.5;7;11821554311;B
20241225;101708;4981.5;3;11821554312;B
20241225;101716;4980;4;11821555445;S
20241225;101716;4976;1;11821555446;S
20241225;101725;4981;1;11821556665;B
20241225;101725;4981.5;19;11821556666;B
20241225;101725;4982;2;11821556686;B
20241225;101728;4981;2;11821557187;S
20241225;101728;4980;6;11821557188;S
20241225;101737;4981;20;11821558576;B
20241225;101745;4979;7;11821559735;S
20241225;101745;4978.5;1;11821559736;S
20241225;101748;4979.5;1;11821559977;S
20241225;101748;4979;8;11821559978;S
20241225;101748;4978.5;59;11821559979;S
20241225;101748;4978.5;6;11821559980;S
20241225;101749;4978;1;11821560256;S
20241225;101750;4978.5;2;11821560313;B
20241225;101755;4978;15;11821561224;S
20241225;101758;4978.5;3;11821561736;B
20241225;101759;4978.5;1;11821561862;B
20241225;101801;4978.5;30;11821562116;B
20241225;101804;4978.5;3;11821562514;B
20241225;101804;4978.5;1;11821562533;B
20241225;101806;4978;1;11821562905;S
20241225;101807;4978.5;10;11821563009;B
20241225;101808;4978.5;10;11821563173;B
20241225;101809;4978.5;1;11821563275;B
20241225;101813;4978.5;1;11821563903;B
20241225;101814;4978.5;6;11821563974;B
20241225;101816;4980;1;11821564205;B
20241225;101818;4981;30;11821564501;B
20241225;101819;4982;66;11821564689;B
20241225;101819;4982;5;11821564690;B
20241225;101819;4982;1;11821564691;B
20241225;101820;4984;1;11821564889;S
20241225;101821;4985;1;11821565038;B
20241225;101823;4984;20;11821565380;S
20241225;101823;4983.5;6;11821565435;S
20241225;101824;4983.5;1;11821565455;S
20241225;101835;4983;1;11821567190;B
20241225;101835;4983;4;11821567191;B
20241225;101841;4980;1;11821568065;S
20241225;101844;4980;1;11821568412;S
20241225;101844;4978.5;3;11821568438;S
20241225;101844;4978.5;11;11821568439;S
20241225;101844;4978;22;11821568440;S
20241225;101844;4978;1;11821568441;S
20241225;101844;4978;7;11821568442;S
20241225;101844;4977.5;4;11821568443;S
20241225;101844;4977;1;11821568444;S
20241225;101844;4977;19;11821568445;S
20241225;101844;4977;9;11821568446;S
20241225;101847;4978.5;1;11821568898;B
20241225;101851;4978.5;2;11821569324;B
20241225;101853;4977;1;11821569678;S
20241225;101853;4976.5;49;11821569679;S
20241225;101856;4979.5;60;11821569990;B
20241225;101856;4980;6;11821569991;B
20241225;101856;4980;10;11821569992;B
20241225;101857;4976.5;16;11821570269;S
20241225;101858;4978.5;5;11821570470;B
20241225;101905;4979;2;11821571336;S
20241225;101907;4979;3;11821571542;S
20241225;101907;4978.5;1;11821571543;S
20241225;101907;4977.5;1;11821571590;S
20241225;101907;4977;1;11821571635;S
20241225;101910;4978.5;2;11821572092;B
20241225;101911;4977;78;11821572271;S
20241225;101911;4976.5;122;11821572272;S
20241225;101914;4976.5;4;11821572677;S
20241225;101916;4976.5;2;11821573124;S
20241225;101916;4976.5;3;11821573180;S
20241225;101918;4977;2;11821573429;B
20241225;101918;4977;2;11821573430;B
20241225;101919;4977.5;10;11821573636;B
20241225;101919;4976.5;2;11821573788;S
20241225;101920;4976.5;7;11821573893;S
20241225;101920;4976.5;1;11821573945;S
20241225;101924;4977;2;11821574662;S
20241225;101924;4976.5;6;11821574663;S
20241225;101924;4976.5;58;11821574695;S
20241225;101925;4975;1;11821574850;S
20241225;101926;4975;1;11821575034;S
20241225;101927;4975.5;4;11821575303;B
20241225;101927;4976;2;11821575304;B
20241225;101928;4976;2;11821575397;B
20241225;101930;4976;1;11821575675;B
20241225;101931;4976.5;1;11821575842;B
20241225;101934;4976.5;8;11821576151;B
20241225;101934;4975;2;11821576163;S
20241225;101938;4975;7;11821576719;S
20241225;101938;4975;20;11821576720;S
20241225;101938;4975;1;11821576721;S
20241225;101938;4975;1;11821576722;S
20241225;101938;4975;1;11821576723;S
20241225;101938;4975;1;11821576724;S
20241225;101938;4975;40;11821576725;S
20241225;101938;4974;9;11821576726;S
20241225;101938;4974;5;11821576727;S
20241225;101938;4973.5;2;11821576728;S
20241225;101938;4973;100;11821576729;S
20241225;101938;4973;13;11821576730;S
20241225;101943;4973;25;11821577359;S
20241225;101948;4973;3;11821577974;S
20241225;101950;4973;3;11821578210;S
20241225;101951;4973;1;11821578385;S
20241225;101952;4974;3;11821578444;B
20241225;101958;4973;49;11821579102;S
20241225;102002;4974;2;11821579602;B
20241225;102011;4973.5;2;11821581005;B
20241225;102014;4973.5;1;11821581607;B
20241225;102014;4973.5;1;11821581608;B
20241225;102014;4973.5;3;11821581609;B
20241225;102014;4973.5;2;11821581610;B
20241225;102014;4973.5;9;11821581611;B
20241225;102014;4973.5;2;11821581612;B
20241225;102014;4974;8;11821581624;B
20241225;102014;4974;5;11821581625;B
20241225;102014;4974;5;11821581626;B
20241225;102014;4974;5;11821581627;B
20241225;102014;4974;5;11821581628;B
20241225;102014;4974.5;5;11821581632;B
20241225;102014;4976.5;2;11821581633;B
20241225;102015;4977;85;11821581728;S
20241225;102015;4976.5;60;11821581729;S
20241225;102015;4976;55;11821581730;S
20241225;102019;4975.5;10;11821582494;B
20241225;102019;4973.5;1;11821582499;S
20241225;102019;4973;6;11821582500;S
20241225;102019;4973;2;11821582501;S
20241225;102019;4973;2;11821582502;S
20241225;102019;4973;3;11821582503;S
20241225;102022;4973.5;1;11821583938;S
20241225;102022;4973;1;11821583939;B
20241225;102026;4975.5;32;11821586285;B
20241225;102043;4975.5;2;11821595667;B
20241225;102044;4973;7;11821596255;S
20241225;102044;4972.5;1;11821596256;S
20241225;102044;4972.5;42;11821596257;S
20241225;102044;4974.5;1;11821596316;B
20241225;102046;4974;5;11821597408;B
20241225;102047;4974;1;11821598035;B
20241225;102047;4972.5;4;11821598075;S
20241225;102049;4974;2;11821598999;B
20241225;102058;4975;48;11821604008;B
20241225;102058;4975.5;2;11821604009;B
20241225;102100;4973;2;11821605101;S
20241225;102108;4973.5;6;11821608957;S
20241225;102109;4972.5;4;11821609085;S
20241225;102112;4973.5;1;11821611085;S
20241225;102112;4973;1;11821611086;S
20241225;102119;4972.5;1;11821614109;B
20241225;102119;4972.5;1;11821614257;B
20241225;102119;4973;5;11821614258;B
20241225;102122;4972;1;11821615767;S
20241225;102122;4972;2;11821615768;S
20241225;102122;4971.5;2;11821615769;S
20241225;102122;4971;1;11821615770;S
20241225;102122;4971;1;11821615771;S
20241225;102122;4970.5;1;11821615772;S
20241225;102122;4970.5;1;11821615773;S
20241225;102122;4970.5;11;11821615774;S
20241225;102122;4970;20;11821615775;S
20241225;102122;4970;5;11821615776;S
20241225;102122;4970;55;11821615777;S
20241225;102123;4970.5;1;11821615908;S
20241225;102123;4972.5;1;11821616258;B
20241225;102129;4970.5;2;11821618640;S
20241225;102130;4972.5;1;11821619475;B
20241225;102132;4973;3;11821620318;B
20241225;102156;4974.5;1;11821630542;B
20241225;102156;4975;2;11821630543;B
20241225;102212;4975;1;11821633322;B
20241225;102218;4975;20;11821634244;B
20241225;102221;4975.5;101;11821634622;B
20241225;102221;4975.5;220;11821634623;B
20241225;102221;4976;20;11821634624;B
20241225;102221;4977.5;1;11821634625;B
20241225;102221;4977.5;60;11821634626;B
20241225;102221;4979;1;11821634630;B
20241225;102221;4979;1;11821634631;B
20241225;102221;4979;1;11821634632;B
20241225;102221;4979;1;11821634633;B
20241225;102221;4979.5;5;11821634634;B
20241225;102221;4980;6;11821634635;B
20241225;102221;4980;1;11821634636;B
20241225;102221;4980;10;11821634637;B
20241225;102221;4980;1;11821634638;B
20241225;102221;4981;39;11821634641;B
20241225;102221;4981;11;11821634642;B
20241225;102221;4982;2;11821634643;B
20241225;102225;4982;20;11821635702;B
20241225;102228;4983;1;11821636324;B
20241225;102228;4983;1;11821636325;B
20241225;102228;4983;2;11821636326;B
20241225;102228;4983;1;11821636327;B
20241225;102231;4984;1;11821637068;B
20241225;102233;4984;10;11821637457;B
20241225;102236;4983;1;11821638498;S
20241225;102237;4983;1;11821638846;B
20241225;102240;4984;10;11821639441;B
20241225;102240;4983;1;11821639714;S
20241225;102240;4984;5;11821639740;B
20241225;102241;4982.5;1;11821639916;S
20241225;102243;4984;5;11821640326;B
20241225;102244;4984;2;11821640350;B
20241225;102244;4984;20;11821640382;B
20241225;102245;4984;17;11821640574;B
20241225;102245;4984;7;11821640575;B
20241225;102247;4984;3;11821640947;B
20241225;102251;4985;1;11821641902;B
20241225;102255;4985;3;11821642805;B
20241225;102255;4985;1;11821642806;B
20241225;102255;4985;2;11821642807;B
20241225;102255;4985;4;11821642808;B
20241225;102258;4985;1;11821643148;B
20241225;102258;4985;5;11821643322;B
20241225;102301;4985;5;11821643969;B
20241225;102302;4985;5;11821644191;B
20241225;102302;4985;5;11821644194;B
20241225;102302;4985;131;11821644195;B
20241225;102302;4985;64;11821644196;B
20241225;102306;4985;2;11821644866;B
20241225;102310;4984;2;11821645380;S
20241225;102310;4984;5;11821645522;S
20241225;102310;4984;45;11821645523;S
20241225;102315;4984;3;11821646169;S
20241225;102321;4984;16;11821647297;S
20241225;102321;4984;1;11821647298;S
20241225;102321;4984;3;11821647299;S
20241225;102321;4983.5;11;11821647300;S
20241225;102321;4983;18;11821647301;S
20241225;102321;4983;10;11821647302;S
20241225;102321;4982;53;11821647303;S
20241225;102322;4982;13;11821647505;S
20241225;102323;4983;3;11821647595;B
20241225;102328;4984;1;11821648296;B
20241225;102328;4984;9;11821648297;B
20241225;102328;4984;2;11821648298;B
20241225;102328;4984;7;11821648299;B
20241225;102328;4984.5;18;11821648300;B
20241225;102328;4985;16;11821648301;B
20241225;102328;4985;47;11821648302;B
20241225;102331;4984;1;11821648842;S
20241225;102331;4983;7;11821648843;S
20241225;102331;4982;42;11821648844;S
20241225;102332;4982.5;33;11821648861;S
20241225;102335;4984.5;11;11821649390;B
20241225;102340;4985;5;11821650098;B
20241225;102341;4982;54;11821650124;S
20241225;102341;4982;10;11821650125;S
20241225;102341;4980.5;28;11821650126;S
20241225;102344;4982;1;11821650567;B
20241225;102345;4980;1;11821650792;S
20241225;102345;4980;1;11821650793;S
20241225;102345;4980;40;11821650794;S
20241225;102345;4980;1;11821650795;S
20241225;102348;4978.5;2;11821651288;B
20241225;102349;4978.5;3;11821651484;B
20241225;102401;4975.5;9;11821652905;S
20241225;102401;4974;12;11821652906;S
20241225;102403;4976.5;5;11821653373;B
20241225;102404;4973.5;10;11821653561;S
20241225;102405;4976.5;1;11821653775;B
20241225;102408;4973.5;48;11821654350;S
20241225;102408;4973.5;11;11821654351;S
20241225;102408;4973;1;11821654352;S
20241225;102408;4973;2;11821654353;S
20241225;102408;4973;100;11821654354;S
20241225;102408;4973;33;11821654355;B
20241225;102408;4973;5;11821654356;B
20241225;102414;4977.5;5;11821655220;B
20241225;102421;4977.5;2;11821656081;S
20241225;102421;4976;3;11821656082;S
20241225;102421;4975.5;60;11821656083;S
20241225;102421;4974.5;5;11821656084;S
20241225;102421;4974.5;5;11821656085;S
20241225;102421;4974.5;5;11821656086;S
20241225;102421;4974.5;5;11821656087;S
20241225;102421;4974.5;5;11821656088;S
20241225;102421;4974;5;11821656089;S
20241225;102432;4977;10;11821657710;B
20241225;102432;4977;1;11821657754;B
20241225;102433;4977;5;11821657779;B
20241225;102441;4974.5;7;11821659451;S
20241225;102441;4974.5;3;11821659942;S
20241225;102441;4974.5;1;11821659943;S
20241225;102441;4974.5;1;11821659944;S
20241225;102441;4974.5;1;11821659945;S
20241225;102441;4974.5;1;11821659946;S
20241225;102441;4974.5;1;11821659947;S
20241225;102441;4974.5;1;11821659948;S
20241225;102441;4974.5;1;11821659949;S
20241225;102444;4975;20;11821660647;B
20241225;102444;4974.5;1;11821660660;S
20241225;102444;4974;29;11821660661;S
20241225;102444;4974;6;11821660662;S
20241225;102444;4974;1;11821660663;S
20241225;102444;4974;7;11821660664;S
20241225;102444;4974;7;11821660665;S
20241225;102447;4972.5;1;11821661013;S
20241225;102447;4972;9;11821661014;S
20241225;102447;4973;1;11821661025;B
20241225;102447;4972;31;11821661053;S
20241225;102447;4972;1;11821661054;S
20241225;102447;4971.5;4;11821661055;S
20241225;102447;4971;115;11821661056;S
20241225;102447;4970.5;2;11821661057;S
20241225;102447;4970;145;11821661058;S
20241225;102447;4970;1;11821661059;S
20241225;102447;4970;3;11821661060;S
20241225;102447;4970;17;11821661061;S
20241225;102447;4970;1;11821661062;S
20241225;102447;4970;70;11821661063;S
20241225;102447;4970;1;11821661064;S
20241225;102447;4970;8;11821661065;S
20241225;102447;4970;1;11821661066;S
20241225;102447;4970;1;11821661067;S
20241225;102447;4970;20;11821661068;S
20241225;102447;4970;1;11821661069;S
20241225;102447;4969.5;1;11821661070;S
20241225;102447;4969.5;11;11821661071;S
20241225;102447;4969;296;11821661072;S
20241225;102453;4971;1;11821661884;B
20241225;102453;4972;1;11821661885;B
20241225;102456;4970;3;11821662369;S
20241225;102456;4970;2;11821662460;B
20241225;102501;4970;48;11821663195;S
20241225;102501;4970;4;11821663196;S
20241225;102501;4969.5;40;11821663197;S
20241225;102501;4969;37;11821663198;S
20241225;102501;4969;6;11821663199;S
20241225;102501;4969;1;11821663200;S
20241225;102501;4968.5;60;11821663201;S
20241225;102501;4967.5;11;11821663202;S
20241225;102501;4967;7;11821663203;S
20241225;102501;4967;132;11821663204;S
20241225;102501;4966.5;9;11821663205;S
20241225;102501;4969.5;2;11821663209;B
20241225;102501;4970.5;1;11821663214;B
20241225;102503;4967;48;11821663522;S
20241225;102503;4967;60;11821663523;S
20241225;102504;4967;5;11821663618;B
20241225;102504;4967;2;11821663623;B
20241225;102504;4967;85;11821663624;B
20241225;102507;4972;1;11821664586;B
20241225;102507;4973;1;11821664587;B
20241225;102507;4973.5;3;11821664588;B
20241225;102509;4976.5;1;11821664882;B
20241225;102520;4977;3;11821666375;B
20241225;102521;4974;1;11821666483;S
20241225;102521;4973.5;8;11821666484;S
20241225;102521;4973;60;11821666485;S
20241225;102521;4972.5;22;11821666486;S
20241225;102529;4973;2;11821667486;S
20241225;102529;4973;9;11821667487;B
20241225;102538;4973.5;26;11821668620;S
20241225;102541;4973.5;9;11821668868;S
20241225;102541;4973;7;11821668869;S
20241225;102545;4973;2;11821669227;S
20241225;102547;4976;1;11821669962;B
20241225;102551;4975;1;11821670420;B
20241225;102557;4972;1;11821671757;S
20241225;102557;4969;4;11821671816;S
20241225;102558;4969;1;11821672079;S
20241225;102600;4969;4;11821672483;B
20241225;102601;4968.5;6;11821672510;S
20241225;102601;4968.5;3;11821672577;S
20241225;102605;4969;27;11821673237;B
20241225;102605;4969;10;11821673238;B
20241225;102609;4969;1;11821673697;S
20241225;102611;4970.5;20;11821673901;B
20241225;102613;4970;4;11821674254;S
20241225;102614;4970;13;11821674317;S
20241225;102614;4970;13;11821674318;S
20241225;102614;4969;27;11821674319;S
20241225;102614;4969;10;11821674320;S
20241225;102616;4969;5;11821674739;S
20241225;102621;4969;8;11821675222;S
20241225;102621;4967;38;11821675223;S
20241225;102621;4967;1;11821675224;S
20241225;102621;4966.5;1;11821675225;S
20241225;102621;4966.5;1;11821675226;S
20241225;102621;4966;8;11821675227;S
20241225;102634;4966.5;1;11821676820;S
20241225;102634;4969.5;3;11821676899;B
20241225;102634;4969.5;11;11821676900;B
20241225;102634;4970;48;11821676901;B
20241225;102634;4970;7;11821676902;B
20241225;102635;4970.5;3;11821676987;B
20241225;102635;4970.5;3;11821676988;B
20241225;102637;4973;2;11821677221;B
20241225;102641;4973.5;11;11821677842;S
20241225;102641;4972;22;11821677843;S
20241225;102644;4976;1;11821678357;B
20241225;102644;4976;29;11821678358;B
20241225;102701;4975;4;11821680731;S
20241225;102701;4974;1;11821680732;S
20241225;102701;4973;1;11821680733;S
20241225;102701;4972.5;7;11821680734;S
20241225;102701;4977;1;11821680738;B
20241225;102708;4976.5;1;11821681634;B
20241225;102708;4977;1;11821681635;B
20241225;102717;4977;1;11821682606;B
20241225;102721;4978.5;2;11821683037;S
20241225;102721;4979.5;1;11821683046;B
20241225;102721;4979.5;10;11821683151;S
20241225;102739;4977.5;10;11821685248;B
20241225;102741;4974;1;11821685451;S
20241225;102741;4974;8;11821685452;S
20241225;102744;4975.5;3;11821685904;B
20241225;102744;4976;7;11821685905;B
20241225;102752;4977.5;1;11821686939;B
20241225;102755;4977.5;1;11821687381;B
20241225;102755;4978;29;11821687382;B
20241225;102756;4977.5;2;11821687445;B
20241225;102756;4978.5;2;11821687446;B
20241225;102756;4978.5;1;11821687447;B
20241225;102758;4979;2;11821687672;B
20241225;102758;4979;5;11821687673;B
20241225;102758;4979.5;3;11821687674;B
20241225;102801;4976.5;4;11821687910;S
20241225;102801;4976.5;2;11821687911;S
20241225;102801;4976;18;11821687912;S
20241225;102802;4976.5;1;11821688114;S
20241225;102803;4977.5;1;11821688216;B
20241225;102804;4977.5;1;11821688379;B
20241225;102807;4976.5;1;11821688833;S
20241225;102809;4976;11;11821689026;S
20241225;102809;4975;1;11821689027;S
20241225;102809;4973.5;1;11821689028;S
20241225;102809;4973.5;6;11821689029;S
20241225;102816;4971.5;1;11821691036;S
20241225;102816;4971;2;11821691088;S
20241225;102816;4972;1;11821691142;S
20241225;102816;4971;1;11821691155;S
20241225;102817;4971.5;1;11821691499;S
20241225;102818;4971.5;8;11821691844;S
20241225;102818;4971;1;11821691845;S
20241225;102819;4970.5;10;11821692082;S
20241225;102819;4970;3;11821692234;S
20241225;102819;4972.5;1;11821692360;B
20241225;102819;4972.5;1;11821692364;B
20241225;102819;4972.5;1;11821692365;B
20241225;102819;4972.5;2;11821692366;B
20241225;102819;4972.5;1;11821692367;B
20241225;102819;4972.5;1;11821692368;B
20241225;102819;4972.5;1;11821692369;B
20241225;102819;4972.5;1;11821692371;B
20241225;102819;4972.5;2;11821692372;B
20241225;102819;4972.5;1;11821692373;B
20241225;102819;4972.5;3;11821692374;B
20241225;102819;4973;1;11821692377;B
20241225;102819;4973;1;11821692378;B
20241225;102819;4973;2;11821692379;B
20241225;102819;4973;5;11821692380;B
20241225;102819;4973;2;11821692381;B
20241225;102819;4973;5;11821692382;B
20241225;102819;4973;1;11821692383;B
20241225;102819;4973;10;11821692384;B
20241225;102819;4973;3;11821692385;B
20241225;102821;4970.5;41;11821692982;S
20241225;102821;4970.5;3;11821693034;S
20241225;102823;4972;2;11821693429;B
20241225;102823;4970.5;4;11821693498;S
20241225;102823;4970;5;11821693499;S
20241225;102823;4972;9;11821693624;B
20241225;102823;4972.5;5;11821693629;S
20241225;102823;4972;4;11821693679;B
20241225;102823;4972;22;11821693686;B
20241225;102823;4972.5;4;11821693687;B
20241225;102831;4972.5;1;11821695240;B
20241225;102831;4970.5;48;11821695255;S
20241225;102831;4970;2;11821695256;S
20241225;102833;4970.5;10;11821695529;S
20241225;102839;4971.5;8;11821696336;S
20241225;102841;4971;11;11821696518;S
20241225;102841;4970.5;43;11821696519;S
20241225;102854;4972.5;1;11821698208;B
20241225;102854;4974;14;11821698209;B
20241225;102857;4973.5;48;11821698599;B
20241225;102857;4974.5;52;11821698600;B
20241225;102901;4972;10;11821698940;S
20241225;102901;4972;39;11821698941;S
20241225;102907;4971;1;11821699744;S
20241225;102907;4971;1;11821699745;S
20241225;102907;4971;3;11821699746;S
20241225;102908;4970.5;2;11821699965;S
20241225;102908;4970.5;1;11821700072;S
20241225;102909;4970.5;5;11821700182;S
20241225;102913;4970.5;4;11821701075;S
20241225;102914;4970.5;1;11821701383;S
20241225;102914;4972.5;1;11821701525;B
20241225;102915;4970.5;7;11821701836;S
20241225;102915;4970.5;3;11821702021;S
20241225;102915;4970.5;98;11821702092;S
20241225;102915;4970.5;8;11821702093;S
20241225;102915;4970.5;1;11821702195;S
20241225;102916;4970.5;3;11821702385;S
20241225;102919;4971;1;11821702804;B
20241225;102919;4971.5;2;11821702805;B
20241225;102921;4970.5;61;11821703016;S
20241225;102922;4972;1;11821703219;S
20241225;102926;4972;1;11821703807;B
20241225;102926;4972;9;11821703808;B
20241225;102926;4972;11;11821703809;B
20241225;102926;4972.5;48;11821703810;B
20241225;102926;4973;1;11821703811;B
20241225;102926;4973;30;11821703812;B
20241225;102928;4971;3;11821703980;S
20241225;102928;4971;7;11821703981;S
20241225;102928;4971;4;11821704000;B
20241225;102929;4971;7;11821704223;B
20241225;102932;4971;1;11821704580;B
20241225;102934;4970.5;1;11821704969;S
20241225;102941;4970.5;15;11821706020;S
20241225;102941;4970;38;11821706021;S
20241225;102943;4971;78;11821706488;B
20241225;102943;4971;11;11821706489;B
20241225;102943;4971.5;11;11821706490;B
20241225;102950;4973.5;1;11821707251;B
20241225;102955;4973.5;1;11821707801;B
20241225;102956;4973.5;1;11821707857;B
20241225;103000;4973.5;7;11821708313;B
20241225;103000;4974;11;11821708314;B
20241225;103000;4974.5;11;11821708315;B
20241225;103000;4975;60;11821708316;B
20241225;103000;4975.5;1;11821708317;B
20241225;103000;4976.5;2;11821708318;B
20241225;103000;4977;8;11821708319;B
20241225;103001;4972;8;11821708408;S
20241225;103001;4971.5;48;11821708409;S
20241225;103001;4971.5;31;11821708410;S
20241225;103009;4974;2;11821709473;S
20241225;103010;4974;10;11821709524;S
20241225;103017;4974.5;2;11821710267;B
20241225;103017;4975;3;11821710268;B
20241225;103017;4975;14;11821710269;B
20241225;103017;4975.5;21;11821710270;B
20241225;103017;4976;4;11821710271;B
20241225;103017;4976;2;11821710272;B
20241225;103017;4976;1;11821710273;B
20241225;103017;4976;4;11821710274;B
20241225;103017;4976.5;60;11821710275;B
20241225;103017;4977;11;11821710276;B
20241225;103017;4978;60;11821710277;B
20241225;103017;4978.5;1;11821710278;B
20241225;103017;4978.5;40;11821710279;B
20241225;103017;4978.5;38;11821710280;B
20241225;103017;4979;48;11821710281;B
20241225;103017;4979.5;1;11821710282;B
20241225;103017;4979.5;86;11821710283;B
20241225;103017;4980;8;11821710284;B
20241225;103017;4980;10;11821710285;B
20241225;103017;4980.5;4;11821710286;B
20241225;103017;4980.5;82;11821710287;B
20241225;103017;4977;10;11821710308;S
20241225;103018;4980.5;1;11821710389;B
20241225;103021;4976.5;19;11821710678;S
20241225;103021;4976;60;11821710679;S
20241225;103021;4976;5;11821710680;S
20241225;103021;4975.5;11;11821710681;S
20241225;103021;4974.5;40;11821710682;S
20241225;103021;4974;86;11821710683;S
20241225;103021;4974;4;11821710684;S
20241225;103023;4977;1;11821710930;B
20241225;103038;4979;4;11821712976;B
20241225;103038;4979.5;5;11821712977;B
20241225;103038;4979.5;10;11821712978;B
20241225;103038;4981;8;11821712979;B
20241225;103038;4981.5;48;11821712980;B
20241225;103038;4981.5;11;11821712981;B
20241225;103038;4982;28;11821712982;B
20241225;103038;4982.5;86;11821712983;B
20241225;103038;4983;10;11821712984;B
20241225;103038;4983;40;11821712985;B
20241225;103038;4983.5;1;11821712986;B
20241225;103038;4983.5;3;11821712987;B
20241225;103038;4983.5;3;11821712988;B
20241225;103038;4983.5;3;11821712989;B
20241225;103038;4984;2;11821712990;B
20241225;103038;4984;70;11821712991;B
20241225;103038;4984;1;11821712992;B
20241225;103038;4984.5;5;11821712993;B
20241225;103038;4984.5;162;11821712994;B
20241225;103038;4980.5;2;11821712995;B
20241225;103041;4978;4;11821713327;S
20241225;103041;4977.5;60;11821713328;S
20241225;103041;4977;5;11821713329;S
20241225;103041;4977;11;11821713330;S
20241225;103041;4975.5;23;11821713331;S
20241225;103041;4975;86;11821713332;S
20241225;103041;4975;26;11821713333;S
20241225;103049;4976;1;11821714377;S
20241225;103049;4975;1;11821714378;S
20241225;103051;4974.5;1;11821714676;S
20241225;103051;4974;1;11821714741;S
20241225;103052;4974;1;11821714944;S
20241225;103052;4974;1;11821715047;S
20241225;103054;4975;1;11821715334;S
20241225;103055;4975.5;2;11821715456;B
20241225;103055;4976;2;11821715457;B
20241225;103055;4976;60;11821715472;B
20241225;103055;4976;11;11821715473;B
20241225;103055;4976.5;1;11821715474;B
20241225;103055;4977;60;11821715475;B
20241225;103056;4977;11;11821715535;B
20241225;103056;4977.5;51;11821715536;B
20241225;103056;4978;38;11821715537;B
20241225;103101;4975;1;11821716166;S
20241225;103101;4975;2;11821716167;S
20241225;103101;4974.5;10;11821716168;S
20241225;103101;4974.5;5;11821716169;S
20241225;103101;4974.5;12;11821716170;S
20241225;103101;4974;74;11821716171;S
20241225;103106;4975;1;11821716831;B
20241225;103112;4978;48;11821717748;B
20241225;103112;4978;6;11821717749;B
20241225;103112;4978.5;46;11821717750;B
20241225;103116;4977;1;11821718410;S
20241225;103116;4980;5;11821718439;B
20241225;103116;4980;3;11821718440;B
20241225;103116;4980;5;11821718441;B
20241225;103116;4981;11;11821718442;B
20241225;103116;4981;60;11821718443;B
20241225;103116;4982;1;11821718444;B
20241225;103116;4982;2;11821718445;B
20241225;103116;4982.5;13;11821718446;B
20241225;103121;4978;9;11821719340;S
20241225;103121;4977.5;25;11821719341;S
20241225;103121;4977.5;5;11821719342;S
20241225;103121;4977;48;11821719343;S
20241225;103129;4976;5;11821720111;S
20241225;103136;4977;1;11821721423;B
20241225;103137;4978.5;2;11821721499;B
20241225;103140;4979;1;11821721867;B
20241225;103140;4979.5;60;11821721868;B
20241225;103140;4979.5;6;11821721869;B
20241225;103140;4980.5;11;11821721870;B
20241225;103140;4980.5;22;11821721871;B
20241225;103141;4978;46;11821721930;S
20241225;103142;4979;4;11821721988;B
20241225;103142;4979.5;4;11821722024;B
20241225;103142;4980;1;11821722025;B
20241225;103150;4980;1;11821723044;B
20241225;103151;4981.5;1;11821723167;B
20241225;103201;4977;5;11821724561;S
20241225;103202;4975;1;11821725048;S
20241225;103202;4975;1;11821725049;S
20241225;103202;4975;11;11821725050;S
20241225;103203;4974.5;1;11821725205;S
20241225;103203;4974;2;11821725240;S
20241225;103204;4974;1;11821725446;S
20241225;103205;4974;1;11821725732;S
20241225;103205;4974;3;11821725782;S
20241225;103205;4973.5;3;11821725790;S
20241225;103206;4974.5;1;11821726139;B
20241225;103206;4973.5;1;11821726191;S
20241225;103206;4973.5;2;11821726234;S
20241225;103209;4973.5;1;11821726820;S
20241225;103210;4975;10;11821727030;B
20241225;103210;4973.5;2;11821727066;S
20241225;103212;4975.5;69;11821727294;B
20241225;103212;4976;31;11821727295;B
20241225;103212;4976;4;11821727369;B
20241225;103219;4975;1;11821728465;S
20241225;103221;4975;47;11821728747;S
20241225;103221;4974.5;11;11821728748;S
20241225;103221;4974.5;4;11821728749;S
20241225;103222;4976.5;6;11821728905;B
20241225;103224;4975;4;11821729233;B
20241225;103226;4979;10;11821729407;B
20241225;103226;4979;10;11821729408;B
20241225;103227;4979.5;2;11821729622;B
20241225;103231;4979.5;6;11821730196;B
20241225;103231;4979.5;12;11821730197;B
20241225;103231;4980;60;11821730198;B
20241225;103231;4980;2;11821730199;B
20241225;103231;4980.5;11;11821730200;B
20241225;103231;4980.5;1;11821730201;B
20241225;103231;4981;21;11821730202;B
20241225;103232;4979.5;48;11821730260;S
20241225;103235;4976.5;60;11821730637;B
20241225;103235;4977;48;11821730638;B
20241225;103235;4977;11;11821730639;B
20241225;103235;4977.5;60;11821730640;B
20241225;103241;4977.5;75;11821731443;S
20241225;103241;4977;9;11821731444;S
20241225;103241;4975.5;60;11821731445;S
20241225;103241;4974.5;11;11821731446;S
20241225;103241;4974;2;11821731447;S
20241225;103241;4972;3;11821731448;S
20241225;103241;4972;3;11821731603;S
20241225;103241;4971.5;1;11821731606;S
20241225;103242;4974.5;1;11821731664;B
20241225;103244;4971.5;3;11821731998;S
20241225;103244;4971.5;1;11821732059;S
20241225;103244;4971;1;11821732083;S
20241225;103245;4973.5;3;11821732329;B
20241225;103245;4974.5;2;11821732330;B
20241225;103251;4974;2;11821733126;B
20241225;103251;4974;3;11821733127;B
20241225;103251;4972;1;11821733162;S
20241225;103255;4975;1;11821733631;B
20241225;103255;4975.5;48;11821733771;B
20241225;103255;4976;52;11821733772;B
20241225;103255;4975;4;11821733822;S
20241225;103258;4975.5;1;11821734144;S
20241225;103301;4974.5;1;11821734559;S
20241225;103301;4973;1;11821734568;S
20241225;103301;4972;1;11821734573;B
20241225;103301;4972;48;11821734574;S
20241225;103301;4972;7;11821734575;S
20241225;103304;4971;2;11821734984;S
20241225;103305;4971;3;11821735054;S
20241225;103315;4971;1;11821736565;S
20241225;103315;4971;3;11821736594;S
20241225;103315;4971;1;11821736595;S
20241225;103315;4971;1;11821736596;S
20241225;103315;4973;2;11821736598;B
20241225;103318;4971;1;11821736820;S
20241225;103318;4970.5;3;11821736821;S
20241225;103321;4970;8;11821737295;S
20241225;103321;4971;1;11821737310;B
20241225;103322;4970;3;11821737417;S
20241225;103322;4970;10;11821737549;S
20241225;103322;4970;5;11821737603;S
20241225;103328;4971;4;11821738449;B
20241225;103332;4970;4;11821738864;S
20241225;103332;4970;1;11821738865;S
20241225;103337;4970.5;1;11821739487;B
20241225;103337;4970.5;6;11821739488;B
20241225;103337;4971;3;11821739489;B
20241225;103337;4971;12;11821739491;B
20241225;103337;4971.5;13;11821739492;B
20241225;103337;4972;6;11821739493;B
20241225;103339;4970;2;11821739720;S
20241225;103341;4971.5;5;11821739940;S
20241225;103341;4971;25;11821739941;S
20241225;103343;4971.5;1;11821740186;S
20241225;103350;4972;4;11821741297;B
20241225;103352;4971.5;5;11821741570;S
20241225;103358;4972;3;11821742182;B
20241225;103401;4971.5;6;11821742533;S
20241225;103413;4971.5;1;11821743673;B
20241225;103413;4972;12;11821743674;B
20241225;103413;4972;16;11821743675;B
20241225;103413;4972;9;11821743676;B
20241225;103419;4973;11;11821744446;S
20241225;103419;4972.5;29;11821744447;S
20241225;103420;4972.5;5;11821744510;S
20241225;103421;4972.5;11;11821744629;S
20241225;103421;4972;9;11821744630;S
20241225;103421;4971.5;15;11821744631;S
20241225;103427;4975;1;11821745503;B
20241225;103427;4975;1;11821745504;B
20241225;103427;4972;11;11821745526;S
20241225;103427;4972;8;11821745527;S
20241225;103427;4971.5;25;11821745528;S
20241225;103427;4971.5;48;11821745529;S
20241225;103427;4971;154;11821745530;S
20241225;103427;4971;500;11821745531;S
20241225;103427;4971;2;11821745532;S
20241225;103427;4971;60;11821745533;S
20241225;103428;4970.5;4;11821745722;B
20241225;103432;4970;2;11821746084;S
20241225;103432;4970;1;11821746085;S
20241225;103432;4970;3;11821746086;S
20241225;103432;4970;5;11821746087;S
20241225;103432;4970;10;11821746088;S
20241225;103432;4970;2;11821746089;S
20241225;103432;4970;1;11821746090;S
20241225;103432;4970;5;11821746091;S
20241225;103432;4970;1;11821746092;S
20241225;103432;4970;1;11821746093;S
20241225;103432;4970;1;11821746094;S
20241225;103432;4970;99;11821746095;S
20241225;103432;4970;6;11821746096;S
20241225;103432;4970;1;11821746097;S
20241225;103432;4970;62;11821746098;S
20241225;103433;4970.5;7;11821746274;B
20241225;103433;4971;93;11821746275;B
20241225;103436;4970;6;11821746758;S
20241225;103438;4970;2;11821747111;S
20241225;103438;4970;5;11821747184;S
20241225;103438;4970;1;11821747340;S
20241225;103441;4970.5;8;11821747992;B
20241225;103441;4970;157;11821748001;S
20241225;103441;4970;2;11821748002;S
20241225;103441;4969;1;11821748003;S
20241225;103441;4969;1;11821748004;S
20241225;103441;4968.5;18;11821748005;S
20241225;103441;4967;4;11821748006;S
20241225;103441;4967;11;11821748007;S
20241225;103441;4966.5;1;11821748008;S
20241225;103441;4966;22;11821748009;S
20241225;103441;4966;20;11821748010;S
20241225;103441;4966;1;11821748011;S
20241225;103441;4966;1;11821748012;S
20241225;103441;4965.5;2;11821748013;S
20241225;103441;4965.5;1;11821748014;S
20241225;103441;4965.5;1;11821748015;S
20241225;103441;4965.5;4;11821748016;S
20241225;103441;4965;5;11821748017;S
20241225;103441;4965;50;11821748018;S
20241225;103441;4965;1;11821748019;S
20241225;103441;4965;181;11821748020;S
20241225;103441;4965;1;11821748057;S
20241225;103441;4965;1;11821748058;S
20241225;103441;4965;1;11821748059;S
20241225;103441;4965;1;11821748060;S
20241225;103442;4965;150;11821748225;B
20241225;103442;4967.5;11;11821748321;B
20241225;103442;4968;68;11821748322;B
20241225;103442;4968.5;60;11821748323;B
20241225;103442;4969.5;11;11821748324;B
20241225;103447;4968.5;3;11821749095;B
20241225;103449;4969;5;11821749445;B
20241225;103450;4969;1;11821749670;B
20241225;103457;4968;10;11821750911;B
20241225;103458;4968.5;48;11821751093;B
20241225;103458;4968.5;11;11821751094;B
20241225;103458;4969;41;11821751095;B
20241225;103501;4966.5;11;11821751663;S
20241225;103501;4966;26;11821751664;S
20241225;103501;4966;5;11821751665;S
20241225;103501;4965.5;60;11821751666;S
20241225;103501;4965;20;11821751667;S
20241225;103501;4965;11;11821751668;S
20241225;103501;4965;48;11821751669;S
20241225;103501;4964.5;4;11821751670;S
20241225;103504;4965.5;2;11821752162;S
20241225;103505;4965.5;1;11821752523;S
20241225;103507;4964.5;2;11821752812;S
20241225;103507;4964.5;1;11821752813;S
20241225;103507;4964.5;3;11821752814;S
20241225;103512;4965;1;11821753649;S
20241225;103512;4965;1;11821753650;S
20241225;103513;4964.5;1;11821753720;S
20241225;103513;4964.5;36;11821753833;S
20241225;103517;4965;5;11821754360;B
20241225;103521;4964.5;22;11821754851;S
20241225;103521;4965;2;11821754875;B
20241225;103521;4965.5;4;11821754876;B
20241225;103521;4966;4;11821754877;B
20241225;103521;4965;10;11821754893;S
20241225;103521;4965;10;11821754894;S
20241225;103524;4965;1;11821755509;S
20241225;103527;4965;10;11821755919;B
20241225;103527;4967.5;4;11821755920;B
20241225;103527;4967.5;3;11821755921;B
20241225;103527;4967.5;1;11821755922;B
20241225;103527;4967.5;5;11821755923;B
20241225;103527;4967.5;4;11821755924;B
20241225;103527;4967.5;16;11821755925;B
20241225;103527;4967.5;11;11821755926;B
20241225;103527;4968.5;32;11821755927;B
20241225;103527;4969;14;11821755928;B
20241225;103532;4967;2;11821756694;B
20241225;103535;4965.5;1;11821757100;S
20241225;103535;4965;2;11821757101;S
20241225;103536;4966.5;32;11821757263;B
20241225;103536;4967;46;11821757264;B
20241225;103536;4967.5;11;11821757265;B
20241225;103536;4967.5;60;11821757266;B
20241225;103536;4969.5;72;11821757267;B
20241225;103536;4969.5;40;11821757268;B
20241225;103536;4970;1;11821757269;B
20241225;103536;4970;3;11821757270;B
20241225;103536;4970;50;11821757271;B
20241225;103536;4970;85;11821757272;B
20241225;103537;4968.5;2;11821757340;B
20241225;103541;4966.5;11;11821757900;S
20241225;103541;4966;15;11821757901;S
20241225;103541;4965.5;48;11821757902;S
20241225;103541;4965.5;86;11821757903;S
20241225;103541;4965;40;11821757904;S
20241225;103541;4964.5;31;11821757905;S
20241225;103551;4965.5;2;11821759511;S
20241225;103556;4968;5;11821760333;B
20241225;103556;4968;6;11821760334;B
20241225;103556;4968;27;11821760335;B
20241225;103556;4968;10;11821760336;B
20241225;103556;4968;1;11821760337;B
20241225;103556;4968.5;24;11821760341;B
20241225;103601;4967;4;11821761001;S
20241225;103601;4966.5;11;11821761002;S
20241225;103601;4966;17;11821761003;S
20241225;103621;4967;3;11821763504;B
20241225;103621;4966.5;1;11821763524;S
20241225;103629;4969;1;11821764518;B
20241225;103629;4969;3;11821764519;B
20241225;103629;4969;11;11821764520;B
20241225;103629;4969.5;5;11821764521;B
20241225;103634;4969.5;1;11821765182;B
20241225;103634;4969.5;1;11821765223;B
20241225;103634;4969.5;46;11821765224;B
20241225;103634;4970;113;11821765225;B
20241225;103634;4970;6;11821765226;B
20241225;103634;4970;30;11821765227;B
20241225;103634;4971;99;11821765228;B
20241225;103634;4971;60;11821765229;B
20241225;103634;4972.5;3;11821765230;B
20241225;103638;4974.5;1;11821765585;B
20241225;103641;4973;5;11821765999;S
20241225;103641;4972.5;60;11821766000;S
20241225;103641;4972;60;11821766001;S
20241225;103641;4971;11;11821766002;S
20241225;103641;4970;7;11821766003;S
20241225;103641;4969.5;12;11821766004;S
20241225;103641;4969.5;8;11821766005;S
20241225;103650;4972.5;11;11821766898;B
20241225;103650;4972.5;11;11821766899;B
20241225;103650;4973;60;11821766900;B
20241225;103650;4974;86;11821766901;B
20241225;103650;4974.5;4;11821766902;B
20241225;103650;4974.5;29;11821766903;B
20241225;103701;4968;4;11821768236;S
20241225;103701;4968;4;11821768237;S
20241225;103701;4967.5;11;11821768238;S
20241225;103701;4967.5;67;11821768239;S
20241225;103705;4969.5;1;11821768732;B
20241225;103721;4966.5;1;11821770803;S
20241225;103727;4968;75;11821771760;B
20241225;103727;4968.5;60;11821771761;B
20241225;103727;4969;15;11821771762;B
20241225;103731;4969.5;1;11821772398;B
20241225;103731;4969.5;3;11821772414;B
20241225;103731;4970;12;11821772415;B
20241225;103733;4969.5;1;11821772649;S
20241225;103738;4974;1;11821773407;B
20241225;103741;4970.5;48;11821773943;S
20241225;103741;4970;24;11821773944;S
20241225;103756;4969;5;11821776279;S
20241225;103759;4970;2;11821776690;B
20241225;103759;4970;3;11821776691;B
20241225;103801;4969;2;11821776875;S
20241225;103801;4968;2;11821776876;S
20241225;103807;4967.5;1;11821777616;S
20241225;103810;4967.5;3;11821778047;S
20241225;103810;4967.5;2;11821778048;S
20241225;103810;4967.5;5;11821778049;B
20241225;103811;4969.5;11;11821778117;B
20241225;103811;4970;28;11821778118;B
20241225;103815;4968;1;11821778542;S
20241225;103815;4968;4;11821778543;S
20241225;103815;4967.5;60;11821778544;S
20241225;103815;4967.5;11;11821778545;S
20241225;103815;4966.5;3;11821778546;S
20241225;103815;4966.5;1;11821778547;S
20241225;103815;4966.5;19;11821778548;S
20241225;103815;4966.5;60;11821778549;S
20241225;103815;4966.5;60;11821778550;S
20241225;103815;4966;1;11821778551;S
20241225;103815;4966;1;11821778552;S
20241225;103815;4966;9;11821778553;S
20241225;103821;4967;1;11821779124;S
20241225;103821;4966;11;11821779125;S
20241225;103821;4966;4;11821779126;S
20241225;103821;4966;1;11821779127;S
20241225;103821;4965.5;16;11821779128;S
20241225;103821;4965.5;60;11821779129;S
20241225;103821;4965.5;27;11821779130;S
20241225;103841;4965.5;3;11821781452;S
20241225;103841;4965.5;1;11821781453;S
20241225;103853;4966.5;5;11821782761;B
20241225;103856;4966.5;25;11821783108;B
20241225;103857;4966.5;2;11821783241;B
20241225;103901;4966;10;11821783601;S
20241225;103901;4965.5;1;11821783602;S
20241225;103901;4965.5;4;11821783603;S
20241225;103904;4965.5;3;11821784024;S
20241225;103907;4966;5;11821784352;S
20241225;103908;4966.5;1;11821784559;B
20241225;103912;4966;5;11821785022;S
20241225;103912;4965.5;7;11821785023;S
20241225;103913;4966.5;22;11821785143;B
20241225;103913;4967;4;11821785144;B
20241225;103913;4968.5;24;11821785145;B
20241225;103915;4968;7;11821785394;S
20241225;103916;4968;1;11821785493;S
20241225;103916;4967;1;11821785494;S
20241225;103916;4967;2;11821785495;S
20241225;103916;4966.5;60;11821785496;S
20241225;103916;4966;11;11821785497;S
20241225;103916;4965.5;60;11821785498;S
20241225;103916;4965.5;10;11821785499;S
20241225;103916;4965.5;2;11821785500;S
20241225;103916;4965.5;60;11821785501;S
20241225;103916;4965;15;11821785502;S
20241225;103916;4965;13;11821785503;S
20241225;103916;4965;5;11821785504;S
20241225;103916;4965;1;11821785505;S
20241225;103916;4965;3;11821785506;S
20241225;103916;4965;2;11821785507;S
20241225;103916;4965;1;11821785508;S
20241225;103916;4965;47;11821785509;S
20241225;103916;4965;100;11821785510;S
20241225;103916;4964.5;407;11821785511;S
20241225;103916;4964;15;11821785512;S
20241225;103916;4964;2;11821785513;S
20241225;103916;4964;2;11821785514;S
20241225;103916;4963.5;1;11821785515;S
20241225;103916;4963;79;11821785516;S
20241225;103916;4963.5;1;11821785525;S
20241225;103921;4963.5;1;11821786212;S
20241225;103921;4963;21;11821786213;S
20241225;103921;4963;100;11821786214;S
20241225;103921;4963;100;11821786215;S
20241225;103921;4963;5;11821786216;S
20241225;103921;4962.5;3;11821786217;S
20241225;103921;4962.5;11;11821786218;S
20241225;103921;4961.5;2;11821786219;S
20241225;103921;4961;1;11821786220;S
20241225;103921;4961;5;11821786221;S
20241225;103921;4961;1;11821786222;S
20241225;103921;4961;5;11821786223;S
20241225;103921;4961;4;11821786224;S
20241225;103921;4961;60;11821786225;S
20241225;103921;4960.5;2;11821786226;S
20241225;103921;4960.5;2;11821786227;S
20241225;103921;4960.5;60;11821786228;S
20241225;103921;4960;1;11821786229;S
20241225;103921;4960;32;11821786230;S
20241225;103921;4960;4;11821786231;S
20241225;103923;4964;11;11821786640;B
20241225;103923;4965;39;11821786641;B
20241225;103926;4965.5;11;11821786975;B
20241225;103926;4966;14;11821786976;B
20241225;103926;4965.5;10;11821787015;B
20241225;103929;4964;1;11821787445;S
20241225;103929;4962;4;11821787453;S
20241225;103932;4963.5;11;11821787802;B
20241225;103932;4964.5;39;11821787803;B
20241225;103932;4965.5;11;11821787853;B
20241225;103932;4966;8;11821787854;B
20241225;103932;4966;86;11821787855;B
20241225;103932;4966.5;60;11821787856;B
20241225;103932;4968;25;11821787857;B
20241225;103932;4969;40;11821787858;B
20241225;103932;4970;5;11821787859;B
20241225;103932;4970;6;11821787860;B
20241225;103932;4970;40;11821787861;B
20241225;103932;4970.5;86;11821787862;B
20241225;103932;4970.5;33;11821787863;B
20241225;103935;4968;1;11821788179;B
20241225;103935;4968.5;60;11821788180;B
20241225;103941;4969;48;11821788950;S
20241225;103941;4968.5;140;11821788951;S
20241225;103941;4968;11;11821788952;S
20241225;103941;4968;9;11821788953;S
20241225;103941;4967;50;11821788954;S
20241225;103949;4968;1;11821790709;B
20241225;104000;4968.5;1;11821791918;B
20241225;104015;4967.5;1;11821793902;S
20241225;104021;4967.5;1;11821794712;S
20241225;104027;4969;1;11821795747;B
20241225;104028;4968.5;6;11821796018;S
20241225;104028;4968.5;26;11821796019;S
20241225;104028;4967.5;36;11821796020;S
20241225;104028;4967.5;3;11821796021;B
20241225;104028;4967.5;29;11821796022;B
20241225;104030;4969;2;11821796376;B
20241225;104030;4969;15;11821796377;B
20241225;104030;4969;3;11821796378;B
20241225;104030;4969;3;11821796379;B
20241225;104030;4969;1;11821796380;B
20241225;104030;4969;1;11821796381;B
20241225;104033;4969;4;11821796692;B
20241225;104033;4969.5;4;11821796693;B
20241225;104033;4970;2;11821796694;B
20241225;104038;4969;9;11821797314;B
20241225;104038;4970;3;11821797315;B
20241225;104038;4970;5;11821797316;B
20241225;104038;4970.5;9;11821797317;B
20241225;104038;4970.5;2;11821797318;B
20241225;104038;4971;5;11821797319;B
20241225;104038;4971;4;11821797320;B
20241225;104038;4971;34;11821797321;B
20241225;104038;4972;11;11821797322;B
20241225;104041;4972.5;60;11821797793;S
20241225;104041;4972.5;33;11821797794;S
20241225;104046;4972.5;1;11821798402;S
20241225;104052;4973;1;11821798983;S
20241225;104057;4973;1;11821799605;B
20241225;104101;4972.5;2;11821799939;S
20241225;104103;4972.5;1;11821800136;S
20241225;104104;4973;10;11821800183;B
20241225;104110;4973.5;1;11821801023;B
20241225;104117;4974;7;11821801953;B
20241225;104119;4973.5;1;11821802250;S
20241225;104120;4973.5;4;11821802459;S
20241225;104121;4973;1;11821802680;S
20241225;104121;4973;6;11821802681;S
20241225;104121;4972.5;1;11821802682;S
20241225;104121;4972.5;2;11821802683;S
20241225;104126;4972.5;1;11821803327;S
20241225;104142;4973.5;1;11821805590;S
20241225;104142;4973;1;11821805591;S
20241225;104142;4973;1;11821805592;S
20241225;104142;4972.5;12;11821805593;S
20241225;104142;4972.5;7;11821805594;S
20241225;104145;4974;14;11821806118;B
20241225;104145;4974;2;11821806119;B
20241225;104145;4974;5;11821806120;B
20241225;104145;4974.5;2;11821806121;B
20241225;104145;4974.5;8;11821806122;B
20241225;104145;4975;1;11821806123;B
20241225;104145;4975;40;11821806124;B
20241225;104145;4975;2;11821806125;B
20241225;104145;4975.5;1;11821806126;B
20241225;104145;4975.5;6;11821806127;B
20241225;104145;4976;25;11821806128;B
20241225;104145;4976;49;11821806129;B
20241225;104145;4976;1;11821806130;B
20241225;104145;4976;1;11821806131;B
20241225;104145;4976;11;11821806132;B
20241225;104145;4977;1;11821806133;B
20241225;104145;4978;2;11821806134;B
20241225;104145;4978;20;11821806135;B
20241225;104145;4978;1;11821806136;B
20241225;104145;4978.5;1;11821806137;B
