<DATE>;<TIME>;<LAST>;<VOL>;<ID>;<OPER>
20240401;095948;223;10;9991425142;S
20240401;095948;223;20;9991425143;S
20240401;095948;223;10;9991425144;S
20240401;095948;223;70;9991425145;S
20240401;095948;223;140;9991425146;S
20240401;095948;223;10;9991425147;S
20240401;095948;223;10;9991425148;S
20240401;095948;223;140;9991425149;S
20240401;095948;223;360;9991425150;S
20240401;095948;223;100;9991425151;B
20240401;095948;223;10;9991425152;S
20240401;095948;223;40;9991425153;B
20240401;095948;223;10;9991425154;B
20240401;095948;223;10;9991425155;B
20240401;095948;223;140;9991425156;B
20240401;095948;223;20;9991425157;B
20240401;095948;223;90;9991425158;B
20240401;095948;223;10;9991425159;B
20240401;095948;223;10;9991425160;B
20240401;095948;223;40;9991425161;B
20240401;095948;223;10;9991425162;S
20240401;095948;223;220;9991425163;S
20240401;095948;223;400;9991425164;S
20240401;095948;223;10;9991425165;S
20240401;095948;223;10;9991425166;S
20240401;095948;223;60;9991425167;B
20240401;095948;223;150;9991425168;B
20240401;095948;223;100;9991425169;B
20240401;095948;223;80;9991425170;B
20240401;095948;223;90;9991425171;B
20240401;095948;223;380;9991425172;B
20240401;095948;223;20;9991425173;B
20240401;095948;223;360;9991425174;S
20240401;095948;223;1000;9991425175;S
20240401;095948;223;1000;9991425176;B
20240401;095948;223;100;9991425177;S
20240401;095948;223;10;9991425178;B
20240401;095948;223;1570;9991425179;B
20240401;095948;223;50;9991425180;S
20240401;095948;223;500;9991425181;B
20240401;095948;223;2000;9991425182;B
20240401;095948;223;500;9991425183;S
20240401;095948;223;100;9991425184;S
20240401;095948;223;10;9991425185;S
20240401;095948;223;160;9991425186;S
20240401;095948;223;10;9991425187;S
20240401;095948;223;1000;9991425188;S
20240401;095948;223;40;9991425189;S
20240401;095948;223;200;9991425190;S
20240401;095948;223;20;9991425191;B
20240401;095948;223;70;9991425192;B
20240401;095948;223;1280;9991425193;S
20240401;095948;223;10;9991425194;B
20240401;095948;223;10;9991425195;B
20240401;095948;223;10;9991425196;B
20240401;095948;223;10;9991425197;B
20240401;095948;223;30;9991425198;B
20240401;095948;223;130;9991425199;B
20240401;095948;223;150;9991425200;B
20240401;095948;223;10;9991425201;B
20240401;095948;223;10;9991425202;B
20240401;095948;223;10;9991425203;B
20240401;095948;223;40;9991425204;B
20240401;095948;223;20;9991425205;B
20240401;095948;223;10;9991425206;S
20240401;095948;223;470;9991425207;B
20240401;095948;223;10;9991425208;B
20240401;095948;223;10;9991425209;S
20240401;095948;223;10;9991425210;B
20240401;095948;223;2550;9991425211;B
20240401;095948;223;290;9991425212;B
20240401;095948;223;100;9991425213;B
20240401;095948;223;30;9991425214;B
20240401;095948;223;10;9991425215;B
20240401;095948;223;10;9991425216;B
20240401;095948;223;250;9991425217;S
20240401;095948;223;460;9991425218;S
20240401;095948;223;500;9991425219;S
20240401;095948;223;10;9991425220;B
20240401;095948;223;10;9991425221;S
20240401;095948;223;30;9991425222;B
20240401;095948;223;10;9991425223;B
20240401;095948;223;20;9991425224;B
20240401;095948;223;2000;9991425225;B
20240401;095948;223;80;9991425226;B
20240401;095948;223;100;9991425227;B
20240401;095948;223;320;9991425228;B
20240401;095948;223;10;9991425229;B
20240401;095948;223;90;9991425230;B
20240401;095948;223;10;9991425231;B
20240401;095948;223;10;9991425232;B
20240401;095948;223;30;9991425233;B
20240401;095948;223;50;9991425234;B
20240401;095948;223;10;9991425235;B
20240401;095948;223;10;9991425236;B
20240401;095948;223;100;9991425237;B
20240401;095948;223;10;9991425238;B
20240401;095948;223;10;9991425239;B
20240401;095948;223;100;9991425240;B
20240401;095948;223;1240;9991425241;B
20240401;095948;223;10;9991425242;B
20240401;095948;223;4750;9991425243;B
20240401;095948;223;30;9991425244;B
20240401;095948;223;10;9991425245;B
20240401;095948;223;10;9991425246;B
20240401;095948;223;1250;9991425247;S
20240401;095948;223;10;9991425248;S
20240401;095948;223;10;9991425249;S
20240401;095948;223;10;9991425250;S
20240401;095948;223;230;9991425251;S
20240401;095948;223;10;9991425252;S
20240401;100003;223.01;150;9991436010;S
20240401;100003;223;400;9991436011;S
20240401;100003;223;30;9991436012;S
20240401;100003;223;80;9991436013;S
20240401;100003;223;50;9991436014;S
20240401;100003;223;100;9991436015;S
20240401;100003;223;110;9991436016;S
20240401;100003;223;10;9991436017;S
20240401;100003;223;10;9991436018;S
20240401;100003;223;10;9991436019;S
20240401;100003;223;400;9991436020;S
20240401;100003;223;50;9991436021;S
20240401;100003;222.99;640;9991436022;S
20240401;100003;222.86;80;9991436423;B
20240401;100003;222.86;80;9991436425;B
20240401;100003;222.86;160;9991436426;B
20240401;100003;222.86;160;9991436428;B
20240401;100003;222.86;90;9991436429;B
20240401;100003;222.86;230;9991436430;B
20240401;100003;222.87;250;9991436431;B
20240401;100003;222.86;300;9991436434;B
20240401;100003;222.86;500;9991436435;B
20240401;100003;222.87;1100;9991436436;B
20240401;100003;222.86;20;9991436447;B
20240401;100003;222.86;780;9991436778;B
20240401;100003;222.87;220;9991436779;B
20240401;100003;222.86;30;9991436785;B
20240401;100003;222.86;70;9991436799;B
20240401;100004;222.86;700;9991436891;B
20240401;100004;222.87;450;9991436892;B
20240401;100004;222.86;800;9991436903;B
20240401;100004;222.86;800;9991436907;B
20240401;100004;222.86;30;9991436908;B
20240401;100004;222.86;770;9991436909;B
20240401;100004;222.86;100;9991436943;B
20240401;100004;222.86;170;9991436995;B
20240401;100004;222.86;530;9991437001;B
20240401;100004;222.87;260;9991437002;B
20240401;100004;222.86;80;9991437009;B
20240401;100004;222.85;10;9991437015;S
20240401;100004;222.86;720;9991437017;B
20240401;100004;222.86;800;9991437020;B
20240401;100004;222.87;50;9991437022;B
20240401;100004;222.83;380;9991437024;S
20240401;100004;222.83;10;9991437036;S
20240401;100004;222.86;80;9991437066;B
20240401;100004;222.83;10;9991437069;S
20240401;100004;222.81;10;9991437070;S
20240401;100004;222.86;160;9991437147;B
20240401;100004;222.86;400;9991437150;B
20240401;100004;222.86;80;9991437164;B
20240401;100004;222.81;20;9991437167;S
20240401;100004;222.82;10;9991437203;S
20240401;100004;222.86;80;9991437237;B
20240401;100004;222.87;20;9991437238;B
20240401;100004;222.87;3000;9991437344;B
20240401;100004;222.87;140;9991437439;B
20240401;100004;222.87;10;9991437499;B
20240401;100004;222.87;80;9991437540;B
20240401;100004;222.87;70;9991437617;B
20240401;100004;222.83;60;9991437684;S
20240401;100004;222.87;10;9991437973;B
20240401;100005;222.87;1000;9991438132;B
20240401;100005;222.87;200;9991438133;B
20240401;100005;222.87;320;9991438145;B
20240401;100005;222.87;160;9991438146;B
20240401;100005;222.87;40;9991438148;B
20240401;100005;222.87;80;9991438149;B
20240401;100005;222.87;500;9991438195;B
20240401;100005;222.88;70;9991438196;B
20240401;100005;222.91;220;9991438197;B
20240401;100005;222.94;410;9991438198;B
20240401;100005;222.97;10;9991438248;B
20240401;100005;222.97;70;9991438316;B
20240401;100005;222.97;120;9991438317;B
20240401;100005;222.98;310;9991438318;B
20240401;100005;222.98;40;9991438380;B
20240401;100005;222.98;40;9991438547;B
20240401;100005;222.98;60;9991438605;B
20240401;100005;222.89;70;9991438607;S
20240401;100005;222.89;130;9991438608;S
20240401;100005;222.98;10;9991438609;B
20240401;100005;222.98;30;9991438611;B
20240401;100005;222.89;30;9991438746;S
20240401;100005;222.89;10;9991438748;S
20240401;100005;222.98;10;9991438856;B
20240401;100005;222.89;30;9991438901;S
20240401;100005;222.87;20;9991438902;S
20240401;100005;222.99;10;9991438930;B
20240401;100005;222.98;20;9991438933;B
20240401;100005;222.99;80;9991438934;B
20240401;100006;222.87;40;9991439447;S
20240401;100006;222.87;10;9991439448;S
20240401;100006;222.86;270;9991439449;S
20240401;100006;222.97;30;9991439521;B
20240401;100006;222.97;10;9991439576;B
20240401;100006;222.98;40;9991439577;B
20240401;100006;222.98;20;9991439878;B
20240401;100006;222.98;10;9991440156;B
20240401;100006;222.98;10;9991440261;B
20240401;100006;222.9;10;9991440334;B
20240401;100006;222.98;200;9991440395;B
20240401;100006;222.98;130;9991440446;B
20240401;100006;222.99;10;9991440578;B
20240401;100006;222.99;20;9991440588;B
20240401;100006;222.88;10;9991440594;S
20240401;100006;222.88;60;9991440598;S
20240401;100006;222.98;10;9991441250;B
20240401;100006;222.88;90;9991441254;S
20240401;100006;222.99;30;9991441265;B
20240401;100007;222.98;10;9991441447;B
20240401;100007;222.98;20;9991441457;B
20240401;100007;222.98;10;9991441466;B
20240401;100007;222.88;30;9991441585;S
20240401;100007;222.98;110;9991441607;B
20240401;100007;222.99;350;9991441608;B
20240401;100007;222.99;10;9991441609;B
20240401;100007;222.99;70;9991441610;B
20240401;100007;223;150;9991441611;B
20240401;100007;223;30;9991441612;B
20240401;100007;223;10;9991441613;B
20240401;100007;223;100;9991441614;B
20240401;100007;223;200;9991441615;B
20240401;100007;223;10;9991441616;B
20240401;100007;223;250;9991441617;B
20240401;100007;223;10;9991441618;B
20240401;100007;223;20;9991441619;B
20240401;100007;223;10;9991441620;B
20240401;100007;223;50;9991441621;B
20240401;100007;223;50;9991441622;B
20240401;100007;223;10;9991441623;B
20240401;100007;223;30;9991441624;B
20240401;100007;223;200;9991441625;B
20240401;100007;223;10;9991441626;B
20240401;100007;223;20;9991441627;B
20240401;100007;223;10;9991441628;B
20240401;100007;223;10;9991441629;B
20240401;100007;223.01;160;9991441630;B
20240401;100007;223.04;320;9991441631;B
20240401;100007;223.06;120;9991442115;B
20240401;100007;223.06;160;9991442134;B
20240401;100007;223.06;10;9991442168;B
20240401;100007;223.05;30;9991442174;S
20240401;100007;223.06;160;9991442207;B
20240401;100007;223.06;50;9991442239;B
20240401;100007;223.05;50;9991442253;S
20240401;100007;223.06;70;9991442257;B
20240401;100007;223.06;80;9991442282;B
20240401;100007;223.06;150;9991442299;B
20240401;100007;223.07;110;9991442300;B
20240401;100007;223.07;10;9991442301;B
20240401;100007;223.08;130;9991442302;B
20240401;100007;223.08;140;9991442303;B
20240401;100007;223.1;260;9991442304;B
20240401;100007;223.1;10;9991442318;B
20240401;100007;223.1;120;9991442323;B
20240401;100007;223.1;160;9991442327;B
20240401;100007;223.1;80;9991442328;B
20240401;100007;223.1;200;9991442332;B
20240401;100007;223.1;160;9991442334;B
20240401;100007;223.1;480;9991442339;B
20240401;100007;223.1;160;9991442340;B
20240401;100007;223.1;480;9991442341;B
20240401;100007;223.1;150;9991442347;B
20240401;100007;223.1;10;9991442348;B
20240401;100007;223.1;20;9991442356;B
20240401;100007;223.11;20;9991442357;B
20240401;100007;223.12;10;9991442358;B
20240401;100007;223.12;10;9991442359;B
20240401;100007;223.14;20;9991442360;B
20240401;100007;223.14;400;9991442361;B
20240401;100007;223.14;80;9991442364;B
20240401;100007;223.14;80;9991442368;B
20240401;100007;223.14;40;9991442372;B
20240401;100007;223.14;100;9991442378;B
20240401;100007;223.14;80;9991442385;B
20240401;100007;223.15;40;9991442386;B
20240401;100007;223.15;40;9991442387;B
20240401;100007;223.17;300;9991442394;B
20240401;100007;223.17;20;9991442395;B
20240401;100007;223.14;240;9991442400;B
20240401;100007;223.14;160;9991442401;B
20240401;100007;223.06;10;9991442402;S
20240401;100007;223.16;80;9991442416;B
20240401;100007;223.16;50;9991442420;B
20240401;100007;223.16;10;9991442421;B
20240401;100007;223.17;80;9991442422;B
20240401;100007;223.17;60;9991442423;B
20240401;100007;223.18;90;9991442424;B
20240401;100007;223.07;80;9991442433;S
20240401;100007;223.17;50;9991442445;B
20240401;100007;223.17;160;9991442451;B
20240401;100007;223.17;80;9991442455;B
20240401;100007;223.17;20;9991442460;B
20240401;100007;223.17;490;9991442461;B
20240401;100007;223.18;1110;9991442462;B
20240401;100007;223.18;800;9991442467;B
20240401;100007;223.18;140;9991442469;B
20240401;100007;223.2;20;9991442470;B
20240401;100007;223.2;200;9991442492;B
20240401;100007;223.07;20;9991442499;S
20240401;100007;223.2;80;9991442508;B
20240401;100007;223.2;80;9991442518;B
20240401;100007;223.2;80;9991442534;B
20240401;100007;223.2;160;9991442567;B
20240401;100007;223.2;80;9991442580;B
20240401;100007;223.2;160;9991442617;B
20240401;100007;223.12;10;9991442618;S
20240401;100007;223.2;160;9991442631;B
20240401;100007;223.2;30;9991442637;B
20240401;100007;223.2;500;9991442647;B
20240401;100007;223.2;150;9991442663;B
20240401;100007;223.2;100;9991442669;B
20240401;100007;223.2;80;9991442700;B
20240401;100007;223.2;80;9991442710;B
20240401;100007;223.2;100;9991442766;B
20240401;100007;223.2;80;9991442790;B
20240401;100007;223.2;10;9991442923;B
20240401;100007;223.15;10;9991442924;S
20240401;100007;223.2;20;9991442925;B
20240401;100007;223.19;120;9991443209;B
20240401;100007;223.16;10;9991443323;S
20240401;100007;223.15;10;9991443409;S
20240401;100007;223.15;10;9991443542;S
20240401;100007;223.15;60;9991443582;S
20240401;100007;223.15;1350;9991443583;S
20240401;100007;223.14;160;9991443584;S
20240401;100007;223.14;130;9991443585;S
20240401;100007;223.19;10;9991443586;B
20240401;100007;223.19;10;9991443631;B
20240401;100007;223.14;110;9991443647;S
20240401;100007;223.12;10;9991443681;S
20240401;100007;223.19;40;9991443688;B
20240401;100007;223.19;10;9991443695;B
20240401;100007;223.12;40;9991443698;S
20240401;100007;223.12;1350;9991443699;S
20240401;100007;223.11;60;9991443700;S
20240401;100007;223.11;400;9991443701;S
20240401;100007;223.1;540;9991443702;S
20240401;100007;223.1;100;9991443703;S
20240401;100007;223.1;150;9991443704;S
20240401;100007;223.07;80;9991443705;S
20240401;100007;223.05;80;9991443706;S
20240401;100007;223.05;140;9991443707;S
20240401;100007;223.05;80;9991443708;S
20240401;100007;223.05;160;9991443709;S
20240401;100007;223.04;1620;9991443710;S
20240401;100007;223.03;10;9991443711;S
20240401;100007;223.03;60;9991443712;S
20240401;100007;223.03;100;9991443713;S
20240401;100007;223.03;30;9991443714;S
20240401;100007;223.18;10;9991443722;B
20240401;100007;223.18;20;9991443746;B
20240401;100007;223.18;10;9991443752;B
20240401;100008;223.12;10;9991443901;S
20240401;100008;223.12;20;9991444058;S
20240401;100008;223.18;20;9991444173;B
20240401;100008;223.19;140;9991444174;B
20240401;100008;223.19;120;9991444653;B
20240401;100008;223.2;2270;9991444654;B
20240401;100008;223.2;140;9991444655;B
20240401;100008;223.23;30;9991444656;B
20240401;100008;223.24;10;9991444657;B
20240401;100008;223.24;60;9991444658;B
20240401;100008;223.25;10;9991444659;B
20240401;100008;223.27;810;9991444660;B
20240401;100008;223.27;550;9991444661;B
20240401;100008;223.28;20;9991444662;B
20240401;100008;223.28;550;9991444663;B
20240401;100008;223.28;230;9991444664;B
20240401;100008;223.28;50;9991444681;B
20240401;100008;223.27;160;9991444772;B
20240401;100008;223.27;160;9991444785;B
20240401;100008;223.27;160;9991444851;B
20240401;100008;223.14;60;9991445013;S
20240401;100008;223.12;110;9991445014;S
20240401;100008;223.12;50;9991445015;S
20240401;100008;223.27;160;9991445175;B
20240401;100008;223.27;50;9991445229;B
20240401;100008;223.11;100;9991445302;S
20240401;100008;223.2;10;9991445497;B
20240401;100008;223.27;790;9991445498;B
20240401;100008;223.11;20;9991445786;S
20240401;100008;223.11;10;9991445792;S
20240401;100008;223.27;10;9991445806;B
20240401;100008;223.11;10;9991445844;S
20240401;100008;223.27;10;9991446223;B
20240401;100008;223.27;50;9991446273;B
20240401;100008;223.27;70;9991446407;B
20240401;100008;223.28;720;9991446408;B
20240401;100008;223.28;10;9991446409;B
20240401;100008;223.28;50;9991446414;B
20240401;100008;223.29;10;9991446415;B
20240401;100008;223.29;100;9991446416;B
20240401;100008;223.29;10;9991446421;B
20240401;100008;223.29;10;9991446465;B
20240401;100008;223.14;100;9991446525;S
20240401;100009;223.29;80;9991446726;B
20240401;100009;223.29;160;9991446888;B
20240401;100009;223.14;30;9991447087;S
20240401;100009;223.29;80;9991447188;B
20240401;100009;223.29;10;9991447316;B
20240401;100009;223.29;240;9991447384;B
20240401;100009;223.19;10;9991447459;B
20240401;100009;223.28;110;9991447460;B
20240401;100009;223.15;10;9991447491;S
20240401;100009;223.28;90;9991447500;B
20240401;100009;223.29;70;9991447501;B
20240401;100009;223.29;1920;9991447596;B
20240401;100009;223.29;10;9991447615;B
20240401;100009;223.29;80;9991447674;B
20240401;100009;223.29;240;9991447711;B
20240401;100009;223.29;80;9991447823;B
20240401;100009;223.14;70;9991447889;S
20240401;100009;223.14;80;9991448017;S
20240401;100009;223.14;20;9991448115;S
20240401;100009;223.14;10;9991448135;S
20240401;100009;223.29;230;9991448160;B
20240401;100009;223.14;160;9991448204;S
20240401;100009;223.14;10;9991448252;S
20240401;100009;223.29;10;9991448303;B
20240401;100009;223.29;160;9991448361;B
20240401;100009;223.14;30;9991448454;S
20240401;100009;223.14;190;9991448489;S
20240401;100010;223.29;160;9991448709;B
20240401;100010;223.29;80;9991448721;B
20240401;100010;223.29;80;9991448725;B
20240401;100010;223.29;160;9991448737;B
20240401;100010;223.29;80;9991448745;B
20240401;100010;223.29;70;9991448746;B
20240401;100010;223.2;400;9991448759;B
20240401;100010;223.2;320;9991448761;B
20240401;100010;223.2;100;9991448762;B
20240401;100010;223.2;80;9991448772;B
20240401;100010;223.2;120;9991448774;B
20240401;100010;223.2;160;9991448778;B
20240401;100010;223.2;160;9991448794;B
20240401;100010;223.2;160;9991448798;B
20240401;100010;223.2;80;9991448827;B
20240401;100010;223.2;320;9991448829;B
20240401;100010;223.2;100;9991448844;B
20240401;100010;223.29;100;9991448845;B
20240401;100010;223.29;160;9991448846;B
20240401;100010;223.29;180;9991448855;B
20240401;100010;223.29;90;9991448856;B
20240401;100010;223.29;40;9991448866;B
20240401;100010;223.29;160;9991448871;B
20240401;100010;223.29;320;9991448895;B
20240401;100010;223.29;160;9991448913;B
20240401;100010;223.21;60;9991449049;S
20240401;100010;223.29;20;9991449068;B
20240401;100010;223.29;10;9991450300;B
20240401;100010;223.25;10;9991450619;S
20240401;100010;223.29;640;9991451199;B
20240401;100010;223.26;40;9991451261;S
20240401;100010;223.29;3590;9991451267;B
20240401;100010;223.29;10;9991451273;B
20240401;100010;223.29;400;9991451278;B
20240401;100010;223.3;170;9991451279;B
20240401;100010;223.3;30;9991451280;B
20240401;100010;223.3;30;9991451281;B
20240401;100010;223.3;10;9991451282;B
20240401;100010;223.3;700;9991451283;B
20240401;100011;223.3;90;9991451409;B
20240401;100011;223.3;80;9991451529;B
20240401;100011;223.3;320;9991451646;B
20240401;100011;223.29;10;9991451701;S
20240401;100011;223.29;10;9991451713;S
20240401;100011;223.3;160;9991451785;B
20240401;100011;223.29;10;9991451843;S
20240401;100011;223.29;10;9991451853;S
20240401;100011;223.3;60;9991452072;B
20240401;100011;223.29;10;9991452149;S
20240401;100011;223.29;10;9991452163;S
20240401;100011;223.3;800;9991452246;B
20240401;100011;223.3;100;9991452250;B
20240401;100011;223.3;10;9991452273;B
20240401;100011;223.3;290;9991452377;B
20240401;100011;223.3;2230;9991452530;B
20240401;100011;223.29;80;9991452584;S
20240401;100011;223.29;10;9991453066;S
20240401;100011;223.29;10;9991453067;S
20240401;100011;223.29;10;9991453068;S
20240401;100011;223.3;50;9991453332;B
20240401;100011;223.3;400;9991453353;B
20240401;100011;223.3;260;9991453406;B
20240401;100011;223.3;740;9991453407;B
20240401;100011;223.3;10;9991453412;B
20240401;100011;223.3;80;9991453446;B
20240401;100012;223.3;160;9991453987;B
20240401;100012;223.3;800;9991454097;B
20240401;100012;223.3;200;9991454808;B
20240401;100012;223.3;80;9991455026;B
20240401;100012;223.3;80;9991455259;B
20240401;100012;223.3;160;9991455614;B
20240401;100012;223.3;10;9991455648;B
20240401;100012;223.3;80;9991455672;B
20240401;100012;223.29;50;9991455747;S
20240401;100012;223.29;800;9991455748;S
20240401;100012;223.29;10;9991455749;S
20240401;100012;223.26;540;9991455750;S
20240401;100012;223.25;320;9991455751;S
20240401;100012;223.25;80;9991455752;S
20240401;100012;223.25;200;9991455753;S
20240401;100013;223.3;320;9991456415;B
20240401;100013;223.3;180;9991456478;B
20240401;100013;223.25;10;9991456539;S
20240401;100013;223.24;10;9991456703;S
20240401;100013;223.3;80;9991456786;B
20240401;100013;223.3;350;9991456913;B
20240401;100013;223.3;150;9991456914;B
20240401;100013;223.27;20;9991456973;S
20240401;100013;223.27;20;9991456974;S
20240401;100013;223.27;30;9991456976;S
20240401;100013;223.23;20;9991456978;S
20240401;100013;223.3;10;9991457031;B
20240401;100013;223.3;150;9991457038;B
20240401;100013;223.3;20;9991457178;B
20240401;100013;223.3;10;9991457183;B
20240401;100013;223.29;170;9991457257;B
20240401;100013;223.3;190;9991457258;B
20240401;100013;223.27;10;9991457266;S
20240401;100013;223.3;80;9991457291;B
20240401;100013;223.3;160;9991457296;B
20240401;100013;223.3;10;9991457371;B
20240401;100014;223.26;220;9991457830;S
20240401;100014;223.26;500;9991457893;S
20240401;100015;223.29;80;9991458200;B
20240401;100015;223.29;40;9991458235;B
20240401;100016;223.28;80;9991458601;S
20240401;100017;223.29;20;9991459109;B
20240401;100017;223.3;30;9991459110;B
20240401;100018;223.28;30;9991459161;S
20240401;100018;223.3;2800;9991459196;B
20240401;100018;223.28;30;9991459293;S
20240401;100019;223.28;160;9991459498;S
20240401;100019;223.28;500;9991459540;S
20240401;100019;223.3;160;9991459608;B
20240401;100019;223.3;300;9991459612;B
20240401;100019;223.3;1000;9991459615;B
20240401;100019;223.3;80;9991459622;B
20240401;100019;223.3;100;9991459652;B
20240401;100019;223.28;800;9991459658;S
20240401;100019;223.27;200;9991459659;S
20240401;100019;223.3;750;9991459661;B
20240401;100019;223.3;250;9991459662;B
20240401;100019;223.3;200;9991459687;B
20240401;100019;223.3;220;9991459796;B
20240401;100020;223.3;10;9991459982;B
20240401;100020;223.29;10;9991460069;B
20240401;100020;223.3;2170;9991460070;B
20240401;100020;223.3;20;9991460202;B
20240401;100020;223.3;200;9991460285;B
20240401;100021;223.3;10;9991460326;B
20240401;100021;223.3;20;9991460547;B
20240401;100022;223.3;10;9991461214;B
20240401;100023;223.3;100;9991461591;B
20240401;100024;223.29;500;9991462060;S
20240401;100025;223.29;10;9991462905;S
20240401;100025;223.29;10;9991462906;S
20240401;100025;223.28;10;9991462907;S
20240401;100025;223.25;1350;9991462908;S
20240401;100025;223.24;190;9991462909;S
20240401;100026;223.29;560;9991463237;B
20240401;100026;223.29;60;9991463238;B
20240401;100026;223.3;660;9991463239;B
20240401;100029;223.29;160;9991464836;B
20240401;100029;223.3;4020;9991464837;B
20240401;100029;223.3;10;9991464930;B
20240401;100029;223.3;600;9991464972;B
20240401;100030;223.28;560;9991465006;S
20240401;100030;223.28;800;9991465007;S
20240401;100030;223.27;1350;9991465008;S
20240401;100030;223.26;1350;9991465015;S
20240401;100030;223.24;560;9991465016;S
20240401;100030;223.23;800;9991465017;S
20240401;100030;223.22;1290;9991465018;S
20240401;100030;223.23;1350;9991465026;S
20240401;100030;223.23;800;9991465027;S
20240401;100030;223.22;710;9991465028;S
20240401;100030;223.22;60;9991465029;S
20240401;100030;223.21;60;9991465030;S
20240401;100030;223.21;1020;9991465031;S
20240401;100030;223.22;800;9991465035;S
20240401;100030;223.21;3200;9991465036;S
20240401;100030;223.25;1350;9991465037;S
20240401;100030;223.24;800;9991465042;B
20240401;100030;223.26;800;9991465046;S
20240401;100030;223.26;1350;9991465047;S
20240401;100030;223.21;780;9991465048;S
20240401;100030;223.2;900;9991465049;S
20240401;100030;223.2;60;9991465050;S
20240401;100030;223.18;110;9991465051;S
20240401;100030;223.24;800;9991465054;S
20240401;100030;223.19;800;9991465060;S
20240401;100030;223.18;110;9991465061;S
20240401;100030;223.17;300;9991465062;S
20240401;100030;223.17;560;9991465065;B
20240401;100030;223.16;1350;9991465067;S
20240401;100030;223.16;800;9991465068;B
20240401;100030;223.16;1850;9991465069;B
20240401;100030;223.24;70;9991465274;B
20240401;100030;223.24;30;9991465275;B
20240401;100030;223.24;30;9991465356;B
20240401;100030;223.24;270;9991465357;B
20240401;100031;223.23;10;9991465803;B
20240401;100032;223.23;70;9991465996;B
20240401;100032;223.19;20;9991466018;S
20240401;100032;223.22;210;9991466103;B
20240401;100032;223.23;20;9991466104;B
20240401;100032;223.24;920;9991466105;B
20240401;100032;223.24;300;9991466164;B
20240401;100032;223.24;110;9991466205;B
20240401;100032;223.24;100;9991466216;B
20240401;100033;223.24;790;9991466815;B
20240401;100033;223.24;10;9991466842;B
20240401;100035;223.23;10;9991467449;S
20240401;100036;223.24;4000;9991467886;B
20240401;100036;223.26;2000;9991467887;B
20240401;100036;223.26;350;9991467888;B
20240401;100037;223.25;80;9991468436;B
20240401;100037;223.26;70;9991468437;B
20240401;100038;223.25;1350;9991468865;S
20240401;100038;223.25;800;9991468866;S
20240401;100038;223.23;140;9991468867;S
20240401;100038;223.19;30;9991468925;S
20240401;100040;223.25;20;9991469638;B
20240401;100041;223.25;30;9991470358;B
20240401;100041;223.26;970;9991470359;B
20240401;100042;223.26;960;9991470394;B
20240401;100042;223.29;40;9991470395;B
20240401;100042;223.28;40;9991470809;B
20240401;100042;223.29;60;9991470810;B
20240401;100043;223.28;60;9991471086;B
20240401;100043;223.29;150;9991471087;B
20240401;100043;223.3;1070;9991471088;B
20240401;100043;223.3;400;9991471097;B
20240401;100043;223.22;30;9991471116;S
20240401;100044;223.23;10;9991471297;S
20240401;100044;223.24;10;9991471370;S
20240401;100044;223.29;70;9991471381;B
20240401;100044;223.3;10;9991471382;B
20240401;100045;223.3;20;9991471754;B
20240401;100045;223.3;140;9991471755;B
20240401;100046;223.3;40;9991471921;B
20240401;100047;223.23;20;9991472526;S
20240401;100047;223.22;40;9991472527;S
20240401;100048;223.26;10;9991472839;B
20240401;100048;223.26;860;9991473036;B
20240401;100049;223.23;20;9991473139;S
20240401;100049;223.26;500;9991473461;B
20240401;100050;223.25;300;9991473600;S
20240401;100050;223.25;20;9991473622;B
20240401;100051;223.24;30;9991473908;B
20240401;100051;223.24;10;9991474006;B
20240401;100051;223.24;10;9991474035;B
20240401;100052;223.25;100;9991474266;B
20240401;100052;223.25;80;9991474489;B
20240401;100052;223.26;630;9991474490;B
20240401;100052;223.3;10;9991474491;B
20240401;100053;223.3;200;9991474713;B
20240401;100054;223.27;10;9991475095;S
20240401;100057;223.3;100;9991476333;B
20240401;100057;223.3;20;9991476420;B
20240401;100058;223.3;90;9991476730;B
20240401;100058;223.3;290;9991476731;B
20240401;100059;223.3;90;9991477072;B
20240401;100059;223.29;160;9991477233;S
20240401;100100;223.3;120;9991477366;B
20240401;100100;223.3;10;9991477367;B
20240401;100100;223.3;10;9991477368;B
20240401;100100;223.31;10;9991477442;S
20240401;100100;223.32;10;9991477550;B
20240401;100100;223.32;810;9991477551;B
20240401;100101;223.32;160;9991477725;B
20240401;100101;223.32;10;9991477844;B
20240401;100102;223.31;10;9991478339;S
20240401;100103;223.32;30;9991478546;B
20240401;100103;223.31;10;9991478756;S
20240401;100103;223.32;40;9991478757;B
20240401;100104;223.32;660;9991479077;B
20240401;100104;223.32;5410;9991479134;B
20240401;100106;223.31;770;9991479625;S
20240401;100106;223.31;230;9991479626;S
20240401;100106;223.32;10;9991479777;B
20240401;100106;223.32;20;9991479864;B
20240401;100107;223.32;1000;9991480114;B
20240401;100107;223.32;3370;9991480116;B
20240401;100110;223.31;20;9991481301;S
20240401;100111;223.32;10;9991481346;B
20240401;100112;223.31;10;9991481693;S
20240401;100112;223.32;4550;9991481694;B
20240401;100113;223.32;130;9991482352;B
20240401;100114;223.32;8790;9991482669;B
20240401;100114;223.33;20;9991482670;B
20240401;100114;223.34;40;9991482671;B
20240401;100114;223.34;30;9991482672;B
20240401;100114;223.34;10;9991482673;B
20240401;100114;223.34;10;9991482674;B
20240401;100114;223.34;10;9991482675;B
20240401;100114;223.34;30;9991482676;B
20240401;100114;223.34;40;9991482677;B
20240401;100114;223.35;20;9991482678;B
20240401;100114;223.37;10;9991482679;B
20240401;100114;223.39;20;9991482680;B
20240401;100114;223.4;10;9991482681;B
20240401;100114;223.4;50;9991482682;B
20240401;100114;223.4;30;9991482683;B
20240401;100114;223.4;10;9991482684;B
20240401;100115;223.45;20;9991482698;B
20240401;100115;223.47;50;9991482788;B
20240401;100115;223.47;240;9991482789;B
20240401;100115;223.48;500;9991482790;B
20240401;100115;223.48;10;9991482791;B
20240401;100115;223.49;90;9991482792;B
20240401;100115;223.49;10;9991483009;B
20240401;100115;223.49;100;9991483019;B
20240401;100115;223.49;4800;9991483053;B
20240401;100115;223.49;10;9991483054;B
20240401;100115;223.49;10;9991483055;B
20240401;100115;223.49;10;9991483056;B
20240401;100115;223.49;10;9991483057;B
20240401;100115;223.49;10;9991483058;B
20240401;100115;223.49;250;9991483059;B
20240401;100115;223.5;10;9991483060;B
20240401;100115;223.5;50;9991483061;B
20240401;100115;223.5;20;9991483062;B
20240401;100115;223.5;4820;9991483063;B
20240401;100115;223.5;20;9991483099;B
20240401;100115;223.5;30;9991483158;B
20240401;100115;223.48;10;9991483355;S
20240401;100115;223.5;10;9991483441;B
20240401;100115;223.5;10;9991483452;B
20240401;100115;223.48;240;9991483454;S
20240401;100115;223.47;800;9991483455;S
20240401;100115;223.45;560;9991483456;S
20240401;100115;223.41;60;9991483457;S
20240401;100115;223.41;70;9991483458;S
20240401;100115;223.35;10;9991483459;S
20240401;100115;223.35;470;9991483460;S
20240401;100115;223.34;1300;9991483461;S
20240401;100115;223.49;10;9991483478;B
20240401;100116;223.49;10;9991483486;B
20240401;100116;223.47;10;9991483559;B
20240401;100116;223.42;180;9991483608;S
20240401;100116;223.42;40;9991483659;S
20240401;100116;223.48;40;9991483683;B
20240401;100116;223.48;30;9991483757;B
20240401;100116;223.48;100;9991483767;B
20240401;100118;223.42;10;9991484421;S
20240401;100119;223.42;500;9991484678;S
20240401;100119;223.43;20;9991484848;B
20240401;100119;223.44;280;9991484849;B
20240401;100119;223.44;10;9991484856;B
20240401;100119;223.44;40;9991484985;B
20240401;100121;223.42;10;9991485678;S
20240401;100122;223.42;10;9991485879;S
20240401;100123;223.44;20;9991486129;B
20240401;100123;223.45;120;9991486130;B
20240401;100124;223.46;70;9991486784;B
20240401;100124;223.47;90;9991486785;B
20240401;100125;223.42;10;9991486933;S
20240401;100126;223.43;50;9991487335;B
20240401;100126;223.47;30;9991487547;B
20240401;100127;223.47;50;9991487793;B
20240401;100130;223.42;10;9991488612;S
20240401;100130;223.44;110;9991488643;B
20240401;100130;223.45;20;9991488644;B
20240401;100130;223.45;20;9991488645;B
20240401;100130;223.42;10;9991488843;S
20240401;100132;223.44;10;9991489562;S
20240401;100133;223.46;50;9991489690;B
20240401;100133;223.46;190;9991489838;B
20240401;100133;223.46;50;9991489839;B
20240401;100134;223.47;100;9991490025;B
20240401;100134;223.47;30;9991490026;B
20240401;100134;223.44;40;9991490298;S
20240401;100134;223.44;170;9991490299;S
20240401;100136;223.46;10;9991491310;B
20240401;100137;223.46;70;9991491494;B
20240401;100140;223.46;210;9991492681;S
20240401;100140;223.46;100;9991492682;S
20240401;100140;223.45;800;9991492683;S
20240401;100140;223.45;240;9991492684;S
20240401;100140;223.44;650;9991492685;S
20240401;100142;223.45;40;9991493264;B
20240401;100143;223.44;30;9991493718;S
20240401;100144;223.45;20;9991493851;B
20240401;100144;223.45;100;9991493852;B
20240401;100144;223.45;10;9991493853;B
20240401;100144;223.46;240;9991493854;B
20240401;100144;223.46;130;9991493855;B
20240401;100144;223.44;20;9991493859;S
20240401;100144;223.46;20;9991493911;B
20240401;100144;223.46;60;9991494046;B
20240401;100144;223.47;90;9991494047;B
20240401;100144;223.46;40;9991494063;B
20240401;100144;223.47;10;9991494064;B
20240401;100147;223.44;200;9991495078;S
20240401;100147;223.47;240;9991495360;B
20240401;100147;223.47;100;9991495364;B
20240401;100150;223.45;60;9991496225;S
20240401;100150;223.45;50;9991496244;S
20240401;100150;223.45;310;9991496287;B
20240401;100150;223.46;240;9991496288;B
20240401;100150;223.47;530;9991496289;B
20240401;100150;223.47;10;9991496290;B
20240401;100150;223.47;10;9991496291;B
20240401;100150;223.48;150;9991496292;B
20240401;100150;223.48;20;9991496293;B
20240401;100150;223.48;560;9991496294;B
20240401;100150;223.49;60;9991496295;B
20240401;100150;223.49;60;9991496296;B
20240401;100150;223.49;50;9991496297;B
20240401;100151;223.45;10;9991496432;S
20240401;100152;223.46;70;9991496657;S
20240401;100152;223.46;70;9991496658;S
20240401;100152;223.46;330;9991496739;S
20240401;100152;223.46;100;9991496740;S
20240401;100152;223.45;760;9991496741;S
20240401;100152;223.45;100;9991496742;S
20240401;100152;223.45;90;9991496743;S
20240401;100152;223.45;240;9991496744;S
20240401;100152;223.45;20;9991496745;S
20240401;100152;223.44;360;9991496746;S
20240401;100155;223.44;30;9991497695;S
20240401;100156;223.46;10;9991497971;B
20240401;100156;223.46;50;9991498000;B
20240401;100156;223.47;560;9991498079;B
20240401;100156;223.48;100;9991498080;B
20240401;100156;223.48;240;9991498081;B
20240401;100156;223.49;440;9991498082;B
20240401;100157;223.47;30;9991498429;S
20240401;100157;223.49;250;9991498442;B
20240401;100158;223.48;40;9991498813;S
20240401;100159;223.47;20;9991498954;S
20240401;100159;223.47;150;9991498980;S
20240401;100159;223.46;80;9991498981;S
20240401;100159;223.46;180;9991498982;S
20240401;100159;223.45;240;9991498983;S
20240401;100159;223.44;1040;9991498984;S
20240401;100159;223.44;10;9991498985;S
20240401;100159;223.44;250;9991498986;S
20240401;100159;223.44;20;9991498987;S
20240401;100159;223.41;10;9991498988;S
20240401;100159;223.41;20;9991498989;S
20240401;100159;223.42;80;9991499176;B
20240401;100200;223.42;40;9991499218;B
20240401;100200;223.42;550;9991499249;B
20240401;100200;223.42;10;9991499282;B
20240401;100200;223.42;20;9991499452;B
20240401;100202;223.4;10;9991500230;S
20240401;100202;223.41;10;9991500298;B
20240401;100202;223.4;10;9991500426;S
20240401;100203;223.4;30;9991500880;S
20240401;100203;223.4;800;9991500881;S
20240401;100203;223.39;70;9991500882;S
20240401;100203;223.39;240;9991500883;S
20240401;100203;223.36;250;9991500884;S
20240401;100203;223.36;60;9991500885;S
20240401;100203;223.35;160;9991500886;S
20240401;100203;223.34;90;9991500887;S
20240401;100203;223.33;560;9991500888;S
20240401;100203;223.32;100;9991500889;S
20240401;100203;223.32;500;9991500890;S
20240401;100203;223.32;1140;9991500891;S
20240401;100204;223.37;500;9991501118;B
20240401;100205;223.39;240;9991501399;B
20240401;100205;223.39;560;9991501400;B
20240401;100205;223.4;20;9991501401;B
20240401;100205;223.41;90;9991501402;B
20240401;100205;223.41;220;9991501403;B
20240401;100206;223.4;20;9991501514;B
20240401;100206;223.41;70;9991501668;B
20240401;100207;223.41;10;9991501793;B
20240401;100207;223.4;10;9991501910;S
20240401;100208;223.4;40;9991502149;B
20240401;100208;223.4;10;9991502150;B
20240401;100208;223.41;10;9991502151;B
20240401;100209;223.4;60;9991502336;B
20240401;100210;223.37;10;9991502679;S
20240401;100210;223.4;10;9991502881;B
20240401;100210;223.4;100;9991502884;B
20240401;100211;223.4;160;9991503002;B
20240401;100211;223.41;20;9991503209;B
20240401;100212;223.41;200;9991503633;B
20240401;100212;223.41;800;9991503634;B
20240401;100213;223.41;30;9991503652;B
20240401;100213;223.41;10;9991503714;B
20240401;100213;223.39;800;9991503951;S
20240401;100213;223.38;300;9991503952;S
20240401;100213;223.37;10;9991503953;S
20240401;100213;223.37;100;9991503954;S
20240401;100213;223.37;230;9991503955;S
20240401;100213;223.34;560;9991503956;S
20240401;100214;223.37;30;9991504334;B
20240401;100214;223.37;530;9991504541;B
20240401;100214;223.38;230;9991504542;B
20240401;100214;223.4;60;9991504543;B
20240401;100214;223.4;110;9991504544;B
20240401;100214;223.4;430;9991504545;B
20240401;100214;223.41;2140;9991504546;B
20240401;100215;223.41;10;9991504622;B
20240401;100215;223.44;10;9991504661;B
20240401;100216;223.36;10;9991505182;S
20240401;100217;223.44;90;9991505529;B
20240401;100217;223.45;20;9991505530;B
20240401;100217;223.45;70;9991505531;B
20240401;100217;223.46;10;9991505579;B
20240401;100218;223.46;10;9991505878;B
20240401;100218;223.46;190;9991505879;B
20240401;100218;223.47;240;9991505880;B
20240401;100220;223.43;10;9991506443;S
20240401;100222;223.44;20;9991506858;S
20240401;100223;223.44;10;9991507113;S
20240401;100223;223.43;10;9991507114;S
20240401;100224;223.47;10;9991507447;B
20240401;100224;223.44;30;9991507479;S
20240401;100224;223.47;250;9991507527;B
20240401;100225;223.44;20;9991507712;S
20240401;100225;223.47;10;9991507757;B
20240401;100225;223.47;10;9991507831;B
20240401;100228;223.47;10;9991508486;B
20240401;100229;223.44;10;9991508849;S
20240401;100229;223.47;10;9991509004;B
20240401;100229;223.47;10;9991509116;B
20240401;100231;223.44;10;9991509588;S
20240401;100231;223.44;90;9991509614;S
20240401;100231;223.44;200;9991509615;S
20240401;100231;223.44;800;9991509616;S
20240401;100231;223.44;230;9991509617;S
20240401;100231;223.4;10;9991509619;S
20240401;100233;223.37;110;9991510130;S
20240401;100233;223.37;50;9991510131;S
20240401;100233;223.35;190;9991510132;S
20240401;100233;223.34;70;9991510133;S
20240401;100233;223.34;70;9991510134;S
20240401;100233;223.34;10;9991510135;S
20240401;100233;223.41;230;9991510188;B
20240401;100233;223.41;560;9991510189;B
20240401;100233;223.42;1010;9991510190;B
20240401;100234;223.42;270;9991510513;B
20240401;100234;223.42;90;9991510514;B
20240401;100234;223.43;230;9991510515;B
20240401;100234;223.44;190;9991510516;B
20240401;100234;223.45;560;9991510517;B
20240401;100234;223.45;100;9991510518;B
20240401;100234;223.45;70;9991510519;B
20240401;100234;223.47;450;9991510520;B
20240401;100234;223.47;40;9991510521;B
20240401;100234;223.47;80;9991510643;B
20240401;100237;223.47;10;9991511351;B
20240401;100237;223.41;110;9991511458;S
20240401;100238;223.47;50;9991511677;B
20240401;100238;223.47;10;9991511765;B
20240401;100238;223.48;10;9991511826;B
20240401;100239;223.47;150;9991512142;B
20240401;100239;223.47;10;9991512143;B
20240401;100239;223.47;10;9991512382;B
20240401;100240;223.47;80;9991512661;B
20240401;100240;223.47;70;9991512662;B
20240401;100240;223.47;10;9991512880;S
20240401;100240;223.47;10;9991512910;S
20240401;100241;223.48;230;9991513028;B
20240401;100241;223.47;50;9991513126;S
20240401;100241;223.43;230;9991513127;S
20240401;100241;223.42;440;9991513128;S
20240401;100241;223.41;280;9991513129;S
20240401;100242;223.45;10;9991513558;B
20240401;100243;223.45;120;9991513791;B
20240401;100243;223.46;560;9991513792;B
20240401;100243;223.46;230;9991513793;B
20240401;100243;223.46;10;9991513794;B
20240401;100243;223.48;2860;9991513795;B
20240401;100244;223.46;10;9991514126;B
20240401;100244;223.49;90;9991514127;B
20240401;100245;223.49;170;9991514319;B
20240401;100245;223.49;10;9991514320;B
20240401;100245;223.5;300;9991514321;B
20240401;100245;223.5;1630;9991514361;B
20240401;100248;223.5;10;9991515112;B
20240401;100248;223.5;10;9991515351;B
20240401;100249;223.47;290;9991515640;S
20240401;100249;223.46;230;9991515641;S
20240401;100249;223.46;480;9991515642;S
20240401;100250;223.49;200;9991516167;B
20240401;100251;223.5;660;9991516426;B
20240401;100251;223.5;140;9991516427;B
20240401;100252;223.5;10;9991516730;B
20240401;100254;223.5;10;9991517414;B
20240401;100255;223.46;10;9991517552;S
20240401;100257;223.46;20;9991518128;S
20240401;100257;223.5;100;9991518131;B
20240401;100257;223.5;30;9991518266;B
20240401;100300;223.5;5710;9991519118;B
20240401;100300;223.5;20;9991519119;B
20240401;100300;223.5;10000;9991519120;B
20240401;100300;223.5;10;9991519121;B
20240401;100300;223.5;10;9991519122;B
20240401;100300;223.5;10;9991519123;B
20240401;100300;223.5;50;9991519124;B
20240401;100300;223.51;25000;9991519125;B
20240401;100300;223.51;230;9991519126;B
20240401;100300;223.52;800;9991519127;B
20240401;100300;223.55;610;9991519128;B
20240401;100300;223.55;3390;9991519129;B
20240401;100300;223.57;50;9991519130;B
20240401;100300;223.59;40;9991519131;B
20240401;100300;223.6;70;9991519132;B
20240401;100300;223.6;560;9991519133;B
20240401;100300;223.6;240;9991519134;B
20240401;100300;223.6;10;9991519135;B
20240401;100300;223.6;100;9991519136;B
20240401;100300;223.62;10;9991519137;B
20240401;100300;223.62;10;9991519138;B
20240401;100300;223.64;10;9991519139;B
20240401;100300;223.65;20;9991519140;B
20240401;100300;223.65;20;9991519141;B
20240401;100300;223.66;200;9991519171;B
20240401;100300;223.68;100;9991519172;B
20240401;100300;223.69;30;9991519173;B
20240401;100300;223.7;340;9991519174;B
20240401;100300;223.71;10;9991519175;B
20240401;100300;223.72;10;9991519176;B
20240401;100300;223.72;230;9991519177;B
20240401;100300;223.73;20;9991519178;B
20240401;100300;223.73;20;9991519179;B
20240401;100300;223.73;10;9991519180;B
20240401;100300;223.73;30;9991519181;B
20240401;100300;223.74;10;9991519182;B
20240401;100300;223.75;10;9991519265;B
20240401;100300;223.76;60;9991519266;B
20240401;100300;223.78;10;9991519267;B
20240401;100300;223.78;60;9991519268;B
20240401;100300;223.8;10;9991519269;B
20240401;100300;223.8;10;9991519270;B
20240401;100300;223.8;10;9991519271;B
20240401;100300;223.83;70;9991519272;B
20240401;100300;223.75;80;9991519295;S
20240401;100300;223.75;10;9991519392;S
20240401;100300;223.81;290;9991519399;S
20240401;100300;223.8;30;9991519400;S
20240401;100300;223.87;10;9991519436;B
20240401;100300;223.87;10;9991519438;B
20240401;100300;223.87;10;9991519441;B
20240401;100300;223.87;10;9991519447;B
20240401;100300;223.87;10;9991519462;B
20240401;100300;223.8;10;9991519463;S
20240401;100300;223.87;10;9991519468;B
20240401;100301;223.87;10;9991519473;B
20240401;100301;223.87;10;9991519477;B
20240401;100301;223.87;10;9991519478;B
20240401;100301;223.87;10;9991519480;B
20240401;100301;223.87;10;9991519494;B
20240401;100301;223.8;420;9991519587;S
20240401;100301;223.8;230;9991519588;S
20240401;100301;223.72;20;9991519607;S
20240401;100301;223.86;90;9991519608;B
20240401;100301;223.86;60;9991519609;B
20240401;100301;223.72;30;9991519635;S
20240401;100301;223.72;130;9991519636;S
20240401;100301;223.71;40;9991519637;S
20240401;100301;223.71;50;9991519639;S
20240401;100301;223.71;50;9991519640;S
20240401;100301;223.71;10;9991519708;S
20240401;100301;223.68;20;9991519711;S
20240401;100301;223.79;10;9991519733;B
20240401;100301;223.69;100;9991519736;S
20240401;100302;223.79;10;9991519769;B
20240401;100302;223.84;20;9991519774;B
20240401;100302;223.69;50;9991519855;S
20240401;100302;223.68;30;9991519856;S
20240401;100303;223.84;10;9991520120;B
20240401;100303;223.69;30;9991520185;S
20240401;100303;223.68;60;9991520186;S
20240401;100303;223.7;10;9991520253;S
20240401;100303;223.7;10;9991520268;S
20240401;100303;223.7;10;9991520272;S
20240401;100303;223.69;10;9991520286;S
20240401;100304;223.71;20;9991520545;S
20240401;100305;223.78;10;9991520649;S
20240401;100305;223.78;10;9991520650;S
20240401;100305;223.68;10;9991520694;S
20240401;100306;223.79;30;9991521227;B
20240401;100307;223.74;20;9991521257;S
20240401;100307;223.74;10;9991521461;S
20240401;100308;223.74;190;9991521632;S
20240401;100309;223.75;10;9991521903;B
20240401;100309;223.69;10;9991521981;S
20240401;100309;223.68;20;9991521982;S
20240401;100310;223.75;10;9991522117;B
20240401;100310;223.67;100;9991522175;B
20240401;100310;223.75;10;9991522178;B
20240401;100310;223.67;10;9991522236;S
20240401;100311;223.75;10;9991522377;B
20240401;100311;223.75;60;9991522419;B
20240401;100311;223.76;440;9991522420;B
20240401;100312;223.8;270;9991522603;B
20240401;100312;223.84;10;9991522604;B
20240401;100312;223.84;220;9991522605;B
20240401;100312;223.85;110;9991522606;B
20240401;100312;223.86;10;9991522607;B
20240401;100312;223.87;10;9991522608;B
20240401;100312;223.87;560;9991522609;B
20240401;100312;223.88;20;9991522610;B
20240401;100312;223.88;10;9991522611;B
20240401;100312;223.89;400;9991522612;B
20240401;100312;223.9;30;9991522613;B
20240401;100312;223.9;10;9991522614;B
20240401;100312;223.91;340;9991522615;B
20240401;100312;223.91;30;9991522618;B
20240401;100312;223.77;80;9991522689;S
20240401;100312;223.77;70;9991522690;S
20240401;100312;223.74;30;9991522692;S
20240401;100312;223.74;30;9991522886;S
20240401;100313;223.9;10;9991522909;B
20240401;100313;223.9;10;9991522962;B
20240401;100313;223.9;190;9991523023;B
20240401;100313;223.9;10;9991523024;B
20240401;100313;223.9;10;9991523173;B
20240401;100313;223.9;50;9991523174;B
20240401;100313;223.91;30;9991523175;B
20240401;100313;223.91;50;9991523219;B
20240401;100313;223.91;50;9991523220;B
20240401;100313;223.91;30;9991523240;B
20240401;100313;223.91;260;9991523241;B
20240401;100313;223.92;280;9991523242;B
20240401;100314;223.92;10;9991523263;B
20240401;100314;223.92;20;9991523431;B
20240401;100315;223.92;1790;9991523584;B
20240401;100315;223.92;210;9991523585;B
20240401;100315;223.78;70;9991523620;S
20240401;100315;223.78;90;9991523621;S
20240401;100315;223.77;210;9991523622;S
20240401;100315;223.77;560;9991523623;S
20240401;100315;223.76;400;9991523624;S
20240401;100315;223.67;90;9991523625;S
20240401;100315;223.67;800;9991523626;S
20240401;100315;223.66;10;9991523628;B
20240401;100315;223.66;1800;9991523629;B
20240401;100315;223.66;5270;9991523630;B
20240401;100315;223.66;780;9991523631;B
20240401;100315;223.66;6000;9991523635;B
20240401;100315;223.65;20;9991523696;S
20240401;100316;223.65;10;9991523869;S
20240401;100316;223.65;530;9991523870;S
20240401;100316;223.66;10;9991523949;B
20240401;100316;223.66;50;9991524036;B
20240401;100317;223.62;10;9991524182;S
20240401;100317;223.66;100;9991524235;B
20240401;100317;223.66;500;9991524378;B
20240401;100318;223.66;10;9991524565;B
20240401;100318;223.66;50;9991524622;B
20240401;100319;223.66;80;9991524837;B
20240401;100319;223.66;100;9991525067;B
20240401;100319;223.64;10;9991525085;S
20240401;100319;223.66;80;9991525109;B
20240401;100320;223.64;30;9991525176;S
20240401;100320;223.66;10;9991525181;B
20240401;100321;223.64;20;9991525455;S
20240401;100321;223.65;10;9991525572;B
20240401;100322;223.65;10;9991525782;B
20240401;100322;223.65;10;9991525870;B
20240401;100323;223.65;40;9991526096;B
20240401;100323;223.66;120;9991526097;B
20240401;100324;223.66;300;9991526231;B
20240401;100324;223.66;290;9991526242;B
20240401;100324;223.66;50;9991526243;B
20240401;100324;223.66;490;9991526284;B
20240401;100326;223.66;300;9991527006;B
20240401;100330;223.65;40;9991528307;S
20240401;100330;223.65;120;9991528308;S
20240401;100330;223.64;30;9991528309;S
20240401;100330;223.63;210;9991528310;S
20240401;100330;223.62;400;9991528311;S
20240401;100330;223.66;10;9991528499;B
20240401;100330;223.66;600;9991528539;B
20240401;100331;223.66;1600;9991528751;B
20240401;100332;223.66;10;9991529199;B
20240401;100332;223.66;20;9991529317;B
20240401;100333;223.66;3290;9991529535;B
20240401;100333;223.66;100;9991529536;B
20240401;100333;223.66;130;9991529629;B
20240401;100334;223.66;330;9991529717;B
20240401;100334;223.66;10;9991529924;B
20240401;100334;223.66;30;9991529945;B
20240401;100335;223.66;10;9991530015;B
20240401;100335;223.66;40;9991530171;B
20240401;100336;223.66;10;9991530513;B
20240401;100337;223.66;500;9991530666;B
20240401;100337;223.66;350;9991530806;B
20240401;100338;223.66;200;9991530956;B
20240401;100338;223.66;200;9991531066;B
20240401;100339;223.66;10000;9991531172;B
20240401;100339;223.66;90;9991531340;B
20240401;100340;223.65;10;9991531480;S
20240401;100340;223.65;50;9991531563;S
20240401;100341;223.66;10;9991532038;B
20240401;100343;223.65;380;9991532625;S
20240401;100343;223.65;560;9991532626;S
20240401;100343;223.65;60;9991532627;S
20240401;100343;223.64;210;9991532628;S
20240401;100343;223.62;100;9991532629;S
20240401;100343;223.6;40;9991532630;S
20240401;100343;223.58;100;9991532631;S
20240401;100343;223.57;10;9991532632;S
20240401;100343;223.65;10;9991532650;B
20240401;100343;223.65;10;9991532651;B
20240401;100345;223.6;80;9991533272;S
20240401;100347;223.65;100;9991533771;B
20240401;100347;223.65;480;9991533772;B
20240401;100347;223.65;150;9991533773;B
20240401;100349;223.65;270;9991534304;B
20240401;100350;223.65;20;9991534644;B
20240401;100351;223.65;10;9991534897;B
20240401;100351;223.65;50;9991534898;B
20240401;100351;223.65;500;9991534911;B
20240401;100351;223.65;200;9991534912;B
20240401;100352;223.62;80;9991535078;S
20240401;100352;223.66;5000;9991535245;B
20240401;100353;223.63;10;9991535607;S
20240401;100355;223.66;30;9991536039;B
20240401;100358;223.65;20;9991537109;S
20240401;100358;223.65;80;9991537110;S
20240401;100358;223.66;3350;9991537180;B
20240401;100358;223.66;340;9991537181;B
20240401;100400;223.66;10;9991537564;B
20240401;100401;223.65;10;9991537864;B
20240401;100401;223.65;240;9991537913;B
20240401;100401;223.66;60;9991537914;B
20240401;100401;223.65;120;9991537997;B
20240401;100401;223.66;30;9991537998;B
20240401;100401;223.65;60;9991538054;B
20240401;100401;223.66;1440;9991538055;B
20240401;100401;223.62;560;9991538060;S
20240401;100401;223.62;230;9991538061;S
20240401;100401;223.6;30;9991538062;S
20240401;100401;223.6;500;9991538063;S
20240401;100401;223.57;60;9991538064;S
20240401;100401;223.57;10;9991538065;S
20240401;100401;223.56;10;9991538066;S
20240401;100401;223.54;100;9991538067;S
20240401;100401;223.54;450;9991538068;S
20240401;100401;223.53;50;9991538069;S
20240401;100402;223.57;100;9991538154;S
20240401;100402;223.56;400;9991538155;S
20240401;100402;223.63;40;9991538162;B
20240401;100402;223.55;20;9991538178;S
20240401;100402;223.64;250;9991538197;B
20240401;100402;223.57;20;9991538236;S
20240401;100403;223.65;120;9991538503;B
20240401;100403;223.65;30;9991538504;B
20240401;100404;223.57;220;9991538807;S
20240401;100404;223.57;120;9991538808;S
20240401;100404;223.57;560;9991538809;S
20240401;100404;223.56;230;9991538810;S
20240401;100404;223.54;90;9991538811;S
20240401;100404;223.53;10;9991538812;S
20240401;100404;223.53;290;9991538813;S
20240401;100404;223.62;560;9991538926;B
20240401;100404;223.62;110;9991538927;B
20240401;100404;223.62;80;9991538928;B
20240401;100404;223.63;120;9991538929;B
20240401;100406;223.63;10;9991539363;B
20240401;100408;223.63;100;9991540023;B
20240401;100408;223.62;10;9991540143;S
20240401;100409;223.64;20;9991540354;B
20240401;100409;223.64;180;9991540355;B
20240401;100409;223.65;10;9991540376;B
20240401;100409;223.62;50;9991540560;S
20240401;100411;223.62;110;9991541336;S
20240401;100411;223.59;120;9991541337;S
20240401;100411;223.58;230;9991541338;S
20240401;100411;223.57;110;9991541339;S
20240401;100411;223.57;10;9991541340;S
20240401;100411;223.57;380;9991541341;B
20240401;100411;223.57;240;9991541514;B
20240401;100412;223.57;500;9991541844;B
20240401;100413;223.54;10;9991542064;S
20240401;100413;223.56;10;9991542412;B
20240401;100414;223.56;50;9991542560;B
20240401;100414;223.56;40;9991542713;B
20240401;100414;223.57;10;9991542714;B
20240401;100416;223.57;10;9991543196;B
20240401;100417;223.54;200;9991543581;S
20240401;100417;223.57;690;9991543779;B
20240401;100418;223.57;150;9991543946;B
20240401;100419;223.57;100;9991544362;B
20240401;100419;223.57;340;9991544410;B
20240401;100419;223.57;230;9991544411;B
20240401;100419;223.58;10;9991544412;B
20240401;100419;223.59;130;9991544413;B
20240401;100420;223.65;10;9991544753;B
20240401;100420;223.65;190;9991544754;B
20240401;100421;223.65;80;9991544937;B
20240401;100423;223.59;10;9991545836;S
20240401;100425;223.65;230;9991546223;B
20240401;100426;223.65;50;9991546537;B
20240401;100427;223.65;30;9991546890;B
20240401;100428;223.65;30;9991547285;B
20240401;100428;223.59;560;9991547287;S
20240401;100428;223.59;230;9991547288;S
20240401;100428;223.57;30;9991547289;S
20240401;100428;223.57;20;9991547290;S
20240401;100428;223.57;100;9991547291;S
20240401;100428;223.57;180;9991547292;S
20240401;100428;223.55;60;9991547293;S
20240401;100428;223.54;80;9991547294;S
20240401;100428;223.54;1390;9991547295;S
20240401;100428;223.53;400;9991547296;S
20240401;100428;223.52;4090;9991547297;S
20240401;100428;223.52;800;9991547298;S
20240401;100428;223.52;60;9991547299;S
20240401;100429;223.62;10;9991547569;B
20240401;100430;223.64;80;9991547965;B
20240401;100430;223.57;50;9991548185;S
20240401;100431;223.64;10;9991548772;B
20240401;100431;223.64;80;9991548898;B
20240401;100433;223.64;160;9991549871;B
20240401;100435;223.64;10;9991550298;B
20240401;100435;223.6;20;9991550312;S
20240401;100435;223.64;80;9991550339;B
20240401;100435;223.64;200;9991550388;B
20240401;100436;223.64;80;9991550731;B
20240401;100437;223.64;30;9991550785;B
20240401;100437;223.64;30;9991550922;B
20240401;100437;223.64;70;9991550973;B
20240401;100437;223.65;90;9991550974;B
20240401;100437;223.65;20;9991551014;B
20240401;100438;223.65;10;9991551240;B
20240401;100438;223.65;300;9991551280;B
20240401;100439;223.65;10;9991551497;B
20240401;100439;223.65;200;9991551661;B
20240401;100440;223.65;10;9991551764;B
20240401;100441;223.65;10;9991552238;B
20240401;100441;223.65;230;9991552305;B
20240401;100442;223.65;30;9991552363;B
20240401;100442;223.65;70;9991552370;B
20240401;100442;223.63;20;9991552419;S
20240401;100442;223.63;160;9991552420;S
20240401;100442;223.62;10;9991552421;S
20240401;100442;223.62;560;9991552422;S
20240401;100442;223.6;20;9991552423;S
20240401;100442;223.59;1000;9991552424;S
20240401;100442;223.58;400;9991552425;S
20240401;100442;223.57;2950;9991552426;S
20240401;100442;223.57;4030;9991552427;S
20240401;100442;223.54;10;9991552428;S
20240401;100442;223.53;500;9991552429;S
20240401;100442;223.53;220;9991552430;S
20240401;100442;223.52;9310;9991552431;S
20240401;100442;223.52;800;9991552432;S
20240401;100442;223.52;10;9991552433;S
20240401;100443;223.56;10;9991552853;B
20240401;100443;223.56;10;9991552860;B
20240401;100443;223.56;450;9991552949;B
20240401;100443;223.57;150;9991552950;B
20240401;100444;223.59;160;9991553013;B
20240401;100444;223.59;20;9991553067;B
20240401;100444;223.59;50;9991553163;B
20240401;100444;223.6;100;9991553164;B
20240401;100444;223.6;40;9991553165;B
20240401;100444;223.59;80;9991553167;B
20240401;100445;223.61;20;9991553483;B
20240401;100445;223.61;200;9991553515;B
20240401;100445;223.62;80;9991553516;B
20240401;100445;223.63;10;9991553517;B
20240401;100445;223.62;10;9991553588;B
20240401;100447;223.62;30;9991554257;B
20240401;100447;223.63;80;9991554258;B
20240401;100447;223.63;20;9991554407;B
20240401;100447;223.63;10;9991554408;B
20240401;100447;223.63;10;9991554429;B
20240401;100447;223.64;10;9991554709;B
20240401;100448;223.56;460;9991554879;S
20240401;100448;223.56;20;9991554880;S
20240401;100448;223.56;160;9991554881;S
20240401;100448;223.55;550;9991554882;S
20240401;100448;223.55;40;9991554883;S
20240401;100448;223.55;60;9991554884;S
20240401;100448;223.54;90;9991554885;S
20240401;100448;223.54;560;9991554886;S
20240401;100448;223.53;290;9991554887;S
20240401;100448;223.62;10;9991554928;B
20240401;100448;223.62;10;9991554937;B
20240401;100448;223.62;80;9991555043;B
20240401;100449;223.54;200;9991555615;S
20240401;100450;223.62;20;9991555947;B
20240401;100450;223.62;10;9991556084;B
20240401;100451;223.62;80;9991556279;B
20240401;100451;223.62;50;9991556314;B
20240401;100451;223.62;40;9991556425;B
20240401;100452;223.62;30;9991556624;B
20240401;100453;223.54;30;9991556837;S
20240401;100453;223.54;10;9991556838;S
20240401;100453;223.53;240;9991556839;S
20240401;100453;223.53;120;9991556840;B
20240401;100453;223.53;10;9991556980;B
20240401;100454;223.53;10;9991557247;B
20240401;100455;223.53;10;9991557640;B
20240401;100455;223.53;30;9991557753;B
20240401;100456;223.53;10;9991558059;B
20240401;100456;223.52;10;9991558063;S
20240401;100457;223.53;2030;9991558158;B
20240401;100457;223.54;220;9991558159;B
20240401;100457;223.56;10;9991558160;B
20240401;100457;223.59;520;9991558161;B
20240401;100457;223.55;560;9991558175;S
20240401;100457;223.53;230;9991558176;S
20240401;100457;223.52;1200;9991558177;S
20240401;100457;223.52;10;9991558178;S
20240401;100457;223.62;20;9991558320;B
20240401;100457;223.63;90;9991558321;B
20240401;100457;223.63;120;9991558322;B
20240401;100457;223.63;770;9991558323;S
20240401;100458;223.62;50;9991558456;B
20240401;100458;223.61;160;9991558458;B
20240401;100458;223.62;80;9991558580;B
20240401;100459;223.62;140;9991558801;B
20240401;100500;223.63;80;9991559157;B
20240401;100500;223.63;150;9991559225;B
20240401;100500;223.61;80;9991559281;S
20240401;100500;223.61;210;9991559315;S
20240401;100500;223.57;50;9991559316;S
20240401;100500;223.56;100;9991559317;S
20240401;100500;223.54;120;9991559318;S
20240401;100500;223.53;90;9991559319;S
20240401;100500;223.53;120;9991559320;S
20240401;100500;223.52;3750;9991559321;S
20240401;100500;223.52;560;9991559322;S
20240401;100502;223.52;10;9991559726;S
20240401;100503;223.6;50;9991560094;B
20240401;100503;223.53;60;9991560152;S
20240401;100503;223.52;30;9991560153;S
20240401;100503;223.6;70;9991560387;B
20240401;100504;223.62;80;9991560512;B
20240401;100504;223.62;200;9991560660;B
20240401;100504;223.6;180;9991560678;S
20240401;100504;223.53;30;9991560722;S
20240401;100505;223.53;70;9991561037;B
20240401;100505;223.59;10;9991561043;B
20240401;100506;223.59;20;9991561201;B
20240401;100506;223.54;10;9991561254;S
20240401;100506;223.53;70;9991561255;S
20240401;100506;223.54;10;9991561353;S
20240401;100506;223.53;490;9991561354;S
20240401;100507;223.59;100;9991561562;B
20240401;100508;223.59;170;9991561789;B
20240401;100508;223.6;20;9991561790;B
20240401;100508;223.61;10;9991561791;B
20240401;100508;223.54;60;9991561895;S
20240401;100508;223.54;10;9991561896;S
20240401;100508;223.53;190;9991561897;S
20240401;100508;223.53;740;9991561898;S
20240401;100508;223.53;560;9991561899;S
20240401;100508;223.53;210;9991561900;S
20240401;100508;223.53;70;9991561901;S
20240401;100508;223.52;3110;9991561902;S
20240401;100508;223.52;50;9991561903;S
20240401;100508;223.59;10;9991561937;B
20240401;100509;223.53;20;9991562248;S
20240401;100509;223.53;10;9991562335;S
20240401;100510;223.53;10;9991562554;S
20240401;100512;223.53;10;9991563149;S
20240401;100513;223.54;10;9991563367;S
20240401;100514;223.53;10;9991563729;S
20240401;100514;223.53;10;9991563744;S
20240401;100514;223.53;10;9991563836;S
20240401;100514;223.53;20;9991563837;S
20240401;100515;223.57;270;9991564075;B
20240401;100516;223.57;80;9991564572;B
20240401;100517;223.53;40;9991564819;S
20240401;100517;223.53;60;9991564820;S
20240401;100519;223.58;50;9991565214;B
20240401;100519;223.58;170;9991565226;B
20240401;100519;223.57;10;9991565363;S
20240401;100519;223.55;10;9991565395;B
20240401;100520;223.53;150;9991565531;S
20240401;100520;223.53;50;9991565532;S
20240401;100520;223.58;10;9991565543;B
20240401;100520;223.58;60;9991565564;B
20240401;100520;223.6;20;9991565565;B
20240401;100520;223.53;80;9991565724;S
20240401;100520;223.52;2450;9991565725;S
20240401;100520;223.52;560;9991565726;S
20240401;100520;223.52;40;9991565727;S
20240401;100521;223.53;200;9991565954;B
20240401;100521;223.54;40;9991565977;S
20240401;100521;223.53;20;9991565978;S
20240401;100522;223.57;10;9991566034;B
20240401;100522;223.6;40;9991566035;B
20240401;100522;223.6;10;9991566102;B
20240401;100522;223.6;100;9991566261;B
20240401;100523;223.6;100;9991566377;B
20240401;100523;223.61;100;9991566378;B
20240401;100523;223.61;200;9991566379;B
20240401;100523;223.62;100;9991566380;B
20240401;100523;223.62;20;9991566381;B
20240401;100523;223.62;560;9991566382;B
20240401;100523;223.63;100;9991566383;B
20240401;100523;223.63;100;9991566384;B
20240401;100523;223.64;10;9991566385;B
20240401;100523;223.64;950;9991566386;B
20240401;100525;223.65;20;9991566968;B
20240401;100525;223.65;10;9991566969;B
20240401;100525;223.65;40;9991566970;B
20240401;100525;223.65;50;9991566971;B
20240401;100525;223.65;380;9991566972;B
20240401;100525;223.64;80;9991567203;B
20240401;100525;223.64;10;9991567257;B
20240401;100527;223.58;10;9991567902;S
20240401;100529;223.62;80;9991568360;B
20240401;100530;223.62;10;9991568627;B
20240401;100531;223.62;60;9991568884;B
20240401;100533;223.63;10;9991569283;B
20240401;100534;223.63;70;9991569869;B
20240401;100536;223.63;240;9991570250;B
20240401;100537;223.63;10;9991570549;B
20240401;100537;223.6;10;9991570584;S
20240401;100538;223.63;120;9991571117;B
20240401;100539;223.63;50;9991571460;B
20240401;100539;223.63;200;9991571461;B
20240401;100541;223.64;10;9991571968;B
20240401;100542;223.64;20;9991572268;B
20240401;100542;223.64;30;9991572269;B
20240401;100542;223.64;30;9991572270;B
20240401;100543;223.64;450;9991572519;B
20240401;100543;223.63;10;9991572779;S
20240401;100544;223.63;10;9991572953;S
20240401;100544;223.64;60;9991573132;B
20240401;100547;223.64;20;9991574107;B
20240401;100547;223.64;200;9991574108;B
20240401;100547;223.65;10;9991574109;B
20240401;100547;223.65;20;9991574110;B
20240401;100548;223.65;30;9991574466;B
20240401;100549;223.65;320;9991574648;B
20240401;100549;223.65;100;9991574711;B
20240401;100549;223.64;30;9991574868;S
20240401;100550;223.64;100;9991574937;S
20240401;100550;223.63;630;9991574938;S
20240401;100550;223.63;30;9991574939;S
20240401;100550;223.62;200;9991574940;S
20240401;100550;223.61;150;9991574941;S
20240401;100550;223.64;20;9991574982;B
20240401;100551;223.63;100;9991575371;S
20240401;100552;223.63;30;9991575574;S
20240401;100554;223.63;30;9991576274;S
20240401;100554;223.6;30;9991576275;S
20240401;100554;223.59;140;9991576276;S
20240401;100554;223.64;130;9991576530;B
20240401;100556;223.64;360;9991577240;B
20240401;100556;223.64;100;9991577241;B
20240401;100556;223.65;240;9991577242;B
20240401;100556;223.65;800;9991577280;B
20240401;100556;223.65;200;9991577281;B
20240401;100556;223.63;20;9991577332;S
20240401;100556;223.62;300;9991577333;S
20240401;100556;223.61;180;9991577334;S
20240401;100556;223.64;280;9991577351;B
20240401;100556;223.65;20;9991577352;B
20240401;100557;223.65;10;9991577547;B
20240401;100557;223.63;90;9991577589;S
20240401;100557;223.6;100;9991577590;S
20240401;100557;223.6;100;9991577591;S
20240401;100559;223.6;20;9991577911;B
20240401;100600;223.6;250;9991578128;B
20240401;100600;223.59;10;9991578179;S
20240401;100600;223.6;240;9991578242;B
20240401;100600;223.6;90;9991578406;B
20240401;100600;223.6;50;9991578407;B
20240401;100601;223.6;60;9991578579;B
20240401;100601;223.62;200;9991578580;B
20240401;100601;223.63;60;9991578581;B
20240401;100601;223.63;30;9991578582;B
20240401;100603;223.64;40;9991579164;B
20240401;100604;223.6;40;9991579642;S
20240401;100605;223.6;20;9991579722;S
20240401;100606;223.63;10;9991580179;B
20240401;100606;223.64;30;9991580180;B
20240401;100607;223.64;30;9991580527;B
20240401;100608;223.64;30;9991580559;B
20240401;100608;223.64;200;9991580560;B
20240401;100608;223.65;20;9991580561;B
20240401;100609;223.6;130;9991580928;S
20240401;100609;223.63;50;9991580980;S
20240401;100609;223.64;10;9991581022;B
20240401;100609;223.65;880;9991581023;B
20240401;100609;223.64;150;9991581026;B
20240401;100611;223.59;10;9991581515;S
20240401;100611;223.59;10;9991581516;S
20240401;100611;223.64;20;9991581524;B
20240401;100612;223.64;60;9991581631;B
20240401;100612;223.64;190;9991581632;B
20240401;100612;223.64;10;9991581636;B
20240401;100612;223.63;10;9991581661;B
20240401;100612;223.64;20;9991581702;B
20240401;100612;223.64;10;9991581788;B
20240401;100613;223.64;10;9991581907;B
20240401;100613;223.64;50;9991581925;B
20240401;100613;223.64;10;9991581965;B
20240401;100614;223.64;10;9991582143;B
20240401;100614;223.64;10;9991582298;B
20240401;100617;223.64;50;9991582942;B
20240401;100617;223.64;170;9991582943;B
20240401;100618;223.65;4500;9991583018;B
20240401;100618;223.63;200;9991583132;S
20240401;100619;223.62;350;9991583285;S
20240401;100619;223.61;200;9991583286;S
20240401;100619;223.6;30;9991583287;S
20240401;100619;223.6;250;9991583288;S
20240401;100619;223.6;560;9991583289;S
20240401;100619;223.59;610;9991583290;S
20240401;100619;223.64;300;9991583298;B
20240401;100619;223.64;50;9991583354;B
20240401;100620;223.59;10;9991583433;S
20240401;100620;223.61;100;9991583578;B
20240401;100622;223.6;50;9991584033;S
20240401;100623;223.6;190;9991584207;B
20240401;100623;223.61;110;9991584208;B
20240401;100623;223.61;170;9991584280;B
20240401;100624;223.62;10;9991584580;B
20240401;100626;223.62;10;9991585065;B
20240401;100627;223.6;450;9991585233;B
20240401;100627;223.6;50;9991585307;B
20240401;100627;223.61;150;9991585308;B
20240401;100627;223.62;50;9991585309;B
20240401;100627;223.62;50;9991585385;B
20240401;100628;223.62;30;9991585537;B
20240401;100628;223.62;40;9991585538;B
20240401;100628;223.63;180;9991585539;B
20240401;100631;223.62;20;9991586123;B
20240401;100631;223.62;20;9991586124;B
20240401;100631;223.62;20;9991586125;B
20240401;100631;223.6;100;9991586174;S
20240401;100631;223.63;2820;9991586176;B
20240401;100631;223.64;190;9991586177;B
20240401;100631;223.65;830;9991586178;B
20240401;100631;223.65;120;9991586179;B
20240401;100631;223.65;40;9991586180;B
20240401;100631;223.65;10;9991586213;B
20240401;100634;223.6;10;9991586864;S
20240401;100634;223.62;330;9991586891;B
20240401;100634;223.62;10;9991586978;B
20240401;100635;223.62;30;9991587179;B
20240401;100638;223.62;20;9991587853;B
20240401;100639;223.62;10;9991588133;B
20240401;100639;223.62;400;9991588172;B
20240401;100640;223.6;220;9991588489;S
20240401;100641;223.6;20;9991588592;S
20240401;100642;223.62;20;9991588898;B
20240401;100644;223.62;50;9991589373;B
20240401;100645;223.6;60;9991589751;S
20240401;100646;223.62;100;9991589909;B
20240401;100646;223.62;30;9991589996;B
20240401;100646;223.62;20;9991589997;B
20240401;100646;223.63;10;9991589998;B
20240401;100646;223.64;20;9991590118;B
20240401;100648;223.64;10;9991590563;B
20240401;100648;223.65;80;9991590564;B
20240401;100648;223.65;110;9991590630;B
20240401;100649;223.61;10;9991590888;S
20240401;100650;223.65;20;9991591130;B
20240401;100651;223.65;10;9991591336;B
20240401;100651;223.65;310;9991591403;B
20240401;100652;223.64;70;9991591527;B
20240401;100652;223.65;20;9991591528;B
20240401;100652;223.65;560;9991591651;B
20240401;100652;223.65;10;9991591652;B
20240401;100652;223.65;50;9991591653;B
20240401;100652;223.66;120;9991591654;B
20240401;100652;223.66;10;9991591655;B
20240401;100654;223.66;160;9991592140;B
20240401;100654;223.66;20;9991592164;B
20240401;100655;223.66;100;9991592403;B
20240401;100657;223.65;30;9991593132;B
20240401;100657;223.66;420;9991593133;B
20240401;100700;223.63;220;9991594038;B
20240401;100704;223.65;10;9991594993;B
20240401;100704;223.66;20;9991594994;B
20240401;100705;223.66;10;9991595497;B
20240401;100705;223.66;120;9991595505;B
20240401;100708;223.65;260;9991596450;S
20240401;100711;223.64;130;9991597204;S
20240401;100711;223.64;10;9991597205;S
20240401;100712;223.65;30;9991597333;B
20240401;100713;223.65;10;9991597658;B
20240401;100714;223.65;10;9991598025;B
20240401;100716;223.65;190;9991598419;B
20240401;100716;223.66;810;9991598420;B
20240401;100716;223.64;60;9991598428;S
20240401;100718;223.66;10;9991598780;B
20240401;100718;223.65;10;9991598871;S
20240401;100719;223.66;20;9991599099;B
20240401;100719;223.66;1500;9991599150;B
20240401;100719;223.66;200;9991599181;B
20240401;100721;223.66;10;9991599502;B
20240401;100723;223.66;50;9991600066;B
20240401;100723;223.66;1000;9991600102;B
20240401;100725;223.66;30;9991600544;B
20240401;100725;223.66;160;9991600634;B
20240401;100725;223.65;30;9991600647;S
20240401;100725;223.65;20;9991600648;S
20240401;100726;223.65;140;9991600681;S
20240401;100726;223.66;10;9991600687;B
20240401;100726;223.66;1000;9991600756;B
20240401;100726;223.66;80;9991600899;B
20240401;100727;223.65;10;9991601010;S
20240401;100728;223.65;40;9991601141;S
20240401;100728;223.65;10;9991601144;S
20240401;100729;223.66;50;9991601573;B
20240401;100729;223.66;10;9991601619;B
20240401;100730;223.66;10;9991601886;B
20240401;100732;223.66;500;9991602351;B
20240401;100733;223.65;10;9991602678;S
20240401;100734;223.66;20;9991602925;B
20240401;100734;223.65;10;9991603008;S
20240401;100734;223.66;20;9991603018;B
20240401;100736;223.65;450;9991603407;S
20240401;100736;223.65;10;9991603408;S
20240401;100736;223.65;10;9991603409;S
20240401;100736;223.64;50;9991603410;S
20240401;100738;223.66;500;9991603801;B
20240401;100738;223.66;60;9991603852;B
20240401;100738;223.66;200;9991603924;B
20240401;100740;223.66;40;9991604224;B
20240401;100740;223.65;100;9991604227;S
20240401;100742;223.66;320;9991604659;B
20240401;100742;223.66;1000;9991604775;B
20240401;100742;223.66;50;9991604819;B
20240401;100743;223.66;50;9991604934;B
20240401;100743;223.65;600;9991605072;S
20240401;100743;223.65;10;9991605073;S
20240401;100743;223.65;90;9991605074;S
20240401;100743;223.65;200;9991605075;S
20240401;100743;223.64;560;9991605076;S
20240401;100743;223.64;100;9991605077;S
20240401;100743;223.63;70;9991605078;S
20240401;100743;223.63;1370;9991605079;S
20240401;100744;223.66;10;9991605278;B
20240401;100744;223.66;260;9991605330;B
20240401;100745;223.66;10;9991605454;B
20240401;100745;223.66;30;9991605524;B
20240401;100746;223.64;10;9991605672;S
20240401;100746;223.64;30;9991605673;S
20240401;100747;223.66;90;9991605842;B
20240401;100747;223.64;20;9991605881;S
20240401;100747;223.66;70;9991605882;B
20240401;100748;223.66;330;9991606172;B
20240401;100748;223.66;320;9991606219;B
20240401;100750;223.66;10;9991606602;B
20240401;100750;223.66;30;9991606766;B
20240401;100751;223.66;500;9991606833;B
20240401;100752;223.65;20;9991607145;S
20240401;100754;223.65;10;9991607673;B
20240401;100755;223.64;200;9991608092;S
20240401;100756;223.65;20;9991608123;B
20240401;100756;223.65;1000;9991608124;B
20240401;100756;223.66;2930;9991608125;B
20240401;100756;223.66;20;9991608126;B
20240401;100756;223.66;50;9991608127;B
20240401;100756;223.66;1000;9991608128;B
20240401;100756;223.66;10;9991608129;B
20240401;100756;223.66;100;9991608130;B
20240401;100756;223.66;200;9991608131;B
20240401;100757;223.66;500;9991608560;B
20240401;100758;223.64;10;9991608623;S
20240401;100759;223.65;200;9991608768;S
20240401;100759;223.64;250;9991608769;S
20240401;100759;223.64;50;9991608770;S
20240401;100759;223.64;10;9991608771;S
20240401;100759;223.66;10;9991608780;B
20240401;100759;223.64;100;9991608868;S
20240401;100759;223.64;10;9991608885;S
20240401;100759;223.64;30;9991608911;S
20240401;100759;223.64;800;9991608912;S
20240401;100800;223.64;170;9991609065;B
20240401;100800;223.66;30;9991609106;B
20240401;100800;223.64;30;9991609227;S
20240401;100800;223.64;100;9991609255;B
20240401;100801;223.64;10;9991609291;B
20240401;100801;223.63;20;9991609524;S
20240401;100802;223.64;150;9991609568;B
20240401;100802;223.63;210;9991609623;S
20240401;100802;223.63;240;9991609624;S
20240401;100802;223.64;10;9991609830;B
20240401;100803;223.64;90;9991609839;B
20240401;100804;223.64;10;9991610225;B
20240401;100805;223.64;30;9991610622;B
20240401;100805;223.64;70;9991610624;B
20240401;100805;223.65;20;9991610625;B
20240401;100805;223.65;200;9991610626;B
20240401;100805;223.66;110;9991610627;B
20240401;100807;223.66;10;9991611085;B
20240401;100807;223.66;620;9991611108;B
20240401;100807;223.66;150;9991611109;B
20240401;100807;223.66;30;9991611110;B
20240401;100807;223.68;50;9991611114;B
20240401;100807;223.68;950;9991611115;B
20240401;100807;223.67;10;9991611138;S
20240401;100810;223.68;190;9991611667;B
20240401;100810;223.68;40;9991611783;B
20240401;100812;223.68;220;9991612275;B
20240401;100813;223.68;100;9991612325;B
20240401;100813;223.68;20;9991612326;B
20240401;100815;223.7;40;9991612848;B
20240401;100815;223.7;20;9991612849;B
20240401;100815;223.7;20;9991612850;B
20240401;100815;223.7;90;9991612851;B
20240401;100815;223.7;130;9991612852;B
20240401;100815;223.72;10;9991612853;B
20240401;100815;223.72;190;9991612854;B
20240401;100815;223.69;200;9991612872;S
20240401;100815;223.69;560;9991612873;S
20240401;100815;223.68;240;9991612874;S
20240401;100817;223.69;440;9991613393;S
20240401;100818;223.72;10;9991613542;B
20240401;100819;223.7;50;9991613752;B
20240401;100820;223.69;10;9991613846;S
20240401;100820;223.72;20;9991613962;B
20240401;100820;223.72;10;9991614076;B
20240401;100821;223.72;10;9991614083;B
20240401;100823;223.72;50;9991614664;B
20240401;100824;223.72;110;9991615177;B
20240401;100824;223.79;30;9991615178;B
20240401;100826;223.8;10;9991615632;B
20240401;100828;223.8;10;9991616094;B
20240401;100828;223.8;10;9991616095;B
20240401;100829;223.79;10;9991616205;B
20240401;100829;223.8;10;9991616235;B
20240401;100831;223.79;10;9991616641;S
20240401;100831;223.73;90;9991616642;S
20240401;100832;223.8;20;9991616857;B
20240401;100833;223.8;10;9991617033;B
20240401;100833;223.82;20;9991617138;B
20240401;100834;223.82;10;9991617227;B
20240401;100834;223.8;50;9991617307;S
20240401;100834;223.74;30;9991617308;S
20240401;100835;223.74;10;9991617526;S
20240401;100835;223.79;30;9991617592;B
20240401;100836;223.79;30;9991617858;B
20240401;100836;223.81;130;9991617859;B
20240401;100837;223.82;100;9991617940;B
20240401;100837;223.82;350;9991617954;B
20240401;100837;223.78;500;9991617971;S
20240401;100838;223.8;50;9991618320;B
20240401;100839;223.8;100;9991618587;B
20240401;100839;223.81;190;9991618588;B
20240401;100839;223.82;520;9991618589;B
20240401;100839;223.83;40;9991618590;B
20240401;100839;223.88;670;9991618591;B
20240401;100839;223.89;80;9991618592;B
20240401;100840;223.89;20;9991618698;B
20240401;100840;223.89;90;9991618699;B
20240401;100842;223.89;10;9991619110;B
20240401;100842;223.89;50;9991619111;B
20240401;100842;223.89;100;9991619271;S
20240401;100844;223.9;30;9991619748;B
20240401;100844;223.9;10;9991619749;B
20240401;100844;223.91;10;9991619750;B
20240401;100845;223.9;10;9991619834;S
20240401;100845;223.91;10;9991619870;B
20240401;100845;223.89;40;9991619894;S
20240401;100845;223.91;10;9991620024;B
20240401;100846;223.9;10;9991620112;S
20240401;100846;223.89;240;9991620113;S
20240401;100846;223.91;20;9991620162;B
20240401;100848;223.91;370;9991620819;B
20240401;100850;223.9;30;9991621311;S
20240401;100850;223.9;40;9991621350;S
20240401;100851;223.9;10;9991621460;S
20240401;100855;223.9;100;9991622483;S
20240401;100856;223.9;10;9991622742;S
20240401;100857;223.9;10;9991622947;S
20240401;100858;223.91;10;9991623216;B
20240401;100859;223.91;10;9991623685;B
20240401;100900;223.91;20;9991623820;B
20240401;100900;223.91;20;9991623960;S
20240401;100901;223.92;250;9991624308;B
20240401;100901;223.91;10;9991624358;S
20240401;100902;223.92;500;9991624528;B
20240401;100902;223.92;20;9991624586;B
20240401;100903;223.92;10;9991624690;B
20240401;100903;223.92;7120;9991624700;B
20240401;100903;223.95;10;9991624701;B
20240401;100903;223.95;20;9991624702;B
20240401;100903;223.95;200;9991624703;B
20240401;100903;223.96;10;9991624704;B
20240401;100903;223.96;10;9991624705;B
20240401;100903;223.96;20;9991624706;B
20240401;100903;223.96;480;9991624707;B
20240401;100903;223.96;100;9991624747;S
20240401;100903;223.96;50;9991624762;S
20240401;100903;223.96;10;9991624820;S
20240401;100903;223.97;180;9991624827;S
20240401;100903;223.98;10;9991624833;B
20240401;100903;223.98;200;9991624859;B
20240401;100904;223.98;10;9991625121;B
20240401;100904;223.98;10;9991625158;B
20240401;100904;223.98;250;9991625161;B
20240401;100904;223.96;30;9991625179;S
20240401;100904;223.96;10;9991625200;S
20240401;100904;223.98;20;9991625222;B
20240401;100904;223.98;10;9991625223;B
20240401;100904;223.98;10;9991625224;B
20240401;100904;223.98;50;9991625225;B
20240401;100904;223.98;10;9991625226;B
20240401;100904;223.99;10;9991625227;B
20240401;100904;223.99;10;9991625228;B
20240401;100904;223.99;50;9991625229;B
20240401;100904;223.99;100;9991625230;B
20240401;100904;224;50;9991625231;B
20240401;100904;224;20;9991625232;B
20240401;100904;224;10;9991625233;B
20240401;100904;224;140;9991625234;B
20240401;100904;224;250;9991625281;B
20240401;100905;223.98;20;9991625438;S
20240401;100905;223.98;10;9991625464;S
20240401;100905;223.99;20;9991625484;B
20240401;100905;224;110;9991625485;B
20240401;100905;224;10;9991625486;B
20240401;100905;224;10;9991625487;B
20240401;100905;224;10;9991625488;B
20240401;100905;224;10;9991625489;B
20240401;100905;224;80;9991625490;B
20240401;100905;223.99;20;9991625508;S
20240401;100905;223.99;30;9991625528;S
20240401;100905;224;70;9991625530;B
20240401;100905;224;10;9991625531;B
20240401;100905;224;2000;9991625532;B
20240401;100905;224;10;9991625533;B
20240401;100905;224;10;9991625534;B
20240401;100905;224;10;9991625535;B
20240401;100905;224;20;9991625536;B
20240401;100905;224;100;9991625537;B
20240401;100905;224;10;9991625538;B
20240401;100905;224;10;9991625539;B
20240401;100905;224;10;9991625540;B
20240401;100905;224;2250;9991625541;B
20240401;100905;224;10;9991625542;B
20240401;100905;224;80;9991625543;B
20240401;100905;224;170;9991625544;B
20240401;100905;224;50;9991625545;B
20240401;100905;224;20;9991625546;B
20240401;100905;224;10;9991625547;B
20240401;100905;224;70;9991625548;B
20240401;100905;224;10;9991625549;B
20240401;100905;224;170;9991625550;B
20240401;100905;224;10;9991625552;B
20240401;100905;223.99;10;9991625560;S
20240401;100905;223.99;50;9991625561;S
20240401;100905;223.99;150;9991625562;S
20240401;100905;223.98;140;9991625563;S
20240401;100905;223.98;20;9991625565;S
20240401;100905;223.98;20;9991625567;S
20240401;100905;223.98;20;9991625569;S
20240401;100905;223.98;30;9991625580;S
20240401;100905;224;60;9991625595;B
20240401;100905;223.99;110;9991625609;S
20240401;100905;223.98;330;9991625610;S
20240401;100905;223.97;160;9991625611;S
20240401;100905;224;10;9991625612;B
20240401;100906;223.97;10;9991625748;S
20240401;100906;223.97;500;9991625841;S
20240401;100906;223.97;60;9991625977;S
20240401;100906;223.96;40;9991625978;S
20240401;100907;224;1250;9991626107;B
20240401;100907;224;30;9991626108;B
20240401;100907;224;10;9991626109;B
20240401;100907;224;250;9991626110;B
20240401;100907;224;10;9991626111;B
20240401;100907;224;70;9991626112;B
20240401;100907;224;20;9991626113;B
20240401;100907;224;60;9991626114;B
20240401;100910;224;1200;9991626890;B
20240401;100910;224;400;9991626892;B
20240401;100910;224;10;9991626956;B
20240401;100910;224;10;9991627013;B
20240401;100911;224;100;9991627087;B
20240401;100912;224;40;9991627300;B
20240401;100912;223.99;10;9991627455;S
20240401;100912;224;10;9991627511;B
20240401;100912;224;670;9991627514;B
20240401;100912;224;50;9991627515;B
20240401;100912;224;120;9991627516;B
20240401;100912;224;20;9991627517;B
20240401;100912;224;450;9991627518;B
20240401;100912;224;10;9991627519;B
20240401;100912;224;10;9991627520;B
20240401;100912;224;20;9991627521;B
20240401;100912;224;20;9991627522;B
20240401;100912;224;50;9991627523;B
20240401;100912;224;60;9991627524;B
20240401;100912;224;100;9991627525;B
20240401;100912;224;10;9991627526;B
20240401;100912;224;50;9991627527;B
20240401;100912;224;60;9991627528;B
20240401;100912;224;20;9991627529;B
20240401;100912;224;10;9991627530;B
20240401;100912;224;20;9991627531;B
20240401;100912;224;10;9991627532;B
20240401;100912;224;60;9991627533;B
20240401;100912;224;500;9991627534;B
20240401;100912;224;10;9991627535;B
20240401;100912;224;10;9991627536;B
20240401;100912;224;30;9991627537;B
20240401;100912;224;10;9991627538;B
20240401;100912;224;170;9991627539;B
20240401;100912;224;10;9991627540;B
20240401;100912;224;10;9991627541;B
20240401;100912;224;200;9991627542;B
20240401;100912;224;20;9991627543;B
20240401;100912;224;10;9991627544;B
20240401;100912;224;20;9991627545;B
20240401;100912;224.01;20;9991627546;B
20240401;100913;224.02;90;9991627648;S
20240401;100913;224.05;60;9991627701;B
20240401;100913;224.05;40;9991627702;B
20240401;100913;224.05;40;9991627709;B
20240401;100913;224.05;130;9991627710;B
20240401;100913;224.06;80;9991627711;B
20240401;100913;224.06;210;9991627712;B
20240401;100913;224.07;20;9991627713;B
20240401;100913;224.05;50;9991627777;B
20240401;100913;224.06;40;9991627804;B
20240401;100913;224.06;160;9991627806;B
20240401;100913;224.08;800;9991627807;B
20240401;100913;224.09;20;9991627808;B
20240401;100913;224.09;10;9991627809;B
20240401;100913;224.09;210;9991627810;B
20240401;100913;224.12;10;9991627811;B
20240401;100913;224.15;60;9991627812;B
20240401;100913;224.17;20;9991627813;B
20240401;100913;224.2;10;9991627814;B
20240401;100913;224.2;10;9991627815;B
20240401;100913;224.2;200;9991627816;B
20240401;100913;224.21;560;9991627817;B
20240401;100913;224.24;10;9991627818;B
20240401;100913;224.27;450;9991627819;B
20240401;100913;224.28;1600;9991627820;B
20240401;100913;224.29;400;9991627821;B
20240401;100913;224.3;150;9991627822;B
20240401;100913;224.3;320;9991627823;B
20240401;100913;224.11;30;9991627825;S
20240401;100913;224.15;60;9991627826;S
20240401;100913;224.14;60;9991627827;S
20240401;100913;224.12;30;9991627828;S
20240401;100913;224.14;20;9991627907;S
20240401;100913;224.14;110;9991627908;S
20240401;100913;224.09;30;9991627916;S
20240401;100913;224.2;10;9991627917;B
20240401;100913;224.2;10;9991627921;B
20240401;100913;224.1;10;9991627925;S
20240401;100913;224.18;60;9991627991;B
20240401;100914;224.16;530;9991628064;B
20240401;100914;224.17;200;9991628065;B
20240401;100914;224.18;800;9991628066;B
20240401;100914;224.18;30;9991628067;B
20240401;100914;224.18;60;9991628068;B
20240401;100914;224.19;10;9991628069;B
20240401;100914;224.22;560;9991628070;B
20240401;100914;224.23;400;9991628071;B
20240401;100914;224.31;10;9991628072;B
20240401;100914;224.33;300;9991628073;B
20240401;100914;224.35;230;9991628074;B
20240401;100914;224.12;10;9991628085;S
20240401;100914;224.23;220;9991628105;B
20240401;100914;224.23;330;9991628111;B
20240401;100914;224.15;50;9991628112;S
20240401;100914;224.1;60;9991628116;S
20240401;100914;224.1;390;9991628117;S
20240401;100914;224.11;50;9991628118;S
20240401;100914;224.11;10;9991628119;S
20240401;100914;224.1;780;9991628120;S
20240401;100914;224.21;100;9991628129;B
20240401;100914;224.12;10;9991628133;S
20240401;100914;224.11;60;9991628134;S
20240401;100914;224.1;200;9991628135;S
20240401;100914;224.09;190;9991628136;S
20240401;100914;224.22;60;9991628139;B
20240401;100914;224.22;60;9991628140;B
20240401;100914;224.23;880;9991628141;B
20240401;100914;224.1;30;9991628144;S
20240401;100914;224.22;20;9991628175;B
20240401;100915;224.17;100;9991628228;B
20240401;100915;224.22;40;9991628229;B
20240401;100915;224.23;60;9991628230;B
20240401;100915;224.23;10;9991628231;B
20240401;100915;224.23;200;9991628232;B
20240401;100915;224.24;200;9991628233;B
20240401;100915;224.24;800;9991628234;B
20240401;100915;224.24;400;9991628235;B
20240401;100915;224.27;230;9991628236;B
20240401;100915;224.28;100;9991628237;B
20240401;100915;224.28;90;9991628238;B
20240401;100915;224.27;60;9991628270;B
20240401;100915;224.28;800;9991628271;B
20240401;100915;224.29;10;9991628272;B
20240401;100915;224.29;130;9991628273;B
20240401;100915;224.22;10;9991628424;B
20240401;100915;224.27;30;9991628425;B
20240401;100915;224.14;50;9991628466;S
20240401;100915;224.18;10;9991628506;S
20240401;100917;224.26;10;9991629009;B
20240401;100917;224.28;190;9991629010;B
20240401;100917;224.29;80;9991629011;B
20240401;100917;224.3;20;9991629012;B
20240401;100917;224.29;40;9991629027;B
20240401;100917;224.3;30;9991629028;B
20240401;100917;224.3;800;9991629029;B
20240401;100917;224.31;190;9991629030;B
20240401;100917;224.33;400;9991629031;B
20240401;100917;224.35;90;9991629032;B
20240401;100917;224.36;20;9991629033;B
20240401;100917;224.36;560;9991629034;B
20240401;100917;224.36;60;9991629035;B
20240401;100917;224.37;10;9991629036;B
20240401;100917;224.4;10;9991629037;B
20240401;100917;224.41;10;9991629038;B
20240401;100917;224.42;10;9991629039;B
20240401;100917;224.34;1120;9991629210;B
20240401;100917;224.34;50;9991629211;B
20240401;100917;224.35;560;9991629212;B
20240401;100917;224.36;190;9991629213;B
20240401;100917;224.37;800;9991629214;B
20240401;100917;224.37;10;9991629215;B
20240401;100917;224.38;1220;9991629216;B
20240401;100917;224.37;490;9991629258;B
20240401;100917;224.42;30;9991629314;B
20240401;100917;224.41;10;9991629398;B
20240401;100918;224.3;250;9991629503;B
20240401;100918;224.37;10;9991629504;B
20240401;100918;224.38;270;9991629505;B
20240401;100918;224.38;100;9991629528;B
20240401;100918;224.37;10;9991629606;B
20240401;100918;224.38;30;9991629607;B
20240401;100918;224.4;40;9991629608;B
20240401;100918;224.41;1350;9991629609;B
20240401;100918;224.42;370;9991629610;B
20240401;100918;224.25;30;9991629638;S
20240401;100918;224.25;10;9991629698;S
20240401;100918;224.25;10;9991629794;S
20240401;100920;224.29;20;9991630079;B
20240401;100920;224.35;1350;9991630080;B
20240401;100920;224.36;560;9991630081;B
20240401;100920;224.36;70;9991630082;B
20240401;100920;224.22;20;9991630169;S
20240401;100920;224.22;40;9991630170;S
20240401;100920;224.21;190;9991630171;S
20240401;100920;224.21;60;9991630172;S
20240401;100920;224.21;70;9991630173;S
20240401;100920;224.2;500;9991630174;S
20240401;100920;224.2;220;9991630175;S
20240401;100921;224.29;60;9991630627;B
20240401;100921;224.29;1350;9991630628;B
20240401;100921;224.3;1000;9991630629;B
20240401;100921;224.3;70;9991630630;B
20240401;100921;224.33;520;9991630631;B
20240401;100921;224.35;10;9991630750;B
20240401;100921;224.37;10;9991630840;B
20240401;100921;224.23;70;9991630862;S
20240401;100921;224.22;30;9991630863;S
20240401;100922;224.36;30;9991630916;B
20240401;100922;224.34;20;9991630937;B
20240401;100924;224.32;10;9991631612;B
20240401;100924;224.34;250;9991631613;B
20240401;100924;224.36;140;9991631614;B
20240401;100925;224.31;10;9991631796;B
20240401;100925;224.24;30;9991631985;S
20240401;100926;224.23;200;9991632164;S
20240401;100927;224.23;80;9991632509;S
20240401;100927;224.23;220;9991632510;S
20240401;100928;224.14;60;9991632715;S
20240401;100928;224.14;60;9991632716;S
20240401;100928;224.13;180;9991632717;S
20240401;100928;224.12;1620;9991632718;S
20240401;100928;224.11;80;9991632719;S
20240401;100929;224.07;50;9991632890;S
20240401;100929;224.07;10;9991632892;S
20240401;100929;224.07;220;9991632893;S
20240401;100929;224.18;60;9991632960;B
20240401;100929;224.19;150;9991632961;B
20240401;100929;224.19;10;9991633014;B
20240401;100929;224.18;10;9991633032;B
20240401;100929;224.18;50;9991633094;B
20240401;100929;224.18;20;9991633095;B
20240401;100929;224.19;70;9991633096;B
20240401;100929;224.2;80;9991633097;B
20240401;100930;224.16;80;9991633172;B
20240401;100931;224.16;100;9991633418;B
20240401;100931;224.15;160;9991633677;B
20240401;100932;224.19;40;9991633902;B
20240401;100933;224.06;50;9991633975;S
20240401;100933;224.06;20;9991634088;S
20240401;100933;224.06;10;9991634095;S
20240401;100934;224.17;500;9991634209;S
20240401;100934;224.16;30;9991634398;B
20240401;100934;224.14;10;9991634465;B
20240401;100934;224.14;40;9991634466;B
20240401;100935;224.14;500;9991634593;B
20240401;100935;224.14;220;9991634692;B
20240401;100937;224.16;10;9991634999;B
20240401;100938;224.14;20;9991635358;B
20240401;100938;224.16;30;9991635359;B
20240401;100938;224.18;20;9991635360;B
20240401;100938;224.18;100;9991635361;B
20240401;100938;224.19;10;9991635362;B
20240401;100938;224.19;340;9991635363;B
20240401;100938;224.19;1350;9991635379;B
20240401;100938;224.2;500;9991635380;B
20240401;100938;224.24;70;9991635381;B
20240401;100938;224.24;1280;9991635382;B
20240401;100938;224.25;500;9991635383;B
20240401;100938;224.25;20;9991635384;B
20240401;100938;224.26;100;9991635385;B
20240401;100938;224.26;90;9991635386;B
20240401;100938;224.26;400;9991635387;B
20240401;100938;224.28;560;9991635388;B
20240401;100938;224.31;130;9991635389;B
20240401;100938;224.19;170;9991635390;B
20240401;100938;224.19;230;9991635391;B
20240401;100938;224.16;70;9991635400;S
20240401;100938;224.15;30;9991635401;S
20240401;100939;224.16;10;9991635575;S
20240401;100940;224.15;40;9991635717;S
20240401;100940;224.2;30;9991635774;B
20240401;100942;224.14;80;9991636084;S
20240401;100943;224.11;20;9991636532;B
20240401;100943;224.11;170;9991636533;B
20240401;100943;224.12;110;9991636534;B
20240401;100944;224.14;230;9991636703;B
20240401;100944;224.14;160;9991636859;B
20240401;100945;224.14;500;9991636888;B
20240401;100946;224.14;20;9991637276;B
20240401;100946;224.14;1330;9991637387;B
20240401;100946;224.15;500;9991637388;B
20240401;100946;224.16;5000;9991637389;B
20240401;100946;224.16;50;9991637390;B
20240401;100946;224.27;800;9991637421;B
20240401;100946;224.15;20;9991637473;S
20240401;100947;224.31;40;9991637714;B
20240401;100947;224.31;1350;9991637715;B
20240401;100947;224.32;250;9991637716;B
20240401;100947;224.32;80;9991637717;B
20240401;100947;224.33;560;9991637718;B
20240401;100947;224.34;20;9991637719;B
20240401;100947;224.35;100;9991637720;B
20240401;100947;224.36;20;9991637721;B
20240401;100947;224.37;800;9991637722;B
20240401;100947;224.38;400;9991637723;B
20240401;100947;224.39;10;9991637724;B
20240401;100947;224.39;10;9991637725;B
20240401;100947;224.4;1000;9991637726;B
20240401;100947;224.41;10;9991637727;B
20240401;100947;224.43;350;9991637728;B
20240401;100949;224.3;30;9991637999;S
20240401;100949;224.3;100;9991638182;S
20240401;100950;224.39;20;9991638392;B
20240401;100950;224.28;50;9991638421;S
20240401;100952;224.28;30;9991639090;S
20240401;100952;224.26;20;9991639091;S
20240401;100952;224.27;10;9991639152;S
20240401;100953;224.26;80;9991639241;S
20240401;100953;224.26;70;9991639242;S
20240401;100953;224.22;60;9991639243;S
20240401;100953;224.21;70;9991639244;S
20240401;100953;224.32;10;9991639260;B
20240401;100953;224.22;60;9991639311;S
20240401;100953;224.21;40;9991639312;S
20240401;100953;224.32;50;9991639370;B
20240401;100953;224.32;80;9991639371;B
20240401;100953;224.33;560;9991639372;B
20240401;100953;224.38;50;9991639373;B
20240401;100953;224.38;60;9991639374;B
20240401;100953;224.37;60;9991639379;B
20240401;100953;224.37;20;9991639380;B
20240401;100954;224.37;110;9991639420;B
20240401;100954;224.38;90;9991639421;B
20240401;100954;224.4;50;9991639546;B
20240401;100956;224.28;50;9991639964;S
20240401;100956;224.28;10;9991639989;S
20240401;100957;224.4;80;9991640413;B
20240401;100958;224.4;30;9991640513;B
20240401;100959;224.4;40;9991640714;B
20240401;100959;224.26;50;9991640923;S
20240401;100959;224.25;60;9991640924;S
20240401;100959;224.37;10;9991640960;B
20240401;100959;224.39;10;9991640961;S
20240401;101000;224.4;30;9991641044;B
20240401;101000;224.28;10;9991641194;S
20240401;101001;224.36;10;9991641323;B
20240401;101001;224.36;20;9991641342;B
20240401;101001;224.39;10;9991641343;B
20240401;101001;224.4;380;9991641344;B
20240401;101001;224.4;160;9991641345;B
20240401;101001;224.41;800;9991641346;B
20240401;101001;224.41;100;9991641347;B
20240401;101001;224.42;80;9991641348;B
20240401;101001;224.43;30;9991641349;B
20240401;101001;224.44;420;9991641350;B
20240401;101001;224.29;20;9991641409;S
20240401;101002;224.32;10;9991641717;B
20240401;101002;224.39;10;9991641719;B
20240401;101002;224.39;20;9991641724;B
20240401;101003;224.28;10;9991641845;S
20240401;101003;224.28;20;9991641869;S
20240401;101003;224.28;20;9991641915;S
20240401;101003;224.28;30;9991641916;S
20240401;101003;224.27;160;9991641917;S
20240401;101003;224.26;1290;9991641918;S
20240401;101004;224.24;30;9991642273;S
20240401;101004;224.2;50;9991642274;S
20240401;101005;224.24;160;9991642328;B
20240401;101005;224.25;340;9991642329;B
20240401;101006;224.25;10;9991642736;B
20240401;101008;224.2;450;9991643275;S
20240401;101008;224.19;160;9991643276;S
20240401;101008;224.19;10;9991643279;B
20240401;101010;224.18;10;9991643841;B
20240401;101010;224.13;800;9991643857;S
20240401;101010;224.12;40;9991643858;S
20240401;101010;224.11;30;9991643859;S
20240401;101010;224.11;70;9991643860;S
20240401;101010;224.09;560;9991643861;S
20240401;101010;224.08;60;9991643862;S
20240401;101010;224.07;100;9991643863;S
20240401;101010;224.05;480;9991643864;S
20240401;101010;224.04;330;9991643865;S
20240401;101010;224.04;1620;9991643866;S
20240401;101010;224.03;410;9991643867;S
20240401;101010;224.06;40;9991643888;S
20240401;101011;224.13;40;9991643920;B
20240401;101011;224.07;10;9991643991;S
20240401;101011;224.06;630;9991643992;S
20240401;101011;224.06;130;9991644036;S
20240401;101011;224.05;10;9991644037;S
20240401;101011;224.02;260;9991644038;S
20240401;101011;224.01;1850;9991644039;S
20240401;101013;224.02;30;9991644461;S
20240401;101013;224.07;10;9991644645;B
20240401;101014;224.02;10;9991644746;S
20240401;101014;224.06;10;9991644872;B
20240401;101014;224.06;50;9991644897;B
20240401;101015;224.06;40;9991645132;B
20240401;101015;224.09;460;9991645133;B
20240401;101015;224.08;350;9991645196;B
20240401;101015;224.1;80;9991645197;B
20240401;101015;224.1;200;9991645198;B
20240401;101016;224.11;80;9991645336;B
20240401;101016;224.11;50;9991645355;B
20240401;101018;224.07;100;9991645805;S
20240401;101018;224.11;110;9991645811;B
20240401;101018;224.12;100;9991645812;B
20240401;101018;224.12;190;9991645813;B
20240401;101019;224.15;10;9991646003;B
20240401;101019;224.07;460;9991646038;S
20240401;101019;224.07;20;9991646039;S
20240401;101019;224.07;80;9991646040;S
20240401;101019;224.06;150;9991646041;S
20240401;101019;224.05;290;9991646042;S
20240401;101019;224.05;100;9991646153;S
20240401;101020;224.11;1000;9991646272;B
20240401;101020;224.06;10;9991646342;S
20240401;101020;224.08;30;9991646352;S
20240401;101022;224.1;50;9991646681;S
20240401;101022;224.09;50;9991646682;S
20240401;101022;224.08;10;9991646723;S
20240401;101022;224.08;10;9991646773;S
20240401;101023;224.12;10;9991646937;B
20240401;101023;224.08;100;9991647076;S
20240401;101024;224.09;20;9991647132;S
20240401;101024;224.08;410;9991647133;S
20240401;101024;224.07;70;9991647134;S
20240401;101024;224.07;230;9991647165;S
20240401;101024;224.06;370;9991647166;S
20240401;101027;224.11;50;9991647955;S
20240401;101028;224.11;10;9991648149;B
20240401;101028;224.11;20;9991648237;B
20240401;101030;224.11;50;9991648632;B
20240401;101031;224.11;20;9991649069;B
20240401;101032;224.11;50;9991649204;B
20240401;101032;224.11;10;9991649229;B
20240401;101032;224.1;120;9991649265;S
20240401;101032;224.09;150;9991649266;S
20240401;101032;224.08;20;9991649267;S
20240401;101032;224.08;560;9991649268;S
20240401;101032;224.07;500;9991649269;S
20240401;101032;224.06;800;9991649270;S
20240401;101032;224.03;120;9991649271;S
20240401;101032;224.02;500;9991649272;S
20240401;101032;224.02;2230;9991649273;S
20240401;101032;224.09;120;9991649304;B
20240401;101033;224.03;30;9991649458;S
20240401;101033;224.09;200;9991649571;B
20240401;101033;224.04;20;9991649652;S
20240401;101033;224.04;540;9991649654;S
20240401;101033;224.03;150;9991649655;S
20240401;101033;224.02;1470;9991649656;S
20240401;101033;224.01;660;9991649657;S
20240401;101033;224.01;180;9991649658;S
20240401;101035;224.03;400;9991649994;S
20240401;101035;224.08;40;9991650034;B
20240401;101036;224.04;10;9991650146;S
20240401;101036;224.09;10;9991650260;B
20240401;101037;224.09;50;9991650452;B
20240401;101038;224.1;10;9991650590;B
20240401;101038;224.1;10;9991650661;B
20240401;101038;224.1;80;9991650675;B
20240401;101038;224.1;150;9991650676;B
20240401;101038;224.1;90;9991650677;B
20240401;101039;224.08;50;9991650833;S
20240401;101039;224.1;60;9991650882;B
20240401;101039;224.1;60;9991650883;B
20240401;101039;224.11;500;9991650895;B
20240401;101039;224.11;160;9991650947;B
20240401;101040;224.08;50;9991651461;S
20240401;101041;224.08;10;9991651601;S
20240401;101041;224.08;450;9991651792;S
20240401;101041;224.08;50;9991651793;S
20240401;101043;224.07;40;9991652132;S
20240401;101044;224.1;50;9991652266;B
20240401;101044;224.1;10;9991652267;B
20240401;101044;224.1;10;9991652270;B
20240401;101044;224.1;10;9991652271;B
20240401;101044;224.11;30;9991652272;B
20240401;101045;224.08;10;9991652441;S
20240401;101048;224.09;10;9991653021;B
20240401;101048;224.09;20;9991653022;B
20240401;101049;224.1;110;9991653309;B
20240401;101049;224.11;400;9991653310;B
20240401;101049;224.11;470;9991653311;B
20240401;101049;224.11;10;9991653312;B
20240401;101049;224.11;10;9991653313;B
20240401;101049;224.11;10;9991653314;B
20240401;101050;224.1;140;9991653385;S
20240401;101050;224.1;60;9991653386;S
20240401;101050;224.09;300;9991653387;S
20240401;101050;224.11;100;9991653518;B
20240401;101051;224.1;30;9991653655;S
20240401;101051;224.09;260;9991653656;S
20240401;101051;224.08;140;9991653657;S
20240401;101051;224.07;60;9991653658;S
20240401;101051;224.07;10;9991653659;S
20240401;101051;224.08;10;9991653677;S
20240401;101051;224.07;170;9991653678;S
20240401;101051;224.08;10;9991653683;S
20240401;101052;224.07;300;9991653910;S
20240401;101052;224.07;20;9991653932;S
20240401;101052;224.05;30;9991653933;S
20240401;101052;224.08;10;9991653988;B
20240401;101052;224.12;20;9991653989;B
20240401;101052;224.13;70;9991653990;B
20240401;101053;224.06;10;9991654075;S
20240401;101053;224.05;220;9991654076;S
20240401;101055;224.05;20;9991654419;S
20240401;101055;224.05;10;9991654420;B
20240401;101055;224.05;90;9991654421;B
20240401;101056;224.05;80;9991654884;B
20240401;101058;224.05;50;9991655255;B
20240401;101059;224.11;10;9991655386;B
20240401;101100;224.09;10;9991655717;S
20240401;101100;224.11;20;9991655870;B
20240401;101100;224.11;20;9991655878;B
20240401;101101;224.14;10;9991656024;B
20240401;101102;224.14;20;9991656129;B
20240401;101102;224.14;80;9991656130;B
20240401;101102;224.14;140;9991656228;S
20240401;101102;224.14;10;9991656230;S
20240401;101102;224.15;20;9991656251;B
20240401;101102;224.16;50;9991656252;B
20240401;101102;224.17;110;9991656253;B
20240401;101102;224.17;270;9991656254;B
20240401;101103;224.17;40;9991656432;B
20240401;101103;224.18;20;9991656433;B
20240401;101103;224.18;320;9991656434;B
20240401;101103;224.18;10;9991656435;B
20240401;101103;224.19;910;9991656436;B
20240401;101103;224.15;10;9991656523;S
20240401;101104;224.19;10;9991656537;B
20240401;101105;224.19;20;9991656825;B
20240401;101106;224.19;30;9991657013;B
20240401;101106;224.19;10;9991657068;B
20240401;101107;224.18;10;9991657354;S
20240401;101107;224.13;10;9991657355;S
20240401;101107;224.13;90;9991657356;S
20240401;101107;224.19;10;9991657408;B
