<DATE>;<TIME>;<LAST>;<VOL>;<ID>;<OPER>
20240423;095958;227.93;10;10184109258;B
20240423;095958;227.93;10;10184109259;S
20240423;095958;227.93;10;10184109260;B
20240423;095958;227.93;10;10184109261;B
20240423;095958;227.93;10;10184109262;B
20240423;095958;227.93;10;10184109263;B
20240423;095958;227.93;10;10184109264;B
20240423;095958;227.93;30;10184109265;B
20240423;095958;227.93;20;10184109266;B
20240423;095958;227.93;10;10184109267;B
20240423;095958;227.93;10;10184109268;B
20240423;095958;227.93;10;10184109269;B
20240423;095958;227.93;50;10184109270;B
20240423;095958;227.93;10;10184109271;B
20240423;095958;227.93;10;10184109272;B
20240423;095958;227.93;10;10184109273;B
20240423;095958;227.93;10;10184109274;B
20240423;095958;227.93;110;10184109275;B
20240423;095958;227.93;10;10184109276;B
20240423;095958;227.93;150;10184109277;B
20240423;095958;227.93;20;10184109278;B
20240423;095958;227.93;100;10184109279;S
20240423;095958;227.93;50;10184109280;B
20240423;095958;227.93;50;10184109281;B
20240423;095958;227.93;420;10184109282;B
20240423;095958;227.93;490;10184109283;B
20240423;095958;227.93;790;10184109284;B
20240423;100000;227.87;50;10184109972;B
20240423;100000;227.87;50;10184109973;B
20240423;100000;227.87;100;10184109998;S
20240423;100000;227.87;100;10184109999;S
20240423;100000;227.89;100;10184110155;B
20240423;100001;227.85;100;10184110263;B
20240423;100001;227.85;100;10184110264;B
20240423;100001;227.85;100;10184110279;B
20240423;100001;227.85;100;10184110282;B
20240423;100001;227.85;100;10184110283;B
20240423;100001;227.85;100;10184110294;B
20240423;100001;227.85;100;10184110298;B
20240423;100001;227.85;90;10184110299;B
20240423;100001;227.86;10;10184110300;B
20240423;100001;227.85;100;10184110306;B
20240423;100001;227.85;100;10184110309;B
20240423;100001;227.85;100;10184110311;B
20240423;100001;227.85;100;10184110314;B
20240423;100001;227.85;100;10184110315;B
20240423;100001;227.85;100;10184110317;B
20240423;100001;227.85;100;10184110320;B
20240423;100001;227.85;90;10184110322;B
20240423;100001;227.85;10;10184111036;S
20240423;100001;227.87;10;10184111108;B
20240423;100002;227.8;20;10184111526;S
20240423;100002;227.87;10;10184111667;B
20240423;100002;227.85;100;10184112103;B
20240423;100002;227.84;50;10184112105;B
20240423;100002;227.85;50;10184112106;S
20240423;100002;227.85;100;10184112107;B
20240423;100002;227.85;100;10184112110;B
20240423;100002;227.86;100;10184112123;B
20240423;100002;227.85;100;10184112124;S
20240423;100002;227.85;100;10184112125;S
20240423;100002;227.85;100;10184112126;S
20240423;100002;227.86;100;10184112128;S
20240423;100002;227.86;100;10184112129;B
20240423;100002;227.86;100;10184112131;S
20240423;100002;227.86;100;10184112132;S
20240423;100002;227.86;100;10184112135;S
20240423;100005;227.8;10;10184115498;S
20240423;100005;227.8;10;10184115503;S
20240423;100005;227.85;100;10184115514;B
20240423;100005;227.85;100;10184115518;B
20240423;100005;227.85;100;10184115521;B
20240423;100005;227.85;100;10184115523;B
20240423;100005;227.85;100;10184115525;B
20240423;100005;227.85;100;10184115529;B
20240423;100005;227.85;100;10184115532;B
20240423;100005;227.85;90;10184115536;B
20240423;100005;227.86;10;10184115580;B
20240423;100005;227.85;10;10184116014;S
20240423;100005;227.85;100;10184116015;S
20240423;100005;227.85;90;10184116016;S
20240423;100006;227.86;20;10184116276;B
20240423;100006;227.85;10;10184116279;S
20240423;100006;227.78;10;10184116284;S
20240423;100006;227.77;20;10184116285;S
20240423;100006;227.84;60;10184116696;B
20240423;100006;227.85;40;10184116697;B
20240423;100006;227.85;100;10184116700;B
20240423;100007;227.85;90;10184118522;B
20240423;100009;227.85;20;10184120254;B
20240423;100009;227.8;10;10184120443;S
20240423;100010;227.8;20;10184120874;S
20240423;100010;227.92;10;10184120996;B
20240423;100010;227.92;40;10184121142;B
20240423;100010;227.92;60;10184121143;B
20240423;100010;227.93;10;10184121144;B
20240423;100011;227.92;10;10184121411;B
20240423;100011;227.93;370;10184121657;B
20240423;100014;227.93;1090;10184122992;B
20240423;100016;227.93;370;10184123528;B
20240423;100016;227.93;60;10184123529;B
20240423;100016;227.94;10;10184123530;B
20240423;100016;227.94;50;10184123531;B
20240423;100016;227.96;780;10184123532;B
20240423;100016;227.99;20;10184123533;B
20240423;100016;227.99;10;10184123534;B
20240423;100016;227.99;50;10184123535;B
20240423;100016;227.99;30;10184123536;B
20240423;100016;227.99;50;10184123537;B
20240423;100016;228;30;10184123538;B
20240423;100016;228;40;10184123539;B
20240423;100016;228.07;20;10184123540;B
20240423;100016;228.07;120;10184123541;B
20240423;100016;228.01;10;10184123581;B
20240423;100016;228;20;10184123830;B
20240423;100016;227.84;30;10184123893;S
20240423;100017;228;10;10184124379;B
20240423;100017;228;90;10184124380;B
20240423;100018;227.93;200;10184124937;B
20240423;100018;227.96;50;10184124938;B
20240423;100018;228;130;10184124939;B
20240423;100018;228;30;10184124940;B
20240423;100018;228;40;10184124941;B
20240423;100020;227.84;10;10184125561;S
20240423;100022;228.04;10;10184125965;B
20240423;100025;227.94;50;10184127021;S
20240423;100028;227.85;60;10184128032;S
20240423;100028;227.84;60;10184128033;S
20240423;100028;227.81;120;10184128034;S
20240423;100035;227.92;70;10184130592;B
20240423;100035;227.92;490;10184130593;B
20240423;100035;227.91;10;10184130705;S
20240423;100037;227.92;10;10184131666;B
20240423;100037;227.91;2000;10184131686;S
20240423;100038;227.85;50;10184131979;S
20240423;100045;227.87;10;10184134559;B
20240423;100046;227.85;60;10184134706;S
20240423;100046;227.85;470;10184134854;S
20240423;100046;227.84;3130;10184134855;S
20240423;100049;227.83;10;10184135713;B
20240423;100051;227.83;60;10184136231;B
20240423;100051;227.77;10;10184136493;S
20240423;100052;227.78;530;10184136714;S
20240423;100052;227.77;270;10184136715;S
20240423;100053;227.82;30;10184137058;B
20240423;100059;227.76;10;10184138727;S
20240423;100101;227.82;10;10184139490;B
20240423;100103;227.77;60;10184140194;S
20240423;100104;227.82;50;10184140319;B
20240423;100111;227.78;60;10184141933;S
20240423;100112;227.78;200;10184142373;S
20240423;100124;227.77;30;10184144639;S
20240423;100135;227.77;10;10184147259;S
20240423;100135;227.77;50;10184147260;S
20240423;100147;227.77;60;10184149645;S
20240423;100151;227.82;90;10184150638;B
20240423;100151;227.83;500;10184150639;B
20240423;100151;227.83;100;10184150640;B
20240423;100151;227.84;60;10184150641;B
20240423;100151;227.87;60;10184150642;B
20240423;100151;227.91;20;10184150643;B
20240423;100151;227.91;340;10184150644;B
20240423;100151;227.95;170;10184150645;B
20240423;100151;227.96;800;10184150646;B
20240423;100151;227.96;530;10184150647;B
20240423;100151;227.97;2200;10184150648;B
20240423;100151;227.97;1360;10184150649;B
20240423;100151;227.98;790;10184150650;B
20240423;100151;228;510;10184150651;B
20240423;100151;228;100;10184150652;B
20240423;100151;228;190;10184150653;B
20240423;100151;228;10;10184150654;B
20240423;100151;228;170;10184150655;B
20240423;100151;227.99;790;10184150662;B
20240423;100151;228;30;10184150663;B
20240423;100157;228.01;200;10184151888;S
20240423;100157;228.03;100;10184152057;B
20240423;100158;228.03;10;10184152247;B
20240423;100207;228.01;20;10184154436;S
20240423;100210;228.01;140;10184154913;S
20240423;100211;228.01;30;10184155102;S
20240423;100221;228.02;20;10184157346;B
20240423;100221;228.02;10;10184157347;B
20240423;100221;228.02;70;10184157348;B
20240423;100224;228.01;500;10184157891;S
20240423;100228;228.02;10;10184158374;B
20240423;100228;228.01;20;10184158459;S
20240423;100229;228.01;90;10184158575;S
20240423;100229;228.01;10;10184158576;S
20240423;100229;228;10;10184158577;S
20240423;100229;228;100;10184158578;S
20240423;100229;227.98;900;10184158579;S
20240423;100230;228.02;490;10184158785;B
20240423;100235;228.01;10;10184159572;B
20240423;100235;228.02;90;10184159573;B
20240423;100235;228.02;120;10184159597;B
20240423;100235;228.02;70;10184159598;B
20240423;100235;228.02;100;10184159599;B
20240423;100235;228.02;10;10184159600;B
20240423;100235;228.03;100;10184159601;B
20240423;100235;228.06;10;10184159602;B
20240423;100235;228.07;10;10184159603;B
20240423;100235;228.09;50;10184159604;B
20240423;100235;228.1;150;10184159605;B
20240423;100237;228.07;30;10184159898;B
20240423;100248;228;10;10184161807;S
20240423;100248;227.99;100;10184161809;S
20240423;100248;227.95;750;10184161866;S
20240423;100259;227.92;30;10184163502;B
20240423;100302;227.82;20;10184164038;S
20240423;100302;227.82;20;10184164039;S
20240423;100302;227.82;30;10184164040;S
20240423;100302;227.81;30;10184164041;S
20240423;100306;227.92;10;10184164721;B
20240423;100321;227.84;10;10184167395;B
20240423;100324;227.79;10;10184168043;S
20240423;100324;227.78;20;10184168044;S
20240423;100327;227.82;90;10184168571;B
20240423;100327;227.83;340;10184168572;B
20240423;100327;227.85;20;10184168573;B
20240423;100327;227.86;90;10184168574;B
20240423;100327;227.86;430;10184168575;S
20240423;100327;227.87;100;10184168674;B
20240423;100328;227.87;10;10184168706;B
20240423;100329;227.86;20;10184169044;S
20240423;100331;227.87;40;10184169305;B
20240423;100332;227.86;300;10184169663;S
20240423;100335;227.86;10;10184170238;S
20240423;100337;227.87;10;10184170628;B
20240423;100337;227.86;100;10184170665;S
20240423;100338;227.86;3810;10184170805;S
20240423;100340;227.82;10;10184171340;B
20240423;100344;227.78;10;10184171908;S
20240423;100348;227.77;10;10184172611;S
20240423;100348;227.77;10;10184172612;S
20240423;100348;227.77;10;10184172653;S
20240423;100348;227.77;50;10184172687;S
20240423;100351;227.77;50;10184173112;S
20240423;100352;227.77;50;10184173232;S
20240423;100353;227.78;50;10184173335;B
20240423;100353;227.79;90;10184173336;B
20240423;100353;227.8;110;10184173337;B
20240423;100354;227.8;230;10184173553;B
20240423;100354;227.8;270;10184173554;S
20240423;100355;227.77;30;10184173561;S
20240423;100358;227.79;70;10184173990;B
20240423;100423;227.79;80;10184178640;S
20240423;100423;227.79;70;10184178753;S
20240423;100423;227.79;10;10184178754;S
20240423;100429;227.78;10;10184179611;B
20240423;100445;227.78;40;10184182180;B
20240423;100451;227.79;200;10184183437;B
20240423;100452;227.79;20;10184183626;B
20240423;100457;227.77;80;10184184542;S
20240423;100457;227.77;140;10184184543;S
20240423;100500;227.79;440;10184185085;B
20240423;100500;227.79;120;10184185086;B
20240423;100500;227.8;100;10184185087;B
20240423;100500;227.83;100;10184185242;S
20240423;100503;227.85;200;10184185758;B
20240423;100504;227.86;10;10184185836;B
20240423;100504;227.87;10;10184186123;S
20240423;100508;227.92;200;10184186792;B
20240423;100511;227.89;10;10184187361;S
20240423;100511;227.89;40;10184187362;S
20240423;100512;227.92;10;10184187644;B
20240423;100523;227.94;450;10184190053;B
20240423;100531;227.92;80;10184191772;S
20240423;100531;227.91;30;10184191773;S
20240423;100531;227.91;190;10184191774;S
20240423;100534;227.92;80;10184192438;S
20240423;100534;227.91;150;10184192439;S
20240423;100534;227.87;170;10184192440;S
20240423;100536;227.95;200;10184192801;B
20240423;100538;227.97;10;10184193196;S
20240423;100540;227.99;10;10184193389;B
20240423;100551;227.98;10;10184195450;B
20240423;100558;227.96;20;10184196577;S
20240423;100559;227.95;10;10184196709;S
20240423;100559;227.94;10;10184196710;S
20240423;100559;227.92;60;10184196711;S
20240423;100559;227.92;60;10184196712;S
20240423;100559;227.91;70;10184196713;S
20240423;100559;227.9;340;10184196714;S
20240423;100601;227.87;40;10184197047;B
20240423;100606;227.87;20;10184197892;B
20240423;100624;227.85;20;10184201140;B
20240423;100627;227.8;10;10184201708;S
20240423;100627;227.8;10;10184201709;S
20240423;100627;227.79;30;10184201710;S
20240423;100627;227.78;10;10184201711;S
20240423;100627;227.76;10;10184201712;S
20240423;100627;227.76;70;10184201713;S
20240423;100627;227.75;30;10184201714;S
20240423;100632;227.8;30;10184202371;B
20240423;100632;227.8;10;10184202372;B
20240423;100636;227.81;10;10184203100;B
20240423;100636;227.81;10;10184203101;B
20240423;100648;227.8;10;10184205218;S
20240423;100700;227.82;10;10184207052;B
20240423;100700;227.82;20;10184207060;B
20240423;100701;227.82;10;10184207234;B
20240423;100703;227.76;10;10184207746;S
20240423;100717;227.82;10;10184210849;B
20240423;100719;227.8;40;10184211029;S
20240423;100732;227.82;10;10184213474;B
20240423;100733;227.82;10;10184213567;B
20240423;100736;227.81;20;10184214125;S
20240423;100736;227.77;30;10184214126;S
20240423;100745;227.82;90;10184215699;B
20240423;100746;227.77;40;10184215897;S
20240423;100750;227.77;340;10184216492;S
20240423;100750;227.77;60;10184216493;S
20240423;100750;227.76;300;10184216494;S
20240423;100750;227.75;130;10184216495;S
20240423;100750;227.74;10;10184216496;S
20240423;100750;227.74;160;10184216497;S
20240423;100753;227.76;10;10184217036;B
20240423;100759;227.82;10;10184217891;B
20240423;100814;227.73;60;10184220201;S
20240423;100814;227.73;340;10184220202;S
20240423;100814;227.73;20;10184220203;S
20240423;100814;227.72;10;10184220204;S
20240423;100814;227.72;50;10184220205;S
20240423;100814;227.72;60;10184220206;S
20240423;100814;227.71;430;10184220207;S
20240423;100814;227.7;10;10184220208;S
20240423;100814;227.7;10;10184220209;S
20240423;100814;227.7;10;10184220210;S
20240423;100816;227.82;60;10184220416;B
20240423;100816;227.82;30;10184220417;B
20240423;100816;227.82;30;10184220488;B
20240423;100816;227.82;10;10184220489;B
20240423;100816;227.82;10;10184220622;S
20240423;100819;227.84;150;10184221025;B
20240423;100835;227.83;60;10184223223;S
20240423;100835;227.83;340;10184223224;S
20240423;100835;227.82;200;10184223225;S
20240423;100835;227.8;10;10184223226;S
20240423;100835;227.8;60;10184223227;S
20240423;100835;227.78;400;10184223228;S
20240423;100835;227.77;10;10184223229;S
20240423;100835;227.75;60;10184223230;S
20240423;100835;227.75;460;10184223231;S
20240423;100840;227.87;60;10184223985;B
20240423;100840;227.88;30;10184223986;B
20240423;100844;227.88;10;10184224444;B
20240423;100845;227.88;10;10184224590;B
20240423;100848;227.88;10;10184225047;B
20240423;100901;227.88;20;10184226832;B
20240423;100904;227.81;60;10184227168;S
20240423;100904;227.81;440;10184227169;S
20240423;100907;227.88;40;10184227669;B
20240423;100907;227.88;40;10184227670;B
20240423;100911;227.81;10;10184228183;S
20240423;100911;227.81;10;10184228184;S
20240423;100911;227.8;10;10184228185;S
20240423;100913;227.76;10;10184228510;S
20240423;100923;227.85;10;10184230292;B
20240423;100923;227.85;20;10184230293;B
20240423;100924;227.85;10;10184230461;B
20240423;100924;227.86;10;10184230462;B
20240423;100924;227.86;530;10184230463;B
20240423;100924;227.87;60;10184230464;B
20240423;100924;227.87;60;10184230465;B
20240423;100924;227.87;50;10184230466;B
20240423;100924;227.88;280;10184230467;B
20240423;100931;227.83;10;10184231443;S
20240423;100935;227.89;60;10184232129;B
20240423;100935;227.9;10;10184232130;B
20240423;100951;227.83;20;10184234663;S
20240423;100951;227.83;10;10184234664;S
20240423;100951;227.82;60;10184234665;S
20240423;100951;227.82;60;10184234666;S
20240423;100951;227.81;80;10184234667;S
20240423;101003;227.83;60;10184236474;B
20240423;101003;227.83;40;10184236475;B
20240423;101004;227.8;540;10184236669;S
20240423;101004;227.8;460;10184236670;S
20240423;101004;227.76;10;10184236718;S
20240423;101007;227.76;20;10184237512;S
20240423;101021;227.76;20;10184240382;S
20240423;101021;227.75;20;10184240383;S
20240423;101021;227.73;20;10184240384;S
20240423;101021;227.73;60;10184240385;S
20240423;101021;227.72;50;10184240386;S
20240423;101021;227.71;30;10184240387;S
20240423;101021;227.76;60;10184240418;B
20240423;101021;227.77;340;10184240419;B
20240423;101021;227.78;30;10184240420;B
20240423;101021;227.8;60;10184240421;B
20240423;101021;227.82;10;10184240422;B
20240423;101021;227.84;500;10184240423;B
20240423;101021;227.84;400;10184240424;B
20240423;101021;227.85;580;10184240425;B
20240423;101021;227.86;790;10184240426;B
20240423;101021;227.88;2230;10184240427;B
20240423;101025;227.86;30;10184241051;B
20240423;101036;227.85;40;10184242915;B
20240423;101040;227.76;60;10184243521;S
20240423;101040;227.76;10;10184243522;S
20240423;101040;227.75;10;10184243523;S
20240423;101040;227.75;60;10184243524;S
20240423;101040;227.74;60;10184243525;S
20240423;101051;227.79;50;10184245645;B
20240423;101051;227.79;60;10184245646;B
20240423;101051;227.79;40;10184245647;B
20240423;101111;227.74;10;10184249938;S
20240423;101111;227.7;40;10184249939;S
20240423;101111;227.7;10;10184249940;S
20240423;101111;227.68;50;10184249941;S
20240423;101111;227.67;60;10184249942;S
20240423;101111;227.66;30;10184249943;S
20240423;101120;227.62;20;10184251304;S
20240423;101120;227.62;30;10184251305;S
20240423;101120;227.61;50;10184251306;S
20240423;101120;227.61;10;10184251307;S
20240423;101120;227.61;10;10184251308;S
20240423;101120;227.61;50;10184251309;S
20240423;101120;227.59;60;10184251310;S
20240423;101120;227.58;890;10184251311;S
20240423;101127;227.65;30;10184252316;B
20240423;101127;227.66;70;10184252317;B
20240423;101127;227.66;50;10184252318;B
20240423;101127;227.72;10;10184252319;B
20240423;101127;227.72;80;10184252320;B
20240423;101127;227.65;10;10184252345;S
20240423;101132;227.76;10;10184253058;B
20240423;101140;227.75;10;10184254092;B
20240423;101141;227.76;870;10184254194;B
20240423;101141;227.76;30;10184254195;B
20240423;101141;227.72;40;10184254196;S
20240423;101141;227.76;200;10184254331;B
20240423;101142;227.75;50;10184254439;B
20240423;101142;227.76;150;10184254440;B
20240423;101142;227.77;200;10184254540;B
20240423;101142;227.77;200;10184254643;B
20240423;101152;227.72;30;10184255899;S
20240423;101153;227.72;70;10184256039;S
20240423;101159;227.77;10;10184256710;B
20240423;101203;227.77;10;10184257252;B
20240423;101209;227.77;30;10184258103;B
20240423;101210;227.71;10;10184258355;S
20240423;101212;227.71;40;10184258705;S
20240423;101228;227.71;250;10184260960;S
20240423;101229;227.76;70;10184261063;B
20240423;101229;227.76;50;10184261064;B
20240423;101229;227.77;50;10184261065;B
20240423;101229;227.77;20;10184261066;B
20240423;101229;227.77;10;10184261067;B
20240423;101229;227.77;100;10184261068;B
20240423;101229;227.78;50;10184261069;B
20240423;101229;227.79;50;10184261070;B
20240423;101230;227.79;100;10184261123;B
20240423;101237;227.79;10;10184262252;B
20240423;101241;227.75;100;10184262937;S
20240423;101242;227.75;100;10184263234;S
20240423;101248;227.71;60;10184264018;S
20240423;101248;227.71;60;10184264019;S
20240423;101248;227.71;50;10184264020;S
20240423;101248;227.7;200;10184264021;S
20240423;101248;227.7;280;10184264022;S
20240423;101248;227.7;40;10184264023;S
20240423;101248;227.7;70;10184264024;S
20240423;101259;227.68;100;10184265904;S
20240423;101259;227.68;10;10184265905;S
20240423;101301;227.7;10;10184266151;B
20240423;101301;227.7;40;10184266152;B
20240423;101316;227.66;150;10184268466;S
20240423;101321;227.63;10;10184269353;B
20240423;101321;227.64;60;10184269362;B
20240423;101321;227.64;60;10184269363;B
20240423;101321;227.65;50;10184269364;B
20240423;101321;227.66;30;10184269365;B
20240423;101343;227.66;10;10184272032;S
20240423;101345;227.66;10;10184272380;B
20240423;101345;227.68;50;10184272381;B
20240423;101345;227.69;200;10184272382;B
20240423;101345;227.7;910;10184272383;B
20240423;101345;227.7;340;10184272384;B
20240423;101345;227.72;340;10184272423;S
20240423;101345;227.71;60;10184272424;S
20240423;101345;227.71;60;10184272425;S
20240423;101345;227.71;880;10184272426;S
20240423;101345;227.7;3160;10184272427;S
20240423;101348;227.7;60;10184272990;S
20240423;101404;227.73;60;10184276740;B
20240423;101404;227.74;50;10184276741;B
20240423;101404;227.74;340;10184276742;B
20240423;101404;227.78;60;10184276743;B
20240423;101404;227.78;70;10184276744;B
20240423;101404;227.78;500;10184276745;B
20240423;101422;227.7;100;10184279462;S
20240423;101427;227.76;30;10184280475;B
20240423;101442;227.74;50;10184282948;S
20240423;101444;227.76;40;10184283160;B
20240423;101444;227.77;60;10184283161;B
20240423;101444;227.79;100;10184283162;B
20240423;101450;227.77;10;10184284042;B
20240423;101450;227.75;20;10184284165;S
20240423;101453;227.77;10;10184284528;B
20240423;101454;227.77;50;10184284607;B
20240423;101456;227.79;10;10184285003;B
20240423;101458;227.79;10;10184285481;B
20240423;101501;227.77;10;10184285870;S
20240423;101502;227.77;10;10184286197;S
20240423;101505;227.78;20;10184287134;B
20240423;101506;227.78;30;10184287336;B
20240423;101511;227.77;20;10184288498;S
20240423;101511;227.78;10;10184288560;B
20240423;101515;227.78;10;10184289392;B
20240423;101515;227.78;60;10184289393;B
20240423;101515;227.78;10;10184289394;B
20240423;101515;227.79;120;10184289395;B
20240423;101521;227.78;50;10184290605;B
20240423;101521;227.77;60;10184290835;S
20240423;101521;227.77;260;10184290836;S
20240423;101521;227.77;610;10184290837;S
20240423;101521;227.78;10;10184290858;B
20240423;101521;227.76;180;10184290860;S
20240423;101525;227.75;230;10184291951;S
20240423;101526;227.74;500;10184292435;S
20240423;101526;227.73;2260;10184292436;S
20240423;101526;227.74;60;10184292437;B
20240423;101526;227.74;20;10184292438;S
20240423;101528;227.75;10;10184292817;B
20240423;101528;227.75;10;10184292965;B
20240423;101529;227.75;10;10184293320;B
20240423;101529;227.74;10;10184293326;S
20240423;101529;227.74;70;10184293329;B
20240423;101531;227.74;10;10184293761;S
20240423;101531;227.75;10;10184293767;B
20240423;101531;227.75;10;10184293775;B
20240423;101532;227.75;10;10184293895;B
20240423;101532;227.74;190;10184293966;S
20240423;101532;227.75;10;10184294059;B
20240423;101533;227.75;10;10184294169;B
20240423;101534;227.75;10;10184294366;B
20240423;101535;227.75;20;10184294639;B
20240423;101537;227.75;10;10184294921;B
20240423;101537;227.74;10;10184295008;S
20240423;101538;227.75;10;10184295121;B
20240423;101540;227.75;10;10184295602;B
20240423;101541;227.75;30;10184295726;B
20240423;101541;227.74;20;10184295804;S
20240423;101543;227.75;160;10184296107;B
20240423;101544;227.74;680;10184296348;S
20240423;101545;227.75;30;10184296539;B
20240423;101546;227.75;10;10184296642;B
20240423;101547;227.75;160;10184296930;B
20240423;101548;227.77;20;10184297155;B
20240423;101548;227.77;10;10184297161;B
20240423;101550;227.77;10;10184297532;B
20240423;101550;227.77;10;10184297592;B
20240423;101551;227.77;20;10184297663;B
20240423;101551;227.78;10;10184297664;B
20240423;101551;227.77;10;10184297690;B
20240423;101552;227.75;200;10184298124;S
20240423;101553;227.77;20;10184298313;B
20240423;101553;227.77;30;10184298335;B
20240423;101553;227.78;20;10184298336;B
20240423;101555;227.75;80;10184298755;S
20240423;101555;227.74;230;10184298756;S
20240423;101556;227.73;240;10184298855;S
20240423;101557;227.74;20;10184298999;B
20240423;101558;227.74;100;10184299199;B
20240423;101559;227.74;10;10184299425;B
20240423;101559;227.74;20;10184299739;B
20240423;101559;227.74;100;10184299803;B
20240423;101559;227.74;30;10184299818;B
20240423;101600;227.74;10;10184300138;B
20240423;101600;227.76;80;10184300139;B
20240423;101600;227.76;10;10184300140;B
20240423;101601;227.74;60;10184300227;S
20240423;101604;227.76;10;10184300774;B
20240423;101605;227.74;70;10184301120;S
20240423;101606;227.76;20;10184301303;B
20240423;101606;227.76;10;10184301617;B
20240423;101606;227.76;110;10184301621;B
20240423;101612;227.77;10;10184303007;B
20240423;101613;227.77;20;10184303243;B
20240423;101616;227.77;90;10184303753;B
20240423;101619;227.78;30;10184304338;B
20240423;101620;227.78;40;10184304541;B
20240423;101620;227.78;160;10184304542;B
20240423;101620;227.79;200;10184304543;B
20240423;101620;227.79;400;10184304544;B
20240423;101620;227.79;20;10184304545;B
20240423;101620;227.79;440;10184304546;B
20240423;101620;227.8;10;10184304547;B
20240423;101624;227.86;10;10184305365;B
20240423;101625;227.86;20;10184305461;B
20240423;101626;227.86;10;10184305702;B
20240423;101626;227.87;20;10184305703;B
20240423;101632;227.88;20;10184307066;B
20240423;101633;227.88;210;10184307217;B
20240423;101642;227.88;10;10184309013;B
20240423;101643;227.84;80;10184309154;S
20240423;101643;227.84;340;10184309155;S
20240423;101643;227.83;10;10184309156;S
20240423;101643;227.81;80;10184309157;S
20240423;101643;227.8;60;10184309158;S
20240423;101643;227.8;30;10184309159;S
20240423;101643;227.88;10;10184309221;B
20240423;101648;227.88;60;10184310329;B
20240423;101654;227.88;10;10184311457;B
20240423;101657;227.86;10;10184312202;S
20240423;101657;227.85;20;10184312203;S
20240423;101657;227.82;90;10184312204;S
20240423;101657;227.81;30;10184312205;S
20240423;101657;227.8;30;10184312317;S
20240423;101657;227.78;500;10184312318;S
20240423;101657;227.78;200;10184312319;S
20240423;101657;227.78;90;10184312320;S
20240423;101657;227.77;580;10184312321;S
20240423;101657;227.77;40;10184312322;S
20240423;101657;227.77;340;10184312323;S
20240423;101657;227.76;420;10184312324;S
20240423;101717;227.8;110;10184315951;B
20240423;101717;227.8;80;10184316091;B
20240423;101717;227.81;320;10184316092;B
20240423;101733;227.76;80;10184318080;S
20240423;101733;227.76;10;10184318081;S
20240423;101733;227.76;10;10184318082;S
20240423;101733;227.75;10;10184318083;S
20240423;101733;227.75;80;10184318084;S
20240423;101733;227.74;10;10184318085;S
20240423;101733;227.73;10;10184318086;S
20240423;101733;227.73;10;10184318087;S
20240423;101733;227.73;10;10184318088;S
20240423;101733;227.72;10;10184318089;S
20240423;101733;227.7;40;10184318090;S
20240423;101733;227.7;20;10184318091;S
20240423;101733;227.7;320;10184318092;B
20240423;101733;227.65;10;10184318118;S
20240423;101733;227.76;10;10184318132;B
20240423;101737;227.76;50;10184318620;B
20240423;101737;227.77;60;10184318621;B
20240423;101737;227.79;80;10184318622;B
20240423;101737;227.81;60;10184318623;B
20240423;101737;227.81;10;10184318624;B
20240423;101738;227.81;10;10184318677;S
20240423;101744;227.87;40;10184319508;B
20240423;101744;227.87;50;10184319528;B
20240423;101744;227.88;130;10184319529;B
20240423;101746;227.87;40;10184320009;B
20240423;101746;227.88;210;10184320010;B
20240423;101757;227.83;80;10184321832;S
20240423;101757;227.83;530;10184321833;S
20240423;101757;227.82;340;10184321834;S
20240423;101757;227.81;50;10184321835;S
20240423;101801;227.88;20;10184322450;B
20240423;101802;227.88;200;10184322906;B
20240423;101802;227.88;10;10184323028;B
20240423;101802;227.88;200;10184323060;B
20240423;101815;227.88;50;10184325112;B
20240423;101817;227.86;10;10184325511;B
20240423;101817;227.86;690;10184325512;B
20240423;101824;227.88;10;10184326536;B
20240423;101828;227.88;10;10184327011;B
20240423;101831;227.88;150;10184327445;B
20240423;101844;227.88;10;10184329301;B
20240423;101845;227.88;100;10184329379;B
20240423;101851;227.88;20;10184330190;B
20240423;101853;227.88;10;10184330500;B
20240423;101859;227.87;10;10184331300;B
20240423;101859;227.88;10;10184331330;B
20240423;101859;227.85;10;10184331358;S
20240423;101910;227.88;310;10184333190;B
20240423;101910;227.88;10;10184333191;B
20240423;101910;227.88;10;10184333192;B
20240423;101910;227.88;10;10184333193;B
20240423;101910;227.88;50;10184333194;B
20240423;101910;227.9;10;10184333195;B
20240423;101910;227.9;10;10184333196;B
20240423;101912;227.91;10;10184333414;B
20240423;101912;227.91;90;10184333434;B
20240423;101912;227.93;40;10184333435;B
20240423;101912;227.97;10;10184333437;B
20240423;101912;227.97;20;10184333512;B
20240423;101918;227.96;20;10184334666;B
20240423;101919;227.96;760;10184334814;B
20240423;101919;227.96;780;10184334816;B
20240423;101919;227.96;780;10184334817;B
20240423;101919;227.97;70;10184334821;B
20240423;101919;227.97;350;10184334822;B
20240423;101919;227.97;150;10184334823;B
20240423;101919;227.97;40;10184334824;B
20240423;101919;227.97;960;10184334825;B
20240423;101919;227.98;20;10184334826;B
20240423;101920;227.99;10;10184334951;B
20240423;101920;227.99;20;10184335025;B
20240423;101921;227.99;30;10184335143;B
20240423;101921;227.99;20;10184335159;B
20240423;101922;228;10;10184335160;B
20240423;101922;228;200;10184335161;B
20240423;101922;228;20;10184335162;B
20240423;101922;228;10;10184335163;B
20240423;101922;228;10;10184335164;B
20240423;101922;228;390;10184335165;B
20240423;101922;228;10;10184335166;B
20240423;101922;227.99;160;10184335167;S
20240423;101928;228;800;10184336215;B
20240423;101928;228;20;10184336216;B
20240423;101928;228;500;10184336217;B
20240423;101928;228;10;10184336218;B
20240423;101928;228;20;10184336219;B
20240423;101928;228;30;10184336220;B
20240423;101928;228;250;10184336221;B
20240423;101928;228;10;10184336222;B
20240423;101928;228;10;10184336223;B
20240423;101928;228;10;10184336224;B
20240423;101928;228;500;10184336225;B
20240423;101929;228.02;20;10184336272;B
20240423;101931;228.01;10;10184337068;S
20240423;101936;228.03;70;10184337922;B
20240423;101936;228.03;100;10184337923;B
20240423;101936;228.04;180;10184337924;B
20240423;101938;228.02;80;10184338412;S
20240423;101938;228.02;20;10184338413;S
20240423;101938;228.04;10;10184338564;B
20240423;101941;228.04;100;10184339613;B
20240423;101942;228.04;130;10184339866;B
20240423;101944;228.04;30;10184340190;B
20240423;101948;228.04;10;10184340961;B
20240423;101948;228.04;10;10184340963;B
20240423;101948;228.04;10;10184341022;B
20240423;101948;228.04;190;10184341054;B
20240423;101954;228.04;100;10184341902;B
20240423;101955;228.05;10;10184342113;B
20240423;101956;228.05;10;10184342392;S
20240423;101958;228.04;20;10184342722;S
20240423;102001;228.05;80;10184343190;S
20240423;102001;228.04;20;10184343191;S
20240423;102001;228.04;340;10184343192;S
20240423;102001;228.01;60;10184343193;S
20240423;102003;228.01;10;10184343401;S
20240423;102006;228.02;20;10184343934;S
20240423;102007;228.06;120;10184344031;B
20240423;102007;228.06;30;10184344032;B
20240423;102007;228.06;50;10184344033;B
20240423;102007;228.06;50;10184344045;B
20240423;102007;228.07;100;10184344046;B
20240423;102007;228.07;10;10184344047;B
20240423;102007;228.08;20;10184344052;B
20240423;102007;228.09;10;10184344059;B
20240423;102007;228.09;20;10184344060;B
20240423;102007;228.09;20;10184344061;B
20240423;102007;228.09;10;10184344062;B
20240423;102007;228.09;370;10184344063;B
20240423;102007;228.09;20;10184344064;B
20240423;102007;228.09;20;10184344065;B
20240423;102007;228.09;20;10184344066;B
20240423;102007;228.09;20;10184344067;B
20240423;102007;228.09;20;10184344068;B
20240423;102007;228.08;110;10184344091;B
20240423;102007;228.08;30;10184344092;B
20240423;102007;228.07;30;10184344122;S
20240423;102007;228.07;30;10184344127;S
20240423;102007;228.07;30;10184344137;S
20240423;102007;228.07;30;10184344246;S
20240423;102007;228.09;200;10184344268;B
20240423;102007;228.09;80;10184344277;B
20240423;102007;228.09;140;10184344278;B
20240423;102007;228.08;30;10184344291;S
20240423;102007;228.09;10;10184344306;B
20240423;102007;228.08;30;10184344345;S
20240423;102007;228.09;10;10184344346;B
20240423;102007;228.09;10;10184344347;B
20240423;102007;228.08;30;10184344357;S
20240423;102007;228.08;20;10184344363;S
20240423;102007;228.09;80;10184344375;B
20240423;102007;228.09;10;10184344376;B
20240423;102007;228.1;10;10184344377;B
20240423;102007;228.1;100;10184344378;B
20240423;102008;228.1;200;10184344498;B
20240423;102008;228.1;110;10184344801;B
20240423;102008;228.1;100;10184344802;B
20240423;102008;228.1;340;10184344803;B
20240423;102008;228.1;10;10184344861;B
20240423;102008;228.1;10;10184344862;B
20240423;102008;228.1;30;10184344863;B
20240423;102008;228.1;10;10184344865;B
20240423;102009;228.1;20;10184344950;B
20240423;102009;228.1;20;10184345059;B
20240423;102009;228.1;20;10184345060;B
20240423;102009;228.1;90;10184345061;B
20240423;102009;228.1;10;10184345091;B
20240423;102009;228.1;10;10184345092;B
20240423;102009;228.1;20;10184345093;B
20240423;102009;228.1;10;10184345129;B
20240423;102010;228.1;10;10184345248;B
20240423;102010;228.1;20;10184345249;B
20240423;102010;228.1;10;10184345253;B
20240423;102010;228.1;10;10184345255;B
20240423;102010;228.1;10;10184345319;B
20240423;102010;228.1;10;10184345320;B
20240423;102010;228.1;30;10184345321;B
20240423;102010;228.1;10;10184345379;B
20240423;102010;228.1;10;10184345402;B
20240423;102011;228.1;10;10184345423;B
20240423;102011;228.1;10;10184345447;B
20240423;102011;228.1;10;10184345448;B
20240423;102011;228.1;10;10184345499;B
20240423;102011;228.1;10;10184345500;B
20240423;102011;228.1;10;10184345505;B
20240423;102012;228.1;20;10184345662;B
20240423;102012;228.1;10;10184345663;B
20240423;102012;228.1;50;10184345664;B
20240423;102012;228.09;80;10184345714;S
20240423;102012;228.1;20;10184345715;B
20240423;102013;228.1;10;10184345797;B
20240423;102013;228.09;400;10184345862;S
20240423;102013;228.09;100;10184345863;S
20240423;102013;228.1;10;10184345864;B
20240423;102014;228.1;10;10184346003;B
20240423;102015;228.1;20;10184346085;B
20240423;102015;228.1;60;10184346239;B
20240423;102016;228.1;500;10184346346;B
20240423;102016;228.1;20;10184346361;B
20240423;102017;228.1;10;10184346463;B
20240423;102017;228.1;10;10184346464;B
20240423;102017;228.1;10;10184346465;B
20240423;102017;228.1;10;10184346474;B
20240423;102017;228.1;10;10184346507;B
20240423;102017;228.1;10;10184346517;B
20240423;102018;228.1;10;10184346658;B
20240423;102018;228.1;10;10184346701;B
20240423;102018;228.15;250;10184346714;B
20240423;102018;228.15;20;10184346715;B
20240423;102018;228.17;40;10184346716;B
20240423;102018;228.17;60;10184346717;B
20240423;102018;228.18;90;10184346718;B
20240423;102018;228.18;500;10184346720;B
20240423;102019;228.18;10;10184346859;B
20240423;102019;228.18;10;10184346885;B
20240423;102019;228.18;170;10184346907;B
20240423;102019;228.19;10;10184346908;B
20240423;102019;228.19;100;10184346909;B
20240423;102019;228.19;20;10184346910;B
20240423;102019;228.2;10;10184346911;B
20240423;102019;228.2;120;10184346912;B
20240423;102019;228.2;80;10184346949;B
20240423;102019;228.2;100;10184346950;B
20240423;102019;228.2;10;10184346951;B
20240423;102019;228.21;120;10184346952;B
20240423;102019;228.22;680;10184346953;B
20240423;102019;228.22;90;10184346959;B
20240423;102019;228.23;150;10184346960;B
20240423;102019;228.23;220;10184346961;B
20240423;102019;228.24;10;10184346962;B
20240423;102019;228.24;100;10184346963;B
20240423;102019;228.24;80;10184346964;B
20240423;102019;228.24;670;10184346965;B
20240423;102019;228.25;380;10184346966;B
20240423;102020;228.25;20;10184346990;B
20240423;102020;228.24;70;10184347002;B
20240423;102020;228.25;130;10184347003;B
20240423;102020;228.25;30;10184347024;B
20240423;102020;228.2;50;10184347110;S
20240423;102021;228.25;1000;10184347336;B
20240423;102022;228.25;10;10184347631;B
20240423;102026;228.25;30;10184348237;B
20240423;102027;228.21;10;10184348392;S
20240423;102037;228.19;200;10184354581;S
20240423;102038;228.24;10;10184354686;B
20240423;102045;228.23;100;10184356898;B
20240423;102045;228.24;10;10184356899;B
20240423;102045;228.24;90;10184356900;B
20240423;102051;228.23;40;10184359992;B
20240423;102052;228.23;10;10184360035;B
20240423;102052;228.23;10;10184360071;B
20240423;102057;228.21;60;10184361048;S
20240423;102058;228.21;10;10184362236;S
20240423;102059;228.22;10;10184363137;B
20240423;102102;228.22;10;10184363935;B
20240423;102102;228.23;90;10184363943;B
20240423;102102;228.24;10;10184363944;B
20240423;102102;228.24;100;10184363945;B
20240423;102103;228.21;70;10184364024;S
20240423;102103;228.19;100;10184364156;S
20240423;102107;228.23;10;10184364684;S
20240423;102107;228.19;50;10184364752;S
20240423;102108;228.24;530;10184364874;B
20240423;102108;228.24;110;10184364875;B
20240423;102112;228.25;10;10184366312;B
20240423;102113;228.24;100;10184366494;S
20240423;102114;228.24;10;10184366569;S
20240423;102115;228.24;10;10184366626;S
20240423;102115;228.24;240;10184367080;S
20240423;102115;228.23;120;10184367081;S
20240423;102116;228.23;190;10184367395;B
20240423;102116;228.22;90;10184367872;S
20240423;102120;228.23;20;10184369033;B
20240423;102126;228.22;10;10184370084;B
20240423;102127;228.22;370;10184370110;B
20240423;102127;228.23;130;10184370111;B
20240423;102130;228.2;20;10184371539;S
20240423;102134;228.19;120;10184373042;S
20240423;102134;228.17;60;10184373043;S
20240423;102134;228.17;20;10184373044;S
20240423;102135;228.18;50;10184373110;B
20240423;102140;228.17;10;10184373845;B
20240423;102140;228.17;120;10184373846;B
20240423;102140;228.18;290;10184373847;B
20240423;102143;228.19;40;10184375054;B
20240423;102146;228.18;10;10184376714;S
20240423;102148;228.19;120;10184377129;B
20240423;102148;228.19;110;10184377130;B
20240423;102148;228.2;440;10184377131;B
20240423;102148;228.18;50;10184377259;S
20240423;102153;228.18;20;10184379043;S
20240423;102153;228.13;30;10184379044;S
20240423;102154;228.13;20;10184379066;S
20240423;102157;228.12;10;10184381412;S
20240423;102159;228.17;10;10184382655;B
20240423;102200;228.16;10;10184382791;B
20240423;102201;228.17;100;10184383227;B
20240423;102205;228.11;40;10184384114;S
20240423;102205;228.11;120;10184384115;S
20240423;102205;228.1;40;10184384116;S
20240423;102210;228.1;50;10184385461;S
20240423;102210;228.1;10;10184385462;S
20240423;102210;228.1;50;10184385463;S
20240423;102210;228.1;90;10184385464;S
20240423;102212;228.16;10;10184386432;B
20240423;102213;228.11;10;10184387340;S
20240423;102214;228.15;10;10184387599;B
20240423;102229;228.15;10;10184393293;B
20240423;102230;228.1;10;10184393600;S
20240423;102230;228.15;10;10184394268;B
20240423;102241;228.14;10;10184398439;B
20240423;102248;228.11;10;10184401177;S
20240423;102252;228.15;10;10184403973;B
20240423;102252;228.1;100;10184403975;S
20240423;102303;228.15;10;10184408152;B
20240423;102313;228.15;10;10184410914;B
20240423;102313;228.13;30;10184410915;S
20240423;102313;228.13;60;10184410941;S
20240423;102313;228.15;120;10184410947;B
20240423;102313;228.16;40;10184410948;B
20240423;102313;228.16;40;10184410949;B
20240423;102318;228.13;510;10184412241;S
20240423;102323;228.16;10;10184413453;B
20240423;102328;228.16;50;10184414876;B
20240423;102334;228.15;10;10184416812;B
20240423;102334;228.15;10;10184416815;B
20240423;102336;228.15;50;10184417038;B
20240423;102337;228.13;110;10184417336;S
20240423;102342;228.16;100;10184418116;B
20240423;102345;228.16;10;10184420352;B
20240423;102353;228.13;10;10184421521;B
20240423;102353;228.14;10;10184421766;B
20240423;102353;228.14;10;10184421970;B
20240423;102355;228.14;100;10184422225;B
20240423;102355;228.13;10;10184422258;B
20240423;102356;228.13;10;10184422297;B
20240423;102358;228.14;10;10184423253;B
20240423;102410;228.12;10;10184427701;B
20240423;102410;228.14;110;10184427702;B
20240423;102410;228.16;40;10184427703;B
20240423;102410;228.16;100;10184427704;B
20240423;102410;228.16;200;10184427705;B
20240423;102410;228.16;10;10184427706;B
20240423;102410;228.18;30;10184427707;B
20240423;102411;228.1;20;10184427802;S
20240423;102414;228.18;30;10184428478;B
20240423;102414;228.18;60;10184428479;B
20240423;102414;228.18;160;10184428480;B
20240423;102423;228.18;10;10184430647;B
20240423;102427;228.18;10;10184433581;B
20240423;102428;228.14;10;10184433622;S
20240423;102428;228.13;340;10184433623;S
20240423;102428;228.13;110;10184433624;S
20240423;102428;228.1;280;10184433625;S
20240423;102428;228.1;60;10184433626;S
20240423;102428;228.1;200;10184433627;S
20240423;102428;228.08;20;10184433628;S
20240423;102428;228.08;60;10184433629;S
20240423;102428;228.05;370;10184433630;S
20240423;102430;228.18;10;10184434307;B
20240423;102430;228.18;20;10184434308;B
20240423;102440;228.08;10;10184437838;S
20240423;102440;228.17;10;10184437947;B
20240423;102447;228.12;100;10184440055;S
20240423;102450;228.17;110;10184441097;B
20240423;102450;228.18;40;10184441098;B
20240423;102450;228.18;60;10184441099;B
20240423;102451;228.19;10;10184442378;B
20240423;102454;228.18;10;10184442891;S
20240423;102455;228.18;100;10184443304;S
20240423;102456;228.19;10;10184443806;B
20240423;102456;228.18;100;10184443912;S
20240423;102457;228.18;80;10184445090;S
20240423;102457;228.17;10;10184445091;S
20240423;102501;228.15;720;10184446538;B
20240423;102501;228.15;110;10184446539;B
20240423;102501;228.19;170;10184446540;B
20240423;102501;228.13;10;10184446733;S
20240423;102501;228.13;10;10184446734;S
20240423;102504;228.19;10;10184447803;B
20240423;102508;228.19;10;10184449289;B
20240423;102516;228.13;20;10184454052;S
20240423;102520;228.19;10;10184455611;B
20240423;102523;228.13;10;10184456589;S
20240423;102523;228.13;110;10184456590;S
20240423;102523;228.13;10;10184456591;S
20240423;102526;228.13;140;10184458446;B
20240423;102526;228.18;10;10184458729;B
20240423;102529;228.15;250;10184459924;S
20240423;102529;228.14;110;10184459925;S
20240423;102529;228.13;240;10184459926;S
20240423;102529;228.12;200;10184459927;S
20240423;102536;228.19;10;10184461254;B
20240423;102544;228.15;10;10184464255;B
20240423;102548;228.15;20;10184465725;B
20240423;102548;228.15;10;10184465737;B
20240423;102548;228.15;10;10184465767;B
20240423;102556;228.13;10;10184467542;S
20240423;102556;228.13;10;10184467543;S
20240423;102556;228.13;10;10184467544;S
20240423;102556;228.12;70;10184467545;S
20240423;102559;228.15;10;10184468590;B
20240423;102602;228.15;300;10184469932;B
20240423;102617;228.14;10;10184473838;B
20240423;102624;228.14;30;10184476157;B
20240423;102628;228.13;10;10184477172;S
20240423;102628;228.13;10;10184477173;S
20240423;102628;228.13;40;10184477174;S
20240423;102631;228.13;10;10184477574;S
20240423;102631;228.12;10;10184477575;S
20240423;102636;228.14;10;10184478076;B
20240423;102640;228.13;10;10184480745;S
20240423;102643;228.14;10;10184481215;B
20240423;102645;228.14;20;10184481482;B
20240423;102647;228.14;10;10184481876;B
20240423;102650;228.14;10;10184483598;B
20240423;102701;228.14;50;10184486404;B
20240423;102708;228.14;10;10184489297;B
20240423;102709;228.14;10;10184489649;B
20240423;102715;228.14;200;10184490904;B
20240423;102716;228.13;10;10184491778;S
20240423;102716;228.12;30;10184491779;S
20240423;102716;228.12;110;10184491780;S
20240423;102716;228.11;10;10184491781;S
20240423;102726;228.14;40;10184494579;B
20240423;102729;228.13;10;10184494898;S
20240423;102729;228.13;10;10184494901;B
20240423;102729;228.13;10;10184494908;B
20240423;102729;228.13;10;10184494920;B
20240423;102729;228.13;10;10184494926;B
20240423;102729;228.13;10;10184494930;B
20240423;102729;228.13;10;10184494942;B
20240423;102729;228.13;10;10184494943;B
20240423;102735;228.12;70;10184496995;S
20240423;102735;228.11;10;10184497868;S
20240423;102735;228.11;90;10184497869;S
20240423;102736;228.13;20;10184497932;B
20240423;102739;228.11;40;10184499012;S
20240423;102741;228.11;10;10184499207;S
20240423;102741;228.11;10;10184499261;S
20240423;102748;228.13;10;10184500495;B
20240423;102748;228.13;10;10184500573;B
20240423;102751;228.11;1090;10184502543;S
20240423;102751;228.11;160;10184502619;B
20240423;102802;228.11;10;10184505083;B
20240423;102805;228.11;10;10184506638;B
20240423;102811;228.1;1530;10184507500;S
20240423;102814;228.11;430;10184507821;B
20240423;102816;228.11;200;10184508186;B
20240423;102818;228.11;210;10184508364;B
20240423;102819;228.11;300;10184508488;B
20240423;102825;228.11;10;10184509223;B
20240423;102825;228.1;2440;10184509240;S
20240423;102826;228.1;50;10184509515;S
20240423;102827;228.1;10;10184509605;S
20240423;102830;228.11;10;10184509800;B
20240423;102831;228.1;40;10184509900;S
20240423;102832;228.1;10;10184510103;S
20240423;102833;228.1;10;10184510266;S
20240423;102836;228.11;20;10184510678;B
20240423;102837;228.11;10;10184510761;B
20240423;102838;228.11;10;10184510930;B
20240423;102839;228.11;5000;10184510942;B
20240423;102846;228.11;150;10184511705;B
20240423;102847;228.11;20;10184511786;B
20240423;102848;228.11;10;10184511853;B
20240423;102848;228.1;500;10184511899;S
20240423;102849;228.11;80;10184512067;B
20240423;102849;228.11;10;10184512075;B
20240423;102850;228.1;10;10184512126;S
20240423;102854;228.1;10;10184512819;S
20240423;102856;228.1;390;10184513100;S
20240423;102859;228.04;50;10184513358;S
20240423;102911;228;200;10184514976;S
20240423;102912;228;10;10184515128;S
20240423;102912;228;200;10184515144;S
20240423;102912;228;60;10184515244;S
20240423;102912;228;10;10184515245;S
20240423;102912;228;10;10184515246;S
20240423;102912;228;20;10184515247;S
20240423;102912;228;20;10184515248;S
20240423;102912;228;40;10184515249;S
20240423;102912;228;10;10184515250;S
20240423;102912;228;30;10184515251;S
20240423;102915;228;10;10184515629;S
20240423;102915;228;10;10184515645;S
20240423;102916;228.02;20;10184515756;B
20240423;102918;228;100;10184516099;S
20240423;102918;228.04;130;10184516153;B
20240423;102924;228;200;10184516715;S
20240423;102924;228;70;10184516748;S
20240423;102924;228;200;10184516882;S
20240423;102925;228;380;10184516939;S
20240423;102925;228;1000;10184516940;S
20240423;102925;228;220;10184516941;S
20240423;102925;227.99;20;10184516942;S
20240423;102925;227.99;10;10184516943;S
20240423;102925;227.96;20;10184516945;S
20240423;102928;227.98;100;10184517417;B
20240423;102937;227.96;80;10184518396;S
20240423;102938;227.95;10;10184518494;B
20240423;102941;227.96;140;10184518828;B
20240423;102941;227.96;210;10184518829;B
20240423;102942;227.94;30;10184518855;S
20240423;102943;227.96;120;10184518942;B
20240423;102943;227.94;20;10184518983;S
20240423;102943;227.93;50;10184518984;S
20240423;102943;227.92;60;10184518985;S
20240423;102943;227.91;70;10184518986;S
20240423;102945;227.9;50;10184519138;S
20240423;102945;227.9;10;10184519139;S
20240423;102945;227.9;10;10184519140;S
20240423;102945;227.89;50;10184519141;S
20240423;102945;227.88;200;10184519214;S
20240423;102946;227.89;50;10184519393;B
20240423;102946;227.89;10;10184519403;B
20240423;102950;227.88;410;10184519909;S
20240423;102950;227.88;90;10184519910;S
20240423;102951;227.89;1880;10184520031;B
20240423;102951;227.89;140;10184520032;B
20240423;102951;227.9;340;10184520033;B
20240423;102951;227.91;200;10184520034;B
20240423;102951;227.94;100;10184520035;B
20240423;102951;227.94;340;10184520036;B
20240423;102955;227.9;120;10184520382;B
20240423;102957;227.91;150;10184520726;B
20240423;103003;227.88;10;10184521448;S
20240423;103003;227.93;140;10184521484;B
20240423;103003;227.95;470;10184521485;B
20240423;103013;227.93;100;10184522630;S
20240423;103014;227.93;10;10184522777;S
20240423;103020;227.93;450;10184523470;S
20240423;103024;227.98;90;10184524062;B
20240423;103025;228;100;10184524162;B
20240423;103026;228;100;10184524244;B
20240423;103026;228;30;10184524263;B
20240423;103027;228;100;10184524347;B
20240423;103027;227.94;50;10184524419;S
20240423;103027;227.93;50;10184524420;S
20240423;103027;228;90;10184524421;B
20240423;103028;228;80;10184524469;B
20240423;103028;228;10;10184524470;B
20240423;103028;227.96;470;10184524476;S
20240423;103028;227.95;140;10184524477;S
20240423;103028;227.95;300;10184524478;S
20240423;103029;228.03;100;10184524500;B
20240423;103038;228.03;60;10184525479;B
20240423;103038;228.04;20;10184525480;B
20240423;103041;227.96;10;10184526485;S
20240423;103045;228.04;20;10184527869;B
20240423;103057;228.04;10;10184531455;B
20240423;103058;228.04;20;10184531671;B
20240423;103102;228.04;30;10184532658;B
20240423;103106;227.97;10;10184533778;S
20240423;103110;228.04;110;10184534975;B
20240423;103110;228.04;330;10184534976;B
20240423;103110;228.05;160;10184534977;B
20240423;103112;227.99;30;10184535331;S
20240423;103112;227.98;70;10184535332;S
20240423;103112;228.06;100;10184535333;B
20240423;103116;228;10;10184535813;S
20240423;103116;227.99;10;10184535814;S
20240423;103120;227.99;20;10184536672;S
20240423;103120;227.99;130;10184536673;S
20240423;103120;227.98;270;10184536674;S
20240423;103120;227.97;10;10184536675;S
20240423;103120;227.97;60;10184536676;S
20240423;103120;227.97;40;10184536677;S
20240423;103120;227.96;10;10184536678;S
20240423;103120;227.95;120;10184536679;S
20240423;103120;227.94;40;10184536680;S
20240423;103121;228.05;60;10184536899;B
20240423;103121;228.06;310;10184536900;B
20240423;103123;228.06;10;10184537462;B
20240423;103129;228.04;10;10184538701;B
20240423;103129;228.06;30;10184538702;B
20240423;103129;228.07;60;10184538703;B
20240423;103129;228.08;100;10184538704;B
20240423;103129;228.08;100;10184538705;B
20240423;103131;228;10;10184539172;S
20240423;103131;227.99;10;10184539173;S
20240423;103131;227.99;30;10184539174;S
20240423;103135;228.07;10;10184539736;B
20240423;103141;228.08;10;10184540878;B
20240423;103141;228.09;10;10184541205;B
20240423;103141;228.09;30;10184541231;B
20240423;103150;228.09;10;10184542687;B
20240423;103151;228.03;530;10184542794;S
20240423;103151;228.03;110;10184542795;S
20240423;103155;228.09;50;10184543276;B
20240423;103155;228.02;20;10184543282;S
20240423;103155;228.01;500;10184543294;S
20240423;103157;228.08;10;10184543594;B
20240423;103159;228.08;10;10184543806;B
20240423;103207;228.07;30;10184544969;B
20240423;103208;228.01;60;10184545123;S
20240423;103208;228;50;10184545124;S
20240423;103208;228;390;10184545125;S
20240423;103211;228.04;50;10184545429;B
20240423;103211;228.04;50;10184545430;B
20240423;103213;228.06;500;10184545682;B
20240423;103214;228.01;30;10184545806;S
20240423;103214;228;30;10184545807;S
20240423;103215;228.07;90;10184546042;B
20240423;103222;228;280;10184546959;S
20240423;103222;228;110;10184546960;S
20240423;103222;227.97;20;10184546961;S
20240423;103222;227.97;60;10184546962;S
20240423;103222;227.97;1560;10184546963;S
20240423;103222;227.96;340;10184546964;S
20240423;103222;227.96;300;10184546965;S
20240423;103222;227.96;20;10184546966;S
20240423;103222;227.95;1490;10184546967;S
20240423;103222;227.94;4000;10184546968;S
20240423;103222;227.93;320;10184546969;S
20240423;103222;227.98;100;10184546979;B
20240423;103223;227.98;100;10184547074;B
20240423;103223;227.93;100;10184547075;S
20240423;103226;227.98;140;10184547508;B
20240423;103226;228.02;110;10184547509;B
20240423;103226;228.03;60;10184547510;B
20240423;103226;228.03;60;10184547511;B
20240423;103226;228.05;1600;10184547512;B
20240423;103226;228.05;30;10184547513;B
20240423;103226;228.06;890;10184547514;B
20240423;103226;228.07;30;10184547515;B
20240423;103226;228.08;10;10184547516;B
20240423;103226;228.09;70;10184547517;B
20240423;103226;228.05;30;10184547524;B
20240423;103226;228.07;100;10184547534;B
20240423;103227;228.08;60;10184547561;B
20240423;103230;228.04;30;10184548068;S
20240423;103230;228.03;470;10184548069;S
20240423;103231;228.08;30;10184548274;B
20240423;103233;228.08;10;10184548508;B
20240423;103234;228.03;30;10184548594;S
20240423;103234;228.03;10;10184548595;S
20240423;103234;228.02;60;10184548596;S
20240423;103236;227.97;10;10184548869;S
20240423;103237;228.04;220;10184549136;B
20240423;103241;228.03;10;10184549778;B
20240423;103241;228.03;110;10184549779;B
20240423;103241;228.04;80;10184549780;B
20240423;103242;228.03;10;10184549845;B
20240423;103245;228.03;10;10184550479;B
20240423;103247;227.97;10;10184551618;S
20240423;103247;227.97;20;10184551619;S
20240423;103257;228.02;10;10184553317;B
20240423;103258;228.03;10;10184553604;B
20240423;103300;227.97;10;10184553857;S
20240423;103307;227.96;60;10184555398;S
20240423;103307;227.95;100;10184555399;S
20240423;103307;227.94;60;10184555400;S
20240423;103307;227.93;180;10184555401;S
20240423;103308;227.94;60;10184555578;S
20240423;103312;227.94;110;10184556627;S
20240423;103312;227.94;100;10184556628;S
20240423;103312;227.93;690;10184556629;S
20240423;103317;228;30;10184557914;B
20240423;103317;228;20;10184557922;B
20240423;103320;228;10;10184558728;B
20240423;103321;228;160;10184558833;B
20240423;103322;228.01;20;10184559104;B
20240423;103324;228.01;150;10184559410;B
20240423;103324;228.02;60;10184559411;B
20240423;103324;228.02;100;10184559412;B
20240423;103324;228.02;70;10184559413;B
20240423;103324;228.03;20;10184559414;B
20240423;103324;228.07;10;10184559429;B
20240423;103324;228.07;30;10184559430;B
20240423;103324;228.08;20;10184559471;B
20240423;103324;228.01;100;10184559548;S
20240423;103326;228.02;40;10184559817;S
20240423;103326;228.01;20;10184559818;S
20240423;103326;228.01;10;10184559819;S
20240423;103326;228;70;10184559820;S
20240423;103326;228;30;10184559823;B
20240423;103326;228;100;10184559832;B
20240423;103326;227.96;100;10184559847;S
20240423;103327;228;90;10184559858;B
20240423;103328;227.96;30;10184560037;S
20240423;103329;228;150;10184560256;B
20240423;103331;228;30;10184560412;B
20240423;103332;228;10;10184560596;B
20240423;103336;228;110;10184560912;B
20240423;103343;228;2210;10184561695;B
20240423;103350;228;140;10184562746;B
20240423;103357;228;50;10184563767;B
20240423;103358;228;10;10184563960;B
20240423;103400;228;10;10184564155;B
20240423;103401;228;20;10184564270;B
20240423;103406;228;20;10184565009;B
20240423;103413;227.97;100;10184566194;S
20240423;103413;227.96;190;10184566195;S
20240423;103418;228;20;10184567036;B
20240423;103420;228;10;10184567330;B
20240423;103420;227.93;10;10184567338;S
20240423;103420;228;230;10184567419;B
20240423;103422;228;10;10184567570;B
20240423;103445;228;280;10184571029;B
20240423;103446;228;330;10184571304;B
20240423;103446;228;10;10184571305;B
20240423;103446;228;10;10184571312;B
20240423;103448;227.99;10;10184571521;S
20240423;103454;228;40;10184572774;B
20240423;103455;228;10;10184572937;B
20240423;103500;228;20;10184573991;B
20240423;103509;228;70;10184575080;B
20240423;103510;227.97;20;10184575160;S
20240423;103514;227.99;10;10184575656;B
20240423;103517;227.98;120;10184576108;S
20240423;103519;227.98;150;10184576432;S
20240423;103521;228;40;10184576686;B
20240423;103535;228;10;10184578436;B
20240423;103552;228;390;10184581285;B
20240423;103558;227.98;30;10184582969;S
20240423;103558;227.98;50;10184582970;S
20240423;103558;227.97;80;10184582971;S
20240423;103610;228;10;10184585891;B
20240423;103612;228;40;10184586215;B
20240423;103612;228;10;10184586273;B
20240423;103616;228;20;10184587251;B
20240423;103619;228;10;10184587678;B
20240423;103624;228;20;10184588207;B
20240423;103624;228;20;10184588266;B
20240423;103625;228;10;10184588310;B
20240423;103632;228;270;10184589187;B
20240423;103632;228;1000;10184589188;B
20240423;103632;228;970;10184589189;B
20240423;103632;228;1270;10184589190;B
20240423;103632;228;860;10184589191;B
20240423;103632;228;1000;10184589192;B
20240423;103632;228;30;10184589193;B
20240423;103632;228;760;10184589194;B
20240423;103632;228;20;10184589195;B
20240423;103634;228;20;10184589362;B
20240423;103634;228;10;10184589386;B
20240423;103635;228;20;10184589477;B
20240423;103638;227.99;270;10184589856;S
20240423;103638;228;40;10184589872;B
20240423;103641;228;40;10184590341;B
20240423;103641;228;60;10184590342;B
20240423;103641;228;10;10184590381;B
20240423;103642;228;130;10184590414;B
20240423;103644;227.99;10;10184591196;S
20240423;103647;228;20;10184591709;B
20240423;103652;228;100;10184592653;B
20240423;103652;228;190;10184592654;B
20240423;103653;228;150;10184592747;B
20240423;103654;227.99;60;10184592890;S
20240423;103654;227.99;80;10184592891;S
20240423;103655;228;10;10184592990;B
20240423;103658;227.99;530;10184593427;S
20240423;103658;227.99;340;10184593428;S
20240423;103658;227.98;250;10184593429;S
20240423;103658;227.98;10;10184593503;S
20240423;103700;227.98;10;10184593670;S
20240423;103703;227.99;10;10184593894;B
20240423;103703;227.98;10;10184593925;S
20240423;103706;227.99;10;10184594222;B
20240423;103706;227.99;40;10184594271;B
20240423;103707;227.99;50;10184594358;B
20240423;103708;227.99;10;10184594452;B
20240423;103712;227.98;10;10184594826;B
20240423;103719;227.98;60;10184595394;B
20240423;103727;227.97;250;10184595986;S
20240423;103727;227.98;90;10184596004;B
20240423;103729;227.98;10;10184596089;B
20240423;103731;227.97;10;10184596358;S
20240423;103732;227.98;10;10184596496;B
20240423;103738;227.97;300;10184597128;S
20240423;103743;227.97;20;10184597614;S
20240423;103746;227.98;10;10184597810;B
20240423;103749;227.98;10;10184598093;B
20240423;103749;227.98;30;10184598094;B
20240423;103750;227.98;70;10184598215;B
20240423;103750;227.98;50;10184598216;B
20240423;103750;227.98;90;10184598217;B
20240423;103757;227.97;40;10184598767;S
20240423;103758;227.97;100;10184598888;S
20240423;103802;227.98;20;10184599358;B
20240423;103806;227.97;10;10184599873;S
20240423;103806;227.97;140;10184599937;S
20240423;103809;227.98;10;10184600159;B
20240423;103810;227.97;300;10184600201;S
20240423;103810;227.98;10;10184600244;B
20240423;103810;227.97;10;10184600249;S
20240423;103812;227.98;80;10184600426;B
20240423;103812;227.97;10;10184600433;S
20240423;103815;227.98;10;10184600598;B
20240423;103816;227.98;10;10184600693;B
20240423;103818;227.97;810;10184601032;S
20240423;103818;227.97;10;10184601033;S
20240423;103818;227.96;180;10184601034;S
20240423;103818;227.96;20;10184601035;S
20240423;103818;227.96;10;10184601036;S
20240423;103818;227.96;40;10184601037;S
20240423;103820;227.96;10;10184601237;B
20240423;103824;227.96;30;10184601618;B
20240423;103828;227.96;40;10184601990;B
20240423;103829;227.96;10;10184602134;B
20240423;103829;227.96;10;10184602149;B
20240423;103840;227.96;30;10184603158;B
20240423;103846;227.93;1000;10184603579;S
20240423;103857;227.93;30;10184604541;S
20240423;103858;227.93;60;10184604743;S
20240423;103858;227.93;30;10184604744;S
20240423;103858;227.93;110;10184604745;S
20240423;103859;227.94;100;10184604857;B
20240423;103900;227.94;70;10184605003;B
20240423;103900;227.9;100;10184605040;S
20240423;103900;227.96;20;10184605041;B
20240423;103900;227.96;80;10184605042;B
20240423;103903;227.91;20;10184605369;S
20240423;103904;227.91;30;10184605427;S
20240423;103906;227.9;50;10184605562;S
20240423;103908;227.9;2040;10184605914;S
20240423;103908;227.9;10;10184605915;S
20240423;103908;227.9;100;10184605938;B
20240423;103908;227.9;100;10184605973;B
20240423;103908;227.89;10;10184606121;S
20240423;103908;227.89;80;10184606122;S
20240423;103908;227.88;10;10184606123;S
20240423;103909;227.9;100;10184606177;B
20240423;103909;227.9;100;10184606203;B
20240423;103909;227.9;10;10184606322;B
20240423;103909;227.88;90;10184606374;S
20240423;103909;227.88;10;10184606375;S
20240423;103910;227.9;100;10184606497;B
20240423;103910;227.9;100;10184606505;B
20240423;103911;227.9;100;10184606777;B
20240423;103911;227.88;40;10184606865;S
20240423;103911;227.88;100;10184606963;S
20240423;103911;227.9;100;10184606964;B
20240423;103912;227.9;90;10184607054;B
20240423;103913;227.88;1850;10184607191;S
20240423;103913;227.88;150;10184607192;S
20240423;103913;227.89;100;10184607219;B
20240423;103913;227.88;100;10184607339;S
20240423;103913;227.89;100;10184607340;B
20240423;103915;227.89;10;10184607587;B
20240423;103919;227.89;20;10184608268;B
20240423;103924;227.88;20;10184608825;S
20240423;103933;227.88;310;10184609597;S
20240423;103937;227.88;10;10184609986;S
20240423;103940;227.88;410;10184610204;S
20240423;103940;227.85;10;10184610205;S
20240423;103941;227.82;20;10184610284;S
20240423;103941;227.8;100;10184610285;S
20240423;103941;227.8;10;10184610286;S
20240423;103941;227.8;20;10184610287;S
20240423;103941;227.8;110;10184610288;S
20240423;103941;227.78;60;10184610289;S
20240423;103941;227.78;180;10184610290;S
20240423;103941;227.77;120;10184610291;S
20240423;103941;227.77;370;10184610292;S
20240423;103943;227.8;90;10184610472;B
20240423;103946;227.8;100;10184610670;B
20240423;103946;227.76;100;10184610697;S
20240423;103950;227.76;100;10184610910;S
20240423;103950;227.76;210;10184610911;S
20240423;103955;227.77;20;10184611370;S
20240423;104011;227.77;30;10184612693;S
20240423;104011;227.76;60;10184612694;S
20240423;104011;227.76;100;10184612695;S
20240423;104011;227.76;10;10184612696;S
20240423;104012;227.77;10;10184612772;B
20240423;104012;227.8;100;10184612778;B
20240423;104012;227.8;30;10184612786;B
20240423;104012;227.8;50;10184612787;B
20240423;104022;227.82;40;10184613611;B
20240423;104028;227.75;10;10184614067;S
20240423;104028;227.75;100;10184614068;S
20240423;104028;227.75;100;10184614076;B
20240423;104028;227.73;100;10184614082;S
20240423;104029;227.75;90;10184614084;B
20240423;104029;227.75;100;10184614191;B
20240423;104029;227.73;100;10184614204;S
20240423;104030;227.73;20;10184614250;S
20240423;104030;227.75;90;10184614308;B
20240423;104031;227.75;10;10184614374;B
20240423;104031;227.75;100;10184614384;B
20240423;104031;227.74;100;10184614397;S
20240423;104032;227.75;90;10184614455;B
20240423;104038;227.75;10;10184614946;B
20240423;104039;227.75;10;10184615005;B
20240423;104043;227.74;10;10184615314;S
20240423;104048;227.75;10;10184615646;B
20240423;104105;227.82;10;10184617082;B
20240423;104116;227.82;10;10184618093;B
20240423;104118;227.82;40;10184618278;B
20240423;104118;227.83;10;10184618279;B
20240423;104118;227.84;30;10184618308;B
20240423;104118;227.77;100;10184618323;S
20240423;104118;227.77;100;10184618324;S
20240423;104122;227.78;10;10184618784;S
20240423;104122;227.77;40;10184618785;S
20240423;104122;227.77;100;10184618786;S
20240423;104122;227.76;60;10184618787;S
20240423;104122;227.76;20;10184618788;S
20240423;104122;227.76;320;10184618789;S
20240423;104130;227.83;10;10184619468;B
20240423;104137;227.75;10;10184620282;S
20240423;104137;227.74;10;10184620283;S
20240423;104137;227.74;40;10184620284;S
20240423;104137;227.73;170;10184620285;S
20240423;104140;227.8;10;10184620591;S
20240423;104144;227.73;20;10184621374;S
20240423;104145;227.76;10;10184621570;B
20240423;104145;227.77;10;10184621598;B
20240423;104155;227.77;10;10184623696;B
20240423;104156;227.73;30;10184623788;S
20240423;104156;227.73;60;10184623834;S
20240423;104157;227.77;10;10184624133;B
20240423;104158;227.75;30;10184624218;S
20240423;104206;227.77;10;10184625372;B
20240423;104216;227.75;50;10184626752;S
20240423;104220;227.77;10;10184627159;B
20240423;104225;227.77;10;10184627890;B
20240423;104227;227.75;30;10184628029;S
20240423;104227;227.73;360;10184628030;S
20240423;104245;227.73;500;10184629703;S
20240423;104250;227.76;10;10184630320;B
20240423;104254;227.76;10;10184630595;B
20240423;104255;227.76;10;10184630706;B
20240423;104304;227.78;40;10184631571;B
20240423;104305;227.78;30;10184631593;B
20240423;104308;227.78;10;10184631883;B
20240423;104309;227.78;10;10184631953;B
20240423;104320;227.77;10;10184632979;B
20240423;104329;227.74;10;10184633768;S
20240423;104335;227.73;70;10184634281;S
20240423;104344;227.76;10;10184635141;B
20240423;104346;227.78;40;10184635305;B
20240423;104358;227.74;10;10184636413;S
20240423;104358;227.73;130;10184636414;S
20240423;104400;227.77;10;10184636565;B
20240423;104400;227.77;40;10184636566;B
20240423;104402;227.77;10;10184636847;B
20240423;104402;227.77;30;10184636848;B
20240423;104402;227.78;60;10184636849;B
20240423;104404;227.74;10;10184636952;S
20240423;104404;227.73;10;10184636953;S
20240423;104409;227.77;10;10184637364;B
20240423;104420;227.77;10;10184638267;B
20240423;104422;227.77;10;10184638371;B
20240423;104429;227.78;10;10184638962;B
20240423;104430;227.74;10;10184639085;S
20240423;104430;227.74;10;10184639086;S
20240423;104430;227.73;200;10184639087;S
20240423;104435;227.74;10;10184639653;B
20240423;104437;227.74;120;10184640031;B
20240423;104437;227.76;60;10184640032;B
20240423;104445;227.78;200;10184641723;B
20240423;104445;227.74;10;10184641839;S
20240423;104445;227.73;90;10184641840;S
20240423;104447;227.74;10;10184642188;S
20240423;104458;227.74;10;10184644566;B
20240423;104458;227.77;10;10184644567;B
20240423;104458;227.78;280;10184644568;B
20240423;104458;227.78;110;10184644569;B
20240423;104458;227.79;10;10184644570;B
20240423;104458;227.8;200;10184644571;B
20240423;104458;227.81;10;10184644572;B
20240423;104458;227.81;60;10184644573;B
20240423;104458;227.81;60;10184644574;B
20240423;104458;227.81;10;10184644575;B
20240423;104458;227.82;10;10184644576;B
20240423;104458;227.82;340;10184644577;B
20240423;104458;227.83;390;10184644578;B
20240423;104506;227.77;30;10184645667;S
20240423;104507;227.82;10;10184645846;B
20240423;104515;227.83;110;10184647143;B
20240423;104515;227.83;90;10184647144;B
20240423;104518;227.83;650;10184647360;B
20240423;104518;227.83;610;10184647394;B
20240423;104518;227.84;40;10184647395;B
20240423;104526;227.85;10;10184648318;B
20240423;104528;227.84;100;10184648444;S
20240423;104535;227.84;50;10184649198;S
20240423;104545;227.85;350;10184650177;B
20240423;104545;227.84;30;10184650181;S
20240423;104545;227.84;100;10184650236;S
20240423;104546;227.84;100;10184650329;S
20240423;104548;227.85;10;10184650397;B
20240423;104553;227.85;10;10184651020;B
20240423;104556;227.85;10;10184651156;B
20240423;104556;227.85;20;10184651216;S
20240423;104558;227.85;50;10184651292;S
20240423;104559;227.86;20;10184651427;B
20240423;104601;227.85;20;10184651572;S
20240423;104601;227.85;80;10184651573;S
20240423;104602;227.85;40;10184651588;S
20240423;104608;227.87;60;10184652096;B
20240423;104619;227.88;10;10184653007;B
20240423;104619;227.89;110;10184653008;B
20240423;104619;227.9;10;10184653009;B
20240423;104621;227.9;1000;10184655263;B
20240423;104625;227.9;10;10184656064;B
20240423;104628;227.9;10;10184656225;B
20240423;104628;227.88;100;10184656330;S
20240423;104629;227.88;10;10184656347;S
20240423;104629;227.9;10;10184656386;B
20240423;104631;227.9;10;10184656533;B
20240423;104635;227.9;10;10184657206;B
20240423;104642;227.9;10;10184657948;B
20240423;104643;227.9;10;10184658080;B
20240423;104644;227.9;150;10184658091;B
20240423;104648;227.88;10;10184658550;S
20240423;104655;227.9;10;10184659144;B
20240423;104656;227.9;1000;10184659243;B
20240423;104657;227.9;10;10184659330;B
20240423;104659;227.9;10;10184659497;B
20240423;104700;227.9;10;10184659756;B
20240423;104702;227.9;10;10184660086;B
20240423;104704;227.9;20;10184660186;B
20240423;104707;227.9;10;10184660469;B
20240423;104710;227.89;10;10184660915;B
20240423;104712;227.9;130;10184661072;B
20240423;104718;227.9;20;10184661771;B
20240423;104719;227.9;90;10184661859;B
20240423;104723;227.9;20;10184662266;B
20240423;104724;227.9;10;10184662385;B
20240423;104724;227.9;10;10184662390;B
20240423;104725;227.9;10;10184662484;B
20240423;104727;227.9;100;10184662870;B
20240423;104728;227.9;70;10184663019;B
20240423;104730;227.89;10;10184663141;S
20240423;104733;227.9;10;10184663489;B
20240423;104741;227.9;110;10184664412;B
20240423;104744;227.89;270;10184664707;S
20240423;104753;227.89;10;10184665516;S
20240423;104753;227.88;100;10184665517;S
20240423;104756;227.89;120;10184665678;B
20240423;104759;227.89;10;10184665934;S
20240423;104804;227.89;70;10184666467;S
20240423;104809;227.87;110;10184666962;S
20240423;104809;227.85;20;10184666963;S
20240423;104820;227.87;20;10184668116;B
20240423;104827;227.87;40;10184668624;B
20240423;104832;227.87;60;10184668986;B
20240423;104832;227.87;30;10184668987;B
20240423;104840;227.88;10;10184669647;B
20240423;104849;227.85;10;10184670370;S
20240423;104857;227.89;10;10184670889;B
20240423;104903;227.88;70;10184671411;S
20240423;104903;227.86;110;10184671412;S
20240423;104903;227.85;10;10184671413;S
20240423;104903;227.85;70;10184671414;S
20240423;104907;227.88;20;10184671788;B
20240423;104907;227.89;420;10184671789;B
20240423;104907;227.89;10;10184671790;B
20240423;104907;227.89;10;10184671791;B
20240423;104907;227.89;110;10184671792;B
20240423;104907;227.9;1060;10184671793;B
20240423;104916;227.9;10;10184672568;B
20240423;104942;227.9;10;10184674953;B
20240423;104958;227.9;10;10184676502;B
20240423;105012;227.89;10;10184678087;B
20240423;105018;227.89;100;10184678601;B
20240423;105025;227.86;10;10184679164;S
20240423;105025;227.86;10;10184679165;S
20240423;105025;227.85;120;10184679166;S
20240423;105026;227.89;10;10184679207;B
20240423;105037;227.89;10;10184680813;B
20240423;105039;227.85;10;10184681139;S
20240423;105049;227.89;30;10184682754;B
20240423;105049;227.89;110;10184682755;B
20240423;105049;227.9;100;10184682756;B
20240423;105053;227.89;10;10184683404;B
20240423;105056;227.85;160;10184683809;S
20240423;105104;227.89;10;10184684907;B
20240423;105105;227.85;20;10184685025;S
20240423;105135;227.85;120;10184688326;S
20240423;105149;227.88;10;10184689511;B
20240423;105151;227.88;40;10184689755;B
20240423;105201;227.89;20;10184690674;B
20240423;105211;227.89;20;10184691551;B
20240423;105211;227.89;20;10184691576;B
20240423;105212;227.89;10;10184691642;B
20240423;105215;227.88;10;10184691978;S
20240423;105231;227.89;10;10184693318;B
20240423;105246;227.86;80;10184694744;B
20240423;105250;227.86;10;10184695056;B
20240423;105251;227.86;10;10184695091;B
20240423;105255;227.85;10;10184695421;S
20240423;105303;227.86;20;10184696008;B
20240423;105303;227.87;10;10184696049;B
20240423;105304;227.85;990;10184696065;S
20240423;105304;227.85;10;10184696066;S
20240423;105314;227.87;110;10184696863;B
20240423;105314;227.88;50;10184696864;B
20240423;105328;227.85;40;10184698327;S
20240423;105328;227.85;150;10184698328;S
20240423;105328;227.85;40;10184698329;S
20240423;105328;227.85;50;10184698330;S
20240423;105328;227.84;270;10184698331;S
20240423;105328;227.84;10;10184698332;S
20240423;105328;227.83;140;10184698333;S
20240423;105344;227.86;10;10184701762;B
20240423;105356;227.83;50;10184704639;S
20240423;105409;227.83;50;10184707058;S
20240423;105412;227.86;10;10184707402;B
20240423;105412;227.83;50;10184707415;S
20240423;105419;227.83;40;10184708031;S
20240423;105420;227.83;50;10184708123;S
20240423;105422;227.86;10;10184708346;B
20240423;105429;227.83;270;10184708940;S
20240423;105429;227.83;50;10184708941;S
20240423;105429;227.83;10;10184708942;S
20240423;105429;227.83;10;10184708943;S
20240423;105429;227.82;650;10184708944;S
20240423;105429;227.82;10;10184708945;S
20240423;105429;227.81;650;10184708946;S
20240423;105429;227.8;60;10184708947;S
20240423;105429;227.8;60;10184708948;S
20240423;105429;227.8;10;10184708949;S
20240423;105429;227.8;690;10184708950;S
20240423;105429;227.8;110;10184708951;S
20240423;105429;227.8;300;10184708952;S
20240423;105429;227.79;340;10184708953;S
20240423;105429;227.78;20;10184708954;S
20240423;105429;227.76;650;10184708955;S
20240423;105429;227.76;10;10184708956;S
20240423;105429;227.75;650;10184708957;S
20240423;105429;227.74;650;10184708958;S
20240423;105429;227.74;790;10184708959;S
20240423;105429;227.73;3140;10184708960;S
20240423;105429;227.73;100;10184708961;S
20240423;105429;227.73;650;10184708962;S
20240423;105429;227.72;650;10184708963;S
20240423;105429;227.71;40;10184708964;S
20240423;105429;227.71;650;10184708965;S
20240423;105429;227.7;100;10184708966;S
20240423;105429;227.7;10;10184708967;S
20240423;105429;227.7;650;10184708968;S
20240423;105429;227.69;650;10184708969;S
20240423;105429;227.7;100;10184708990;B
20240423;105429;227.68;300;10184709052;S
20240423;105430;227.69;600;10184709054;S
20240423;105430;227.68;140;10184709055;S
20240423;105430;227.68;100;10184709056;S
20240423;105430;227.68;110;10184709057;S
20240423;105430;227.67;20;10184709058;S
20240423;105430;227.67;50;10184709059;S
20240423;105430;227.67;650;10184709060;S
20240423;105430;227.67;100;10184709061;S
20240423;105430;227.66;10;10184709095;S
20240423;105433;227.68;10;10184709403;B
20240423;105433;227.66;10;10184709427;S
20240423;105437;227.68;50;10184709759;B
20240423;105450;227.66;20;10184711144;S
20240423;105450;227.66;50;10184711145;S
20240423;105458;227.65;80;10184712004;S
20240423;105458;227.65;10;10184712005;S
20240423;105458;227.65;60;10184712006;S
20240423;105458;227.65;440;10184712007;S
20240423;105458;227.65;20;10184712008;S
20240423;105458;227.65;10;10184712009;S
20240423;105459;227.63;30;10184712149;S
20240423;105500;227.66;80;10184712247;B
20240423;105508;227.67;10;10184712946;B
20240423;105509;227.68;10;10184713002;B
20240423;105513;227.65;5160;10184713429;S
20240423;105513;227.63;200;10184713430;S
20240423;105513;227.63;130;10184713431;S
20240423;105513;227.63;790;10184713432;S
20240423;105513;227.62;500;10184713433;S
20240423;105513;227.62;20;10184713434;S
20240423;105513;227.6;50;10184713435;S
20240423;105513;227.6;10;10184713436;S
20240423;105513;227.6;340;10184713437;S
20240423;105513;227.59;500;10184713438;S
20240423;105513;227.59;60;10184713439;B
20240423;105513;227.58;510;10184713482;S
20240423;105513;227.58;650;10184713483;S
20240423;105513;227.58;650;10184713484;S
20240423;105513;227.58;80;10184713485;S
20240423;105513;227.57;190;10184713486;S
20240423;105513;227.58;20;10184713497;S
20240423;105513;227.57;380;10184713498;S
20240423;105513;227.59;90;10184713500;B
20240423;105517;227.57;10;10184713849;S
20240423;105518;227.57;70;10184713911;S
20240423;105518;227.57;650;10184713912;S
20240423;105518;227.56;650;10184713913;S
20240423;105518;227.56;650;10184713914;S
20240423;105518;227.56;180;10184713915;S
20240423;105518;227.55;500;10184713916;S
20240423;105518;227.55;10;10184713917;S
20240423;105518;227.55;290;10184713918;S
20240423;105518;227.55;360;10184713923;S
20240423;105518;227.55;650;10184713924;S
20240423;105518;227.54;40;10184713925;S
20240423;105518;227.54;650;10184713926;S
20240423;105518;227.54;500;10184713927;S
20240423;105519;227.55;10;10184714070;B
20240423;105521;227.54;90;10184714161;S
20240423;105524;227.54;60;10184714611;S
20240423;105524;227.53;650;10184714612;S
20240423;105524;227.53;290;10184714613;S
20240423;105528;227.53;100;10184715139;S
20240423;105530;227.55;130;10184715416;B
20240423;105530;227.55;290;10184715417;B
20240423;105531;227.55;10;10184715469;B
20240423;105535;227.55;50;10184715897;B
20240423;105535;227.53;260;10184715898;S
20240423;105535;227.52;300;10184715937;S
20240423;105536;227.54;10;10184715991;B
20240423;105537;227.52;10;10184716004;S
20240423;105537;227.52;50;10184716005;S
20240423;105537;227.52;100;10184716102;S
20240423;105538;227.52;130;10184716175;S
20240423;105540;227.53;120;10184716279;S
20240423;105540;227.52;100;10184716280;S
20240423;105541;227.52;150;10184716312;S
20240423;105541;227.54;10;10184716486;B
20240423;105549;227.54;320;10184717125;B
20240423;105549;227.54;80;10184717126;B
20240423;105557;227.52;120;10184718073;S
20240423;105557;227.52;80;10184718074;S
20240423;105559;227.55;10;10184718212;B
20240423;105608;227.55;10;10184718967;B
20240423;105612;227.52;570;10184719280;S
20240423;105612;227.52;100;10184719281;S
20240423;105612;227.51;10;10184719282;S
20240423;105612;227.51;100;10184719283;S
20240423;105612;227.51;650;10184719284;S
20240423;105612;227.5;50;10184719285;S
20240423;105612;227.5;20;10184719286;S
20240423;105612;227.5;50;10184719287;S
20240423;105612;227.5;100;10184719288;S
20240423;105612;227.5;10;10184719289;S
20240423;105612;227.5;10;10184719290;S
20240423;105612;227.5;10;10184719291;S
20240423;105612;227.5;20;10184719292;S
20240423;105612;227.5;50;10184719293;S
20240423;105612;227.5;100;10184719294;S
20240423;105612;227.5;100;10184719295;S
20240423;105612;227.5;20;10184719296;S
20240423;105612;227.5;100;10184719297;S
20240423;105612;227.5;240;10184719298;S
20240423;105612;227.5;10;10184719299;S
20240423;105612;227.5;20;10184719300;S
20240423;105612;227.5;650;10184719301;S
20240423;105612;227.5;60;10184719302;S
20240423;105612;227.5;10;10184719303;S
20240423;105612;227.5;10;10184719304;S
20240423;105612;227.5;700;10184719305;S
20240423;105612;227.49;330;10184719306;S
20240423;105612;227.49;650;10184719307;S
20240423;105612;227.49;790;10184719308;S
20240423;105612;227.48;20;10184719309;S
20240423;105612;227.48;180;10184719310;S
20240423;105612;227.48;230;10184719311;S
20240423;105612;227.48;240;10184719312;S
20240423;105612;227.48;400;10184719314;S
20240423;105612;227.48;390;10184719315;S
20240423;105612;227.47;10;10184719316;S
20240423;105612;227.47;10;10184719317;S
20240423;105612;227.47;10;10184719318;S
20240423;105612;227.47;210;10184719319;S
20240423;105612;227.47;40;10184719320;S
20240423;105612;227.47;10;10184719321;S
20240423;105612;227.47;20;10184719322;S
20240423;105612;227.47;60;10184719323;S
20240423;105612;227.47;10;10184719324;S
20240423;105612;227.47;20;10184719325;S
20240423;105612;227.47;20;10184719326;S
20240423;105612;227.47;40;10184719327;S
20240423;105612;227.47;30;10184719328;S
20240423;105612;227.47;10;10184719329;S
20240423;105612;227.47;100;10184719330;S
20240423;105612;227.46;280;10184719331;S
20240423;105612;227.46;720;10184719332;S
20240423;105612;227.45;20;10184719334;S
20240423;105612;227.44;10;10184719336;S
20240423;105612;227.43;30;10184719337;S
20240423;105612;227.41;20;10184719339;S
20240423;105612;227.41;80;10184719340;S
20240423;105612;227.4;10;10184719341;S
20240423;105612;227.4;40;10184719342;S
20240423;105612;227.4;30;10184719343;S
20240423;105612;227.4;10;10184719344;S
20240423;105612;227.4;500;10184719345;S
20240423;105612;227.38;790;10184719346;S
20240423;105612;227.37;130;10184719347;S
20240423;105612;227.37;100;10184719348;S
20240423;105612;227.37;30;10184719349;S
20240423;105612;227.36;100;10184719350;S
20240423;105612;227.36;10;10184719351;S
20240423;105612;227.35;60;10184719353;B
20240423;105612;227.35;100;10184719357;B
20240423;105612;227.34;30;10184719363;S
20240423;105612;227.35;100;10184719367;B
20240423;105612;227.35;10;10184719375;B
20240423;105612;227.35;300;10184719377;B
20240423;105612;227.34;10;10184719384;S
20240423;105613;227.34;400;10184719390;S
20240423;105613;227.35;10;10184719394;B
20240423;105613;227.34;140;10184719415;S
20240423;105613;227.35;20;10184719424;B
20240423;105613;227.35;90;10184719426;B
20240423;105613;227.35;10;10184719427;B
20240423;105614;227.34;10;10184719454;S
20240423;105614;227.35;60;10184719496;B
20240423;105614;227.34;40;10184719497;S
20240423;105614;227.34;10;10184719533;S
20240423;105615;227.35;10;10184719556;B
20240423;105615;227.34;20;10184719557;S
20240423;105616;227.34;20;10184719600;S
20240423;105617;227.35;10;10184719749;B
20240423;105617;227.34;30;10184719750;S
20240423;105617;227.35;50;10184719766;B
20240423;105617;227.34;10;10184719787;S
20240423;105617;227.34;10;10184719796;S
20240423;105617;227.34;10;10184719813;S
20240423;105618;227.34;50;10184719932;S
20240423;105618;227.33;80;10184719933;S
20240423;105618;227.32;20;10184719934;S
20240423;105618;227.32;50;10184719935;S
20240423;105618;227.32;40;10184719936;S
20240423;105618;227.32;60;10184719937;S
20240423;105619;227.31;40;10184720025;S
20240423;105619;227.31;20;10184720026;S
20240423;105619;227.31;40;10184720027;S
20240423;105621;227.31;10;10184720143;S
20240423;105621;227.3;30;10184720144;S
20240423;105621;227.3;10;10184720145;S
20240423;105621;227.3;50;10184720146;S
20240423;105623;227.3;450;10184720292;S
20240423;105623;227.3;20;10184720293;S
20240423;105623;227.3;790;10184720294;S
20240423;105623;227.3;10;10184720295;S
20240423;105623;227.29;1000;10184720296;S
20240423;105623;227.29;130;10184720297;S
20240423;105623;227.35;100;10184720299;B
20240423;105623;227.34;100;10184720309;B
20240423;105624;227.34;10;10184720501;B
20240423;105627;227.34;10;10184720750;B
20240423;105635;227.34;20;10184721494;B
20240423;105635;227.35;80;10184721495;B
20240423;105641;227.34;70;10184722044;B
20240423;105641;227.35;10;10184722045;B
20240423;105651;227.29;80;10184723010;S
20240423;105651;227.29;120;10184723011;S
20240423;105651;227.28;200;10184723012;S
20240423;105705;227.35;130;10184724059;B
20240423;105705;227.35;100;10184724060;B
20240423;105705;227.35;120;10184724061;B
20240423;105706;227.36;320;10184724200;S
20240423;105711;227.38;20;10184724726;B
20240423;105711;227.42;10;10184724727;B
20240423;105711;227.43;40;10184724728;B
20240423;105713;227.43;20;10184724861;B
20240423;105713;227.46;40;10184724862;B
20240423;105713;227.46;40;10184724863;B
20240423;105721;227.46;60;10184725551;B
20240423;105721;227.46;120;10184725552;B
20240423;105721;227.48;40;10184725553;B
20240423;105727;227.44;10;10184726384;S
20240423;105737;227.44;40;10184727146;S
20240423;105737;227.43;10;10184727147;S
20240423;105737;227.38;50;10184727148;S
20240423;105747;227.39;90;10184728370;S
20240423;105806;227.39;80;10184732298;S
20240423;105806;227.39;120;10184732299;S
20240423;105806;227.38;30;10184732492;S
20240423;105806;227.38;10;10184732493;S
20240423;105806;227.38;10;10184732494;S
20240423;105806;227.38;150;10184732495;S
20240423;105809;227.37;10;10184733661;S
20240423;105810;227.36;650;10184733916;S
20240423;105816;227.38;70;10184735088;B
20240423;105821;227.35;680;10184735870;S
20240423;105821;227.34;20;10184735871;S
20240423;105821;227.32;810;10184735872;S
20240423;105821;227.31;790;10184735873;S
20240423;105821;227.3;1000;10184735874;S
20240423;105821;227.3;60;10184735875;S
20240423;105821;227.3;10;10184735876;S
20240423;105821;227.3;110;10184735877;S
20240423;105821;227.28;10;10184735878;S
20240423;105821;227.27;220;10184735879;S
20240423;105821;227.26;100;10184735880;S
20240423;105821;227.25;100;10184735881;S
20240423;105821;227.25;500;10184735882;S
20240423;105821;227.24;340;10184735883;S
20240423;105821;227.23;300;10184735884;S
20240423;105821;227.22;330;10184735885;S
20240423;105821;227.21;10;10184735886;S
20240423;105821;227.2;800;10184735887;S
20240423;105821;227.2;10;10184735888;S
20240423;105821;227.2;50;10184735889;S
20240423;105821;227.19;30;10184735890;S
20240423;105821;227.19;800;10184735891;S
20240423;105821;227.14;20;10184735892;S
20240423;105821;227.12;30;10184735893;S
20240423;105821;227.12;20;10184735894;S
20240423;105821;227.12;500;10184735895;S
20240423;105821;227.11;50;10184735896;S
20240423;105821;227.11;50;10184735897;S
20240423;105821;227.11;40;10184735898;S
20240423;105821;227.11;1600;10184735899;S
20240423;105821;227.1;30;10184735900;S
20240423;105821;227.1;20;10184735901;S
20240423;105821;227.1;30;10184735902;S
20240423;105821;227.1;3600;10184735903;S
20240423;105821;227.09;500;10184735904;S
20240423;105821;227.09;50;10184735905;S
20240423;105821;227.08;50;10184735906;S
20240423;105821;227.08;1000;10184735907;S
20240423;105821;227.06;400;10184735908;S
20240423;105821;227.05;50;10184735909;S
20240423;105821;227.05;50;10184735910;S
20240423;105821;227.05;530;10184735911;S
20240423;105821;227.04;4000;10184735912;S
20240423;105821;227.04;880;10184735913;S
20240423;105821;227.03;50;10184735914;S
20240423;105821;227.03;50;10184735915;S
20240423;105821;227.03;4000;10184735916;S
20240423;105821;227.03;20;10184735917;S
20240423;105821;227.02;10;10184735918;S
20240423;105821;227.02;80;10184735919;S
20240423;105821;227.02;90;10184735920;S
20240423;105821;227.01;500;10184735921;S
20240423;105821;227.01;500;10184735922;S
20240423;105821;227.01;10;10184735923;S
20240423;105821;227.01;10;10184735924;S
20240423;105821;227.01;100;10184735925;S
20240423;105821;227.01;10;10184735926;S
20240423;105821;227.01;500;10184735927;S
20240423;105821;227.01;800;10184735928;S
20240423;105821;227;10;10184735929;S
20240423;105821;227;50;10184735930;S
20240423;105821;227;20;10184735931;S
20240423;105821;227;20;10184735932;S
20240423;105821;227;10;10184735933;S
20240423;105821;227;10;10184735934;S
20240423;105821;227;10;10184735935;S
20240423;105821;227;480;10184735936;S
20240423;105821;227;300;10184735937;S
20240423;105822;227.11;90;10184735939;B
20240423;105822;227.01;790;10184735940;S
20240423;105822;227;100;10184735941;S
20240423;105822;227;160;10184735942;S
20240423;105822;227;10;10184735943;S
20240423;105822;227;10;10184735944;S
20240423;105822;227;10;10184735945;S
20240423;105822;227;500;10184735946;S
20240423;105822;227;100;10184735947;S
20240423;105822;227;50;10184735948;S
20240423;105822;227;40;10184735949;S
20240423;105822;227;1000;10184735950;S
20240423;105822;227;200;10184735951;S
20240423;105822;227;1030;10184735952;S
20240423;105822;227.01;790;10184735958;S
20240423;105822;227;1110;10184735959;S
20240423;105822;227.01;50;10184735962;S
20240423;105822;227.04;100;10184735973;B
20240423;105822;227.04;30;10184735980;B
20240423;105822;227.01;50;10184735994;S
20240423;105822;227.01;20;10184736121;S
20240423;105822;227.04;790;10184736144;S
20240423;105822;227.03;10;10184736145;S
20240423;105822;227;4200;10184736146;S
20240423;105822;227.07;10;10184736149;B
20240423;105822;227.01;20;10184736150;S
20240423;105822;227.01;200;10184736151;S
20240423;105822;227.01;10;10184736206;S
20240423;105823;227.01;30;10184736310;S
20240423;105824;227.07;10;10184736374;B
20240423;105825;227.05;10;10184736479;B
20240423;105825;227.06;100;10184736548;B
20240423;105826;227.05;100;10184736600;B
20240423;105826;227.05;100;10184736607;B
20240423;105826;227.05;50;10184736621;B
20240423;105827;227.03;790;10184736752;S
20240423;105827;227.02;100;10184736753;S
20240423;105827;227;1610;10184736754;S
20240423;105827;227.04;90;10184736758;B
20240423;105827;227.04;100;10184736803;B
20240423;105828;227.04;100;10184736902;B
20240423;105829;227.01;100;10184737064;S
20240423;105829;227.03;90;10184737065;B
20240423;105830;227.01;140;10184737174;S
20240423;105831;227.01;40;10184737239;S
20240423;105832;227.04;50;10184737392;B
20240423;105834;227.05;200;10184737638;B
20240423;105834;227.06;110;10184737639;B
20240423;105834;227.08;300;10184737640;B
20240423;105834;227.09;100;10184737641;B
20240423;105834;227.09;130;10184737642;B
20240423;105834;227.09;880;10184737643;B
20240423;105834;227.1;50;10184737644;B
20240423;105834;227.1;340;10184737645;B
20240423;105834;227.11;1890;10184737646;B
20240423;105836;227.03;40;10184737855;S
20240423;105836;227.1;10;10184737884;B
20240423;105839;227.1;20;10184738205;B
20240423;105841;227.1;10;10184738609;B
20240423;105843;227.07;10;10184738789;S
20240423;105853;227.08;50;10184740332;S
20240423;105853;227.08;110;10184740333;S
20240423;105853;227.08;10;10184740334;S
20240423;105853;227.07;40;10184740335;S
20240423;105853;227.07;50;10184740336;S
20240423;105853;227.07;50;10184740337;S
20240423;105853;227.06;110;10184740338;S
20240423;105853;227.06;530;10184740339;S
20240423;105853;227.06;550;10184740340;S
20240423;105854;227.07;10;10184740442;B
20240423;105900;227.08;110;10184741081;B
20240423;105900;227.08;100;10184741082;B
20240423;105901;227.1;40;10184741189;B
20240423;105902;227.1;60;10184741282;B
20240423;105902;227.1;10;10184741283;B
20240423;105902;227.13;930;10184741284;B
20240423;105902;227.1;200;10184741366;S
20240423;105902;227.1;40;10184741539;S
20240423;105902;227.09;160;10184741540;S
20240423;105903;227.12;100;10184741860;S
20240423;105918;227.11;10;10184743500;S
20240423;105918;227.1;10;10184743501;S
20240423;105918;227.1;10;10184743502;S
20240423;105918;227.1;10;10184743503;S
20240423;105918;227.13;700;10184743507;B
20240423;105919;227.11;10;10184743674;S
20240423;105920;227.13;10;10184743847;B
20240423;105921;227.13;470;10184744011;B
20240423;105921;227.14;30;10184744012;B
20240423;105924;227.17;10;10184744430;B
20240423;105925;227.17;40;10184744533;B
20240423;105925;227.17;110;10184744534;B
20240423;105925;227.18;50;10184744535;B
20240423;105925;227.18;110;10184744536;B
20240423;105925;227.19;50;10184744537;B
20240423;105925;227.2;50;10184744538;B
20240423;105925;227.21;130;10184744539;B
20240423;105925;227.24;50;10184744540;B
20240423;105925;227.27;20;10184744541;B
20240423;105925;227.27;60;10184744542;B
20240423;105925;227.29;30;10184744543;B
20240423;105925;227.3;20;10184744558;B
20240423;105926;227.3;10;10184744662;B
20240423;105943;227.23;10;10184746255;S
20240423;105943;227.22;20;10184746256;S
20240423;105944;227.21;10;10184746371;S
20240423;105952;227.27;10;10184747129;B
20240423;105952;227.28;100;10184747130;B
20240423;105952;227.28;10;10184747131;B
20240423;105952;227.3;20;10184747132;B
20240423;105952;227.3;10;10184747133;B
20240423;105957;227.26;10;10184747513;S
20240423;110003;227.26;20;10184748479;S
20240423;110003;227.24;20;10184748503;S
20240423;110003;227.24;20;10184748507;S
20240423;110005;227.24;20;10184749414;S
20240423;110005;227.24;20;10184749430;S
20240423;110008;227.31;10;10184750225;B
20240423;110015;227.3;40;10184751909;B
20240423;110021;227.3;10;10184753102;B
20240423;110027;227.3;10;10184754346;B
20240423;110030;227.3;80;10184754935;B
20240423;110036;227.3;30;10184756110;S
20240423;110037;227.31;40;10184756354;B
20240423;110039;227.3;70;10184756749;S
20240423;110054;227.33;10;10184760037;B
20240423;110056;227.33;10;10184760527;B
20240423;110057;227.3;20;10184760585;S
20240423;110101;227.3;300;10184761532;S
20240423;110101;227.3;330;10184761533;S
20240423;110101;227.29;100;10184761534;S
20240423;110101;227.26;30;10184761535;S
20240423;110101;227.25;60;10184761536;S
20240423;110101;227.23;130;10184761537;S
20240423;110101;227.23;10;10184761538;S
20240423;110101;227.23;530;10184761539;S
20240423;110101;227.22;970;10184761540;S
20240423;110109;227.28;100;10184763286;B
20240423;110110;227.22;30;10184763381;S
20240423;110110;227.2;60;10184763382;S
20240423;110110;227.19;10;10184763383;S
20240423;110115;227.2;40;10184764504;B
20240423;110122;227.13;60;10184765846;S
20240423;110122;227.13;10;10184765847;S
20240423;110122;227.12;40;10184765848;S
20240423;110122;227.12;100;10184765849;S
20240423;110122;227.11;10;10184765850;S
20240423;110122;227.11;30;10184765851;S
20240423;110122;227.11;30;10184765852;S
20240423;110137;227.16;10;10184769790;S
20240423;110147;227.12;10;10184771780;S
20240423;110147;227.12;90;10184771781;S
20240423;110147;227.11;120;10184771782;S
20240423;110157;227.17;10;10184773953;B
20240423;110157;227.18;10;10184773954;B
20240423;110157;227.19;30;10184773955;B
20240423;110157;227.2;60;10184773956;B
20240423;110157;227.2;40;10184773957;B
20240423;110207;227.15;10;10184776183;S
20240423;110210;227.2;10;10184776712;B
20240423;110214;227.18;30;10184777514;S
20240423;110222;227.23;530;10184779202;S
20240423;110222;227.22;340;10184779203;S
20240423;110222;227.22;90;10184779204;S
20240423;110222;227.2;790;10184779205;S
20240423;110222;227.2;60;10184779206;S
20240423;110222;227.17;60;10184779207;S
20240423;110223;227.16;10;10184779660;S
20240423;110223;227.16;130;10184779661;S
20240423;110224;227.17;10;10184779785;B
20240423;110231;227.17;10;10184781378;B
20240423;110233;227.17;20;10184781699;B
20240423;110233;227.16;280;10184781735;S
20240423;110242;227.17;300;10184783576;B
20240423;110244;227.16;190;10184784015;S
20240423;110245;227.17;90;10184784232;B
20240423;110246;227.16;190;10184784320;S
20240423;110246;227.16;120;10184784321;S
20240423;110246;227.16;10;10184784322;S
20240423;110246;227.15;120;10184784323;S
20240423;110257;227.13;20;10184786674;S
20240423;110257;227.12;20;10184786675;S
20240423;110312;227.16;20;10184790272;B
20240423;110312;227.16;10;10184790273;B
20240423;110312;227.16;60;10184790274;B
20240423;110314;227.17;10;10184790854;B
20240423;110318;227.17;10;10184791980;B
20240423;110322;227.17;300;10184792833;B
20240423;110326;227.15;20;10184793835;S
20240423;110328;227.17;40;10184794444;B
20240423;110330;227.17;40;10184794685;B
20240423;110330;227.15;80;10184794689;S
20240423;110330;227.15;100;10184794690;S
20240423;110330;227.14;100;10184794691;S
20240423;110330;227.14;530;10184794692;S
20240423;110330;227.13;340;10184794693;S
20240423;110330;227.12;550;10184794694;S
20240423;110344;227.13;80;10184797828;S
20240423;110346;227.15;10;10184798334;B
20240423;110348;227.14;20;10184798774;B
20240423;110349;227.14;20;10184798879;B
20240423;110349;227.14;20;10184799078;B
20240423;110351;227.12;50;10184799499;S
20240423;110351;227.12;10;10184799500;S
20240423;110351;227.12;100;10184799501;S
20240423;110355;227.11;80;10184800321;S
20240423;110400;227.12;10;10184801138;B
20240423;110400;227.12;20;10184801197;B
20240423;110401;227.11;30;10184801373;S
20240423;110401;227.11;100;10184801374;S
20240423;110401;227.11;10;10184801375;S
20240423;110401;227.11;1000;10184801376;S
20240423;110401;227.1;90;10184801377;S
20240423;110401;227.1;120;10184801378;S
20240423;110401;227.1;10;10184801379;S
20240423;110401;227.1;10;10184801380;S
20240423;110401;227.1;10;10184801381;S
20240423;110401;227.1;10;10184801382;S
20240423;110401;227.1;100;10184801383;S
20240423;110401;227.09;10;10184801384;S
20240423;110401;227.09;100;10184801385;S
20240423;110401;227.09;10;10184801386;S
20240423;110401;227.08;2790;10184801387;S
20240423;110401;227.08;10;10184801388;S
20240423;110401;227.08;50;10184801389;S
20240423;110401;227.07;10;10184801390;S
20240423;110401;227.06;790;10184801391;S
20240423;110401;227.05;100;10184801392;S
20240423;110401;227.05;100;10184801393;S
20240423;110401;227.05;10;10184801394;S
20240423;110401;227.04;10;10184801395;S
20240423;110401;227.04;340;10184801396;S
20240423;110401;227.02;10;10184801397;S
20240423;110401;227.01;120;10184801398;S
20240423;110401;227.01;500;10184801399;S
20240423;110401;227.01;10;10184801400;S
20240423;110401;227.01;10;10184801401;S
20240423;110401;227.01;10;10184801402;S
20240423;110401;227.01;100;10184801403;S
20240423;110401;227.01;10;10184801404;S
20240423;110401;227.01;60;10184801405;S
20240423;110401;227.01;530;10184801406;S
20240423;110401;227;520;10184801407;S
20240423;110401;227.01;20;10184801424;S
20240423;110403;227.06;40;10184801793;B
20240423;110408;227.06;10;10184802640;S
20240423;110416;227.05;10;10184804241;B
20240423;110421;227.05;200;10184805652;B
20240423;110422;227.02;40;10184805757;S
20240423;110422;227.02;100;10184805758;S
20240423;110422;227.01;10;10184805759;S
20240423;110422;227.02;20;10184806081;B
20240423;110422;227.03;80;10184806180;B
20240423;110430;227.06;10;10184814215;B
20240423;110430;227.06;10;10184814869;B
20240423;110431;227.07;40;10184815270;B
20240423;110435;227.09;50;10184819515;B
20240423;110438;227.07;100;10184823155;S
20240423;110438;227.06;530;10184823156;S
20240423;110438;227.05;340;10184823157;S
20240423;110438;227.04;880;10184823158;S
20240423;110438;227.04;790;10184823159;S
20240423;110438;227.03;1000;10184823160;S
20240423;110438;227.03;60;10184823161;S
20240423;110438;227;2000;10184823162;S
20240423;110438;227.01;30;10184823277;S
20240423;110440;227.02;20;10184825072;S
20240423;110440;227.01;760;10184825073;S
20240423;110440;227.01;50;10184825074;S
20240423;110440;227;510;10184825075;S
20240423;110440;227;20;10184825076;S
20240423;110440;227;40;10184825077;S
20240423;110440;227;50;10184825078;S
20240423;110440;227;10;10184825079;S
20240423;110440;227;20;10184825080;S
20240423;110440;227;10;10184825081;S
20240423;110440;227;10;10184825082;S
20240423;110440;227;200;10184825083;S
20240423;110440;227;30;10184825084;S
20240423;110440;227;60;10184825085;S
20240423;110440;227;300;10184825086;S
20240423;110440;227;10;10184825087;S
20240423;110440;227;10;10184825088;S
20240423;110440;227;10;10184825089;S
20240423;110440;227;10;10184825090;S
20240423;110440;227;10;10184825091;S
20240423;110440;227;50;10184825092;S
20240423;110440;227;1000;10184825093;S
20240423;110440;227;30;10184825094;S
20240423;110440;227;400;10184825095;S
20240423;110440;227;20;10184825096;S
20240423;110440;227;150;10184825097;S
20240423;110440;227;10;10184825098;S
20240423;110440;227;20;10184825099;S
20240423;110440;227;10;10184825100;S
20240423;110440;227;10;10184825101;S
20240423;110440;227;40;10184825102;S
20240423;110440;227;60;10184825103;S
20240423;110440;227;10;10184825104;S
20240423;110440;227;10;10184825105;S
20240423;110440;227;10;10184825106;S
20240423;110440;227;30;10184825107;S
20240423;110440;227;300;10184825108;S
20240423;110440;227;10;10184825109;S
20240423;110440;227;10;10184825110;S
20240423;110440;227;10;10184825111;S
20240423;110440;227;10;10184825112;S
20240423;110440;227;10;10184825113;S
20240423;110440;226.99;20;10184825114;S
20240423;110440;226.99;100;10184825115;S
20240423;110440;226.98;10;10184825116;S
20240423;110440;226.97;100;10184825117;S
20240423;110440;226.97;10;10184825118;S
20240423;110440;226.96;10;10184825119;S
20240423;110440;226.96;500;10184825120;S
20240423;110440;226.96;10;10184825121;S
20240423;110440;226.96;340;10184825122;S
20240423;110440;226.95;2550;10184825123;S
20240423;110440;226.95;50;10184825229;S
20240423;110441;226.95;990;10184825238;S
20240423;110441;226.95;870;10184825487;S
20240423;110442;227;100;10184826659;B
20240423;110443;227;10;10184827044;B
20240423;110446;226.95;100;10184829902;S
20240423;110446;226.99;100;10184829903;B
20240423;110450;226.98;10;10184833952;B
20240423;110450;226.99;100;10184833953;B
20240423;110450;227;210;10184833954;B
20240423;110503;227.02;20;10184844609;B
20240423;110504;227.02;50;10184845969;B
20240423;110512;227.02;200;10184852676;S
20240423;110512;227.02;180;10184853062;S
20240423;110512;227.01;20;10184853063;S
20240423;110512;227.01;80;10184853347;S
20240423;110512;227.01;120;10184853348;S
20240423;110513;227.01;200;10184853659;S
20240423;110520;227;10;10184859927;S
20240423;110523;227.02;10;10184862323;B
20240423;110527;227.02;10;10184865870;B
20240423;110530;227.03;10;10184869127;B
20240423;110545;227.03;100;10184882967;B
20240423;110546;227.05;130;10184884434;B
20240423;110551;227.08;10;10184889813;B
20240423;110553;227.07;10;10184892129;S
20240423;110553;227.07;10;10184892130;S
20240423;110553;227.07;50;10184892131;S
20240423;110553;227.06;30;10184892132;S
20240423;110602;227.05;10;10184901436;S
20240423;110609;227.05;420;10184909453;S
20240423;110609;227.04;10;10184909458;S
20240423;110610;227.05;90;10184910321;B
20240423;110610;227.07;90;10184910322;B
20240423;110624;227.05;40;10184924374;B
20240423;110626;227.05;60;10184926689;B
20240423;110626;227.07;40;10184926690;B
20240423;110627;227.08;30;10184927523;B
20240423;110630;227.05;10;10184930668;B
20240423;110630;227.04;10;10184931023;S
20240423;110630;227.04;40;10184931024;S
20240423;110631;227.05;20;10184932600;B
20240423;110632;227.04;10;10184932989;S
20240423;110632;227.03;20;10184932990;S
20240423;110635;227.03;10;10184936221;S
20240423;110636;227.05;100;10184937628;B
20240423;110637;227.05;10;10184938677;B
20240423;110638;227.03;550;10184940103;S
20240423;110639;227.05;50;10184940805;B
20240423;110643;227.05;100;10184944521;B
20240423;110645;227.05;20;10184946201;B
20240423;110646;227.05;50;10184947112;B
20240423;110649;227.05;100;10184950406;B
20240423;110650;227.05;10;10184952224;B
20240423;110652;227.05;10;10184953608;B
20240423;110655;227.05;10;10184957544;B
20240423;110705;227.05;10;10184967811;B
20240423;110707;227.05;220;10184970260;B
