<DATE>;<TIME>;<LAST>;<VOL>;<ID>;<OPER>
20241025;095934;855.9;1;11338232683;S
20241025;095934;855.9;6;11338232684;B
20241025;095934;855.9;1;11338232685;S
20241025;095934;855.9;10;11338232686;B
20241025;095934;855.9;1;11338232687;B
20241025;095934;855.9;1;11338232688;B
20241025;095934;855.9;4;11338232689;S
20241025;095934;855.9;1;11338232690;S
20241025;095934;855.9;9;11338232691;S
20241025;095934;855.9;4;11338232692;S
20241025;100000;856.2;1;11338238431;B
20241025;100004;856.9;50;11338241507;B
20241025;100004;856;1;11338241997;S
20241025;100005;856.9;2;11338242758;B
20241025;100005;856;1;11338242938;S
20241025;100005;856;4;11338242992;S
20241025;100005;856.9;1;11338243555;B
20241025;100006;856;10;11338244213;S
20241025;100006;856.9;53;11338244283;B
20241025;100006;856;4;11338244285;S
20241025;100011;855.9;10;11338245938;S
20241025;100011;855.9;10;11338245939;S
20241025;100011;855.9;9;11338245940;S
20241025;100011;855.9;3;11338245941;S
20241025;100011;855.9;1;11338245942;S
20241025;100011;855.9;1;11338245943;S
20241025;100011;855.9;16;11338245944;S
20241025;100011;855.9;1;11338245945;S
20241025;100011;855.9;20;11338245946;S
20241025;100011;855.9;80;11338245947;S
20241025;100011;855.8;1;11338245948;S
20241025;100011;855.8;26;11338245949;S
20241025;100011;855.7;20;11338245996;S
20241025;100014;855.5;4;11338246687;S
20241025;100014;855.5;15;11338246688;S
20241025;100014;855.5;1;11338246689;S
20241025;100014;855.5;1;11338246690;S
20241025;100014;855.5;30;11338246694;B
20241025;100014;855.4;1;11338246695;S
20241025;100014;855.4;4;11338246696;S
20241025;100018;854;5;11338247921;S
20241025;100020;854;2;11338248217;B
20241025;100023;853.4;5;11338248917;S
20241025;100023;853.1;1;11338248918;S
20241025;100023;853;1;11338248919;S
20241025;100023;852.8;1;11338248920;S
20241025;100023;852;8;11338248921;S
20241025;100023;852;5;11338248922;S
20241025;100023;850.4;21;11338248923;S
20241025;100024;853.4;5;11338249234;S
20241025;100024;853.5;86;11338249238;B
20241025;100024;855.5;20;11338249254;B
20241025;100024;855.5;7;11338249255;B
20241025;100024;853.5;9;11338249284;S
20241025;100025;852.9;10;11338249504;B
20241025;100025;852.9;90;11338249539;B
20241025;100035;852.1;37;11338252399;S
20241025;100108;852.4;1;11338260027;S
20241025;100108;852.1;2;11338260028;S
20241025;100108;851.8;10;11338260029;S
20241025;100109;852.1;1;11338260210;S
20241025;100109;851.6;1;11338260283;S
20241025;100110;851.7;1;11338260375;B
20241025;100116;851;20;11338261374;B
20241025;100116;851.4;10;11338261375;B
20241025;100123;851.1;12;11338262626;B
20241025;100151;850.4;8;11338267899;S
20241025;100201;850.5;1;11338269613;B
20241025;100219;850.5;7;11338272988;B
20241025;100232;850.4;7;11338275419;S
20241025;100232;850.4;1;11338275420;S
20241025;100232;850.2;5;11338275421;S
20241025;100232;850.1;5;11338275422;S
20241025;100232;850;1;11338275423;S
20241025;100232;850;1;11338275424;S
20241025;100232;850;1;11338275426;S
20241025;100232;850;2;11338275455;S
20241025;100232;850;1;11338275456;S
20241025;100232;850;2;11338275457;S
20241025;100232;850;1;11338275458;S
20241025;100232;850;1;11338275459;S
20241025;100232;850;1;11338275460;S
20241025;100232;850;4;11338275461;S
20241025;100232;850;1;11338275462;S
20241025;100232;850;7;11338275463;S
20241025;100232;850;20;11338275525;S
20241025;100232;850;20;11338275588;S
20241025;100233;850;20;11338275602;S
20241025;100233;850;20;11338275632;S
20241025;100233;850;63;11338275642;S
20241025;100235;849.3;1;11338276018;S
20241025;100252;850.3;1;11338279074;B
20241025;100301;850;1;11338280357;S
20241025;100301;849.3;1;11338280358;S
20241025;100323;849.7;1;11338283892;B
20241025;100333;849.7;1;11338285895;B
20241025;100351;849.3;1;11338288707;S
20241025;100356;849.9;12;11338289365;B
20241025;100402;850.1;1;11338290184;B
20241025;100402;850.1;1;11338290233;B
20241025;100436;849.8;3;11338295265;B
20241025;100441;849.4;5;11338296452;S
20241025;100442;849.9;6;11338296736;B
20241025;100445;849.9;1;11338297376;B
20241025;100447;849.9;27;11338297612;B
20241025;100447;849.9;20;11338297613;B
20241025;100447;849.9;3;11338297614;B
20241025;100447;849.9;1;11338297685;B
20241025;100459;850.1;16;11338299913;B
20241025;100504;850.2;1;11338301053;B
20241025;100504;850.2;8;11338301054;B
20241025;100504;850.5;1;11338301055;B
20241025;100504;850.5;3;11338301056;B
20241025;100504;851.3;5;11338301057;B
20241025;100504;851.7;5;11338301058;B
20241025;100504;852;22;11338301059;B
20241025;100504;852;80;11338301060;B
20241025;100504;852.1;73;11338301061;B
20241025;100504;852.2;1;11338301062;B
20241025;100504;852.7;50;11338301063;B
20241025;100506;850.8;13;11338301539;S
20241025;100520;850.8;1;11338304612;S
20241025;100527;850.9;5;11338305922;S
20241025;100527;850.9;3;11338305923;S
20241025;100527;850.8;3;11338305924;S
20241025;100527;850.5;80;11338305925;S
20241025;100527;850.2;1;11338305926;S
20241025;100527;850.1;4;11338305927;S
20241025;100540;850.7;1;11338308280;S
20241025;100544;850.7;1;11338309102;S
20241025;100559;850.7;3;11338311570;S
20241025;100559;850.7;16;11338311571;S
20241025;100559;850.7;3;11338311572;S
20241025;100620;850.6;4;11338315141;B
20241025;100620;850.7;4;11338315142;B
20241025;100620;850.8;1;11338315143;B
20241025;100620;850.9;1;11338315144;B
20241025;100620;852;16;11338315145;B
20241025;100620;852;80;11338315146;B
20241025;100620;852.1;42;11338315147;B
20241025;100631;851.9;1;11338316964;B
20241025;100634;851.9;1;11338317472;B
20241025;100634;852;1;11338317473;B
20241025;100634;852.1;8;11338317474;B
20241025;100634;852.1;1;11338317475;B
20241025;100634;852.9;1;11338317476;B
20241025;100634;853;18;11338317477;B
20241025;100638;852.7;2;11338318194;B
20241025;100638;852.7;4;11338318195;B
20241025;100641;852.8;1;11338318731;B
20241025;100742;852.6;3;11338328658;B
20241025;100745;852.4;3;11338329198;B
20241025;100745;852.5;47;11338329199;B
20241025;100757;852.5;2;11338331122;S
20241025;100801;852.6;1;11338331775;B
20241025;100808;852.3;1;11338332881;B
20241025;100808;852.4;39;11338332882;B
20241025;100808;852.4;18;11338332972;B
20241025;100808;852.5;1;11338332973;B
20241025;100808;852.5;1;11338332974;B
20241025;100808;852.6;1;11338332975;B
20241025;100808;852.7;7;11338332976;B
20241025;100808;852.9;2;11338332977;B
20241025;100849;852.6;1;11338337929;B
20241025;100849;852.7;2;11338337930;B
20241025;100908;852.7;1;11338340581;B
20241025;100952;852.5;5;11338348202;S
20241025;100956;852.6;1;11338348691;B
20241025;100958;852.1;1;11338348939;S
20241025;100958;852;4;11338348940;S
20241025;101001;852.5;7;11338349535;B
20241025;101033;852.6;1;11338352984;B
20241025;101044;852.1;1;11338354177;S
20241025;101044;852;9;11338354178;S
20241025;101045;852;1;11338354255;S
20241025;101045;852;1;11338354256;S
20241025;101101;852.6;1;11338356220;B
20241025;101118;852.5;1;11338357679;B
20241025;101121;852.6;6;11338357914;B
20241025;101125;852.8;3;11338358194;B
20241025;101126;852.9;1;11338358325;B
20241025;101132;852.9;1;11338358795;B
20241025;101144;852.9;3;11338360189;B
20241025;101150;852.9;1;11338360837;B
20241025;101202;852.9;1;11338362225;B
20241025;101220;852.7;10;11338364922;S
20241025;101225;852.7;1;11338365715;S
20241025;101226;852.8;1;11338366093;B
20241025;101237;852.6;4;11338367130;S
20241025;101247;852.8;1;11338367941;B
20241025;101334;852.9;3;11338372952;B
20241025;101334;852.9;57;11338372953;B
20241025;101334;852.9;10;11338372954;B
20241025;101334;852.9;18;11338372955;B
20241025;101334;853;412;11338372956;B
20241025;101334;853;1;11338372972;B
20241025;101340;853;20;11338373629;B
20241025;101343;853;200;11338374034;B
20241025;101344;853;20;11338374089;B
20241025;101344;853;20;11338374164;B
20241025;101403;852.9;51;11338376022;S
20241025;101413;853;1;11338377049;B
20241025;101414;853;7;11338377150;B
20241025;101425;852.8;2;11338378322;S
20241025;101425;852.8;26;11338378323;S
20241025;101426;852.8;3;11338378333;S
20241025;101430;853;50;11338378776;B
20241025;101430;853;50;11338378850;B
20241025;101432;853;50;11338378994;B
20241025;101436;852.8;1;11338379754;S
20241025;101452;853;1;11338381534;B
20241025;101459;852.8;1;11338382206;S
20241025;101459;852.7;62;11338382207;S
20241025;101459;852.6;15;11338382208;S
20241025;101459;852.5;24;11338382209;S
20241025;101459;852.5;4;11338382210;S
20241025;101459;852.4;94;11338382211;S
20241025;101502;852.9;2;11338382613;B
20241025;101502;852.9;1;11338382638;B
20241025;101502;852.9;1;11338382640;B
20241025;101502;852.9;1;11338382646;B
20241025;101503;852.9;1;11338382818;B
20241025;101508;852.4;1;11338383718;S
20241025;101510;852.3;1;11338384060;S
20241025;101510;852.4;2;11338384192;S
20241025;101510;852.4;1;11338384209;S
20241025;101531;852.4;1;11338389481;S
20241025;101544;852.9;1;11338391292;B
20241025;101545;852.5;1;11338391392;S
20241025;101557;852.4;1;11338393394;S
20241025;101557;852.4;3;11338393395;S
20241025;101607;852.5;1;11338394663;S
20241025;101612;852.5;12;11338395579;S
20241025;101628;852.5;1;11338397423;B
20241025;101638;852.5;7;11338398717;B
20241025;101638;852.7;13;11338398718;B
20241025;101638;852.8;9;11338398719;B
20241025;101638;852.8;13;11338398720;B
20241025;101638;853;28;11338398721;B
20241025;101646;852.5;7;11338399653;S
20241025;101649;852.5;1;11338400230;B
20241025;101655;852.5;4;11338401579;B
20241025;101703;852.4;9;11338402455;S
20241025;101703;852.4;3;11338402456;S
20241025;101706;852.5;3;11338403390;B
20241025;101747;852.5;1;11338415595;B
20241025;101846;852.5;1;11338423382;B
20241025;101849;852.5;2;11338423724;B
20241025;101857;852.4;2;11338424810;S
20241025;101903;852.4;1;11338425688;B
20241025;101939;852.3;1;11338430249;S
20241025;101947;852.3;2;11338431236;B
20241025;102014;852.1;1;11338435053;S
20241025;102014;852;1;11338435054;S
20241025;102014;852;1;11338435055;S
20241025;102014;852;1;11338435056;S
20241025;102014;852;1;11338435057;S
20241025;102046;852;1;11338453017;S
20241025;102046;851.9;2;11338453018;S
20241025;102159;852;5;11338479220;S
20241025;102159;852;2;11338479223;S
20241025;102159;852;9;11338479265;S
20241025;102159;851.9;3;11338479266;S
20241025;102159;851.9;10;11338479267;S
20241025;102159;851.9;4;11338479270;S
20241025;102159;851.9;2;11338479304;S
20241025;102159;851.9;2;11338479325;S
20241025;102214;852.3;2;11338481371;B
20241025;102219;852.3;1;11338482118;B
20241025;102225;852.3;5;11338482932;B
20241025;102236;851.9;1;11338484162;S
20241025;102321;851.9;9;11338489775;S
20241025;102345;851.9;71;11338492521;S
20241025;102345;851.9;3;11338492522;S
20241025;102345;851.8;8;11338492523;S
20241025;102345;851.7;8;11338492524;S
20241025;102345;851.5;1;11338492525;S
20241025;102345;851.1;1;11338492526;S
20241025;102345;851;1;11338492527;S
20241025;102345;851;40;11338492528;S
20241025;102358;851.9;1;11338493555;B
20241025;102450;851.9;4;11338501736;B
20241025;102453;851.2;59;11338502141;S
20241025;102453;851.1;31;11338502142;S
20241025;102526;851.8;1;11338506633;B
20241025;102542;851.8;1;11338508537;B
20241025;102625;851.8;3;11338513189;B
20241025;102648;851.8;22;11338515709;S
20241025;102648;851.8;9;11338515710;S
20241025;102648;851.7;3;11338515711;S
20241025;102648;851.6;3;11338515712;S
20241025;102648;851.2;1;11338515713;S
20241025;102648;851.2;2;11338515714;S
20241025;102701;852.1;3;11338516825;B
20241025;102704;851.3;3;11338517064;S
20241025;102704;851.3;2;11338517065;S
20241025;102708;852.1;1;11338517524;B
20241025;102747;852;3;11338521118;B
20241025;102750;852;1;11338521446;B
20241025;102756;852;1;11338521967;B
20241025;102831;852.3;5;11338525402;B
20241025;102831;852.4;10;11338525403;B
20241025;102850;852.3;1;11338528160;B
20241025;102922;852.3;4;11338532181;B
20241025;102922;852.3;1;11338532182;B
20241025;103043;852.4;1;11338541899;B
20241025;103054;852.3;11;11338542932;S
20241025;103056;852.4;10;11338543156;B
20241025;103131;852.3;9;11338546656;S
20241025;103143;852.4;11;11338547969;B
20241025;103143;852.4;1;11338547970;B
20241025;103143;852.5;1;11338547971;B
20241025;103143;852.5;12;11338547972;B
20241025;103225;852.3;2;11338551623;S
20241025;103300;852.4;1;11338554813;B
20241025;103322;852.4;1;11338557123;B
20241025;103324;852.4;3;11338557307;B
20241025;103324;852.5;9;11338557308;B
20241025;103324;852.6;3;11338557309;B
20241025;103324;852.7;3;11338557310;B
20241025;103324;852.8;2;11338557311;B
20241025;103411;852.8;1;11338562496;B
20241025;103421;852.8;1;11338563511;B
20241025;103428;852.8;2;11338564288;B
20241025;103447;852.8;1;11338566248;B
20241025;103447;852.9;2;11338566249;B
20241025;103505;852.6;5;11338568161;S
20241025;103505;852.6;2;11338568162;S
20241025;103505;852.5;2;11338568163;S
20241025;103505;852.3;3;11338568164;S
20241025;103514;852.7;1;11338568933;B
20241025;103519;852.9;1;11338569304;B
20241025;103522;852.9;1;11338569515;B
20241025;103611;852.9;1;11338575045;B
20241025;103612;852.9;3;11338575088;B
20241025;103613;852.9;1;11338575171;B
20241025;103613;852.9;1;11338575201;B
20241025;103615;852.9;11;11338575361;B
20241025;103624;852.9;2;11338576228;B
20241025;103637;852.9;2;11338577002;B
20241025;103645;852.9;19;11338577567;B
20241025;103645;852.9;3;11338577568;B
20241025;103645;853;19;11338577569;B
20241025;103647;853;1;11338577679;B
20241025;103656;853;1;11338578326;B
20241025;103701;853;1;11338578911;B
20241025;103705;853;1;11338579312;B
20241025;103750;853;9;11338586085;B
20241025;103753;853;1;11338586413;B
20241025;103843;853;5;11338592323;B
20241025;103848;852.6;3;11338593065;S
20241025;103853;853;1;11338593768;B
20241025;103905;853;5;11338595197;B
20241025;103920;853;5;11338597043;B
20241025;103930;852.6;1;11338597896;S
20241025;103932;853;20;11338598104;B
20241025;103948;853;1;11338599829;B
20241025;103951;852.6;1;11338600033;S
20241025;103951;852.5;1;11338600034;S
20241025;103951;852.5;1;11338600035;S
20241025;104001;852.5;2;11338600985;S
20241025;104016;852.9;1;11338602601;B
20241025;104017;853;1;11338602617;B
20241025;104019;852.5;1;11338602886;S
20241025;104023;853;6;11338603284;B
20241025;104032;853;1;11338604182;B
20241025;104051;852.6;1;11338605856;S
20241025;104051;852.5;1;11338605857;S
20241025;104056;853;1;11338606509;B
20241025;104134;853;2;11338609684;B
20241025;104152;853;5;11338611655;B
20241025;104201;853;2;11338612595;B
20241025;104216;852.9;1;11338614213;B
20241025;104216;853;9;11338614214;B
20241025;104245;853;3;11338616913;B
20241025;104249;853;1;11338617231;B
20241025;104321;852.8;1;11338619934;S
20241025;104338;852.8;2;11338621290;S
20241025;104401;853;2;11338623064;B
20241025;104431;853;1;11338626469;B
20241025;104502;853;1;11338629895;B
20241025;104518;853;5;11338631019;B
20241025;104523;853;1;11338631331;B
20241025;104544;853;1;11338632984;B
20241025;104729;852.8;1;11338642724;S
20241025;104744;853;3;11338645067;B
20241025;104749;853;1;11338645678;B
20241025;104905;853;1;11338653155;B
20241025;104914;853;1;11338653986;B
20241025;105001;852.9;1;11338658288;S
20241025;105001;853;1;11338658348;B
20241025;105039;852.9;8;11338662008;S
20241025;105039;852.9;1;11338662009;S
20241025;105039;852.9;20;11338662010;S
20241025;105039;852.8;1;11338662011;S
20241025;105039;852.8;5;11338662012;S
20241025;105039;852.5;4;11338662013;S
20241025;105102;852.9;1;11338663631;B
20241025;105125;852.5;1;11338666220;S
20241025;105141;852.5;1;11338668245;S
20241025;105144;852.9;1;11338668625;B
20241025;105224;852.8;1;11338672458;B
20241025;105225;852.5;1;11338672495;S
20241025;105232;852.8;2;11338672962;B
20241025;105322;852.5;4;11338677972;S
20241025;105333;852.8;1;11338679147;B
20241025;105351;852.8;1;11338680746;B
20241025;105412;852.8;4;11338682752;B
20241025;105557;852.9;1;11338692353;B
20241025;105611;852.9;4;11338693768;B
20241025;105619;852.9;1;11338694664;B
20241025;105635;852.8;1;11338696037;S
20241025;105641;852.8;5;11338696469;S
20241025;105641;852.7;2;11338696470;S
20241025;105641;852.3;20;11338696471;S
20241025;105641;852.3;1;11338696472;S
20241025;105641;852.1;1;11338696473;S
20241025;105641;852.1;2;11338696474;S
20241025;105641;852.1;102;11338696475;S
20241025;105641;852;3;11338696476;S
20241025;105641;852;3;11338696477;S
20241025;105706;852.6;1;11338698373;B
20241025;105706;852.6;2;11338698374;B
20241025;105806;852;21;11338705114;S
20241025;105827;852;51;11338706999;S
20241025;105827;852;2;11338707000;S
20241025;105827;852;17;11338707001;S
20241025;105830;852;1;11338707349;B
20241025;105858;851.9;1;11338710327;B
20241025;105912;851.4;1;11338712117;S
20241025;105912;851.4;26;11338712118;S
20241025;105912;851.3;1;11338712119;S
20241025;105912;851.2;1;11338712120;S
20241025;105912;851.2;8;11338712121;S
20241025;105912;851.1;17;11338712122;S
20241025;105912;851;1;11338712123;S
20241025;105912;851;3;11338712124;S
20241025;105912;850.9;1;11338712125;S
20241025;105912;850.8;1;11338712126;S
20241025;105912;850.8;93;11338712127;S
20241025;105912;850.7;3;11338712128;S
20241025;105912;850.7;100;11338712129;S
20241025;105912;850.7;80;11338712130;S
20241025;105912;850.7;93;11338712131;S
20241025;105912;850.6;71;11338712132;S
20241025;105949;851;2;11338721347;S
20241025;105949;850.7;8;11338721348;S
20241025;110005;850.7;15;11338726380;S
20241025;110037;851.1;4;11338734362;B
20241025;110043;851.1;1;11338735111;B
20241025;110043;851.1;8;11338735112;B
20241025;110139;851;10;11338742567;S
20241025;110139;850.9;1;11338742568;S
20241025;110139;850.8;1;11338742569;S
20241025;110139;850.7;1;11338742570;S
20241025;110139;850.7;1;11338742571;S
20241025;110139;850.6;3;11338742572;S
20241025;110147;850.7;1;11338744004;S
20241025;110147;850.6;9;11338744005;S
20241025;110339;851;1;11338765971;B
20241025;110347;850.8;1;11338767280;S
20241025;110401;850.8;1;11338769480;S
20241025;110401;850.8;2;11338769481;S
20241025;110427;851;1;11338774205;B
20241025;110507;851;2;11338782205;B
20241025;110511;851;1;11338783102;B
20241025;110511;851;1;11338783103;B
20241025;110517;851;5;11338784322;S
20241025;110519;851.1;2;11338784697;B
20241025;110519;851.1;8;11338784698;B
20241025;110610;851.1;1;11338795935;B
20241025;110612;851.1;1;11338796260;B
20241025;110612;851.2;1;11338796261;B
20241025;110722;851;7;11338808515;S
20241025;110805;851.1;1;11338815859;B
20241025;110824;851.2;2;11338819406;B
20241025;110916;851.2;1;11338832879;B
20241025;110925;851.2;1;11338841744;B
20241025;110955;851.2;1;11338871825;B
20241025;111004;851.2;1;11338880686;S
20241025;111016;851.3;1;11338892107;B
20241025;111058;851.3;2;11338934545;B
20241025;111121;851.3;5;11338959965;B
20241025;111121;851.3;5;11338959966;B
20241025;111122;851.2;1;11338961344;S
20241025;111134;851.2;1;11338974086;S
20241025;111145;851.2;1;11338983271;S
20241025;111155;851.1;1;11338988790;S
20241025;111208;851.2;1;11339001046;B
20241025;111208;851.3;1;11339001047;B
20241025;111215;851.3;1;11339007159;B
20241025;111234;851.2;1;11339026932;B
20241025;111259;851.2;1;11339053779;B
20241025;111312;851.1;48;11339067579;S
20241025;111312;851.1;3;11339067580;S
20241025;111321;851.1;1;11339076799;B
20241025;111322;851;9;11339077808;S
20241025;111322;851;1;11339077809;S
20241025;111325;851;3;11339080891;S
20241025;111348;850.9;1;11339103675;B
20241025;111413;850.9;3;11339128076;B
20241025;111416;850.9;1;11339130978;B
20241025;111431;850.9;5;11339146509;S
20241025;111431;850.8;20;11339146510;S
20241025;111431;850.8;2;11339146511;S
20241025;111431;850.8;5;11339146512;S
20241025;111431;850.7;10;11339146513;S
20241025;111431;850.6;8;11339146514;S
20241025;111433;850.8;5;11339148303;B
20241025;111434;850.7;10;11339149153;S
20241025;111437;850.7;1;11339151484;S
20241025;111440;850.7;10;11339153699;S
20241025;111446;850.7;9;11339158500;S
20241025;111449;850.7;1;11339161155;S
20241025;111503;850.8;1;11339172262;B
20241025;111510;850.7;1;11339175407;S
20241025;111519;850.7;4;11339182958;S
20241025;111519;850.6;9;11339182959;S
20241025;111519;850.6;1;11339182960;S
20241025;111519;850.6;4;11339182961;S
20241025;111532;850.6;10;11339195927;B
20241025;111631;850.6;22;11339257168;B
20241025;111631;850.6;5;11339257169;B
20241025;111631;850.7;33;11339257170;B
20241025;111631;850.7;3;11339257171;B
20241025;111631;850.8;4;11339257172;B
20241025;111631;850.8;3;11339257173;B
20241025;111631;850.8;74;11339257174;B
20241025;111631;851;59;11339257175;B
20241025;111631;851.1;448;11339257176;B
20241025;111631;851.4;80;11339257177;B
20241025;111631;851.5;72;11339257178;B
20241025;111631;851.5;16;11339257179;B
20241025;111631;851.8;2;11339257180;B
20241025;111631;851.9;249;11339257181;B
20241025;111631;851.9;10;11339257182;B
20241025;111631;851.9;40;11339257183;B
20241025;111631;852;4563;11339257184;B
20241025;111631;852.8;3;11339257185;B
20241025;111631;853;2383;11339257186;B
20241025;111631;853;13;11339257187;B
20241025;111631;853;2;11339257188;B
20241025;111631;853;19;11339257189;B
20241025;111631;853;5;11339257190;B
20241025;111631;854.3;3;11339257191;B
20241025;111631;854.3;3;11339257192;B
20241025;111631;854.8;3;11339257193;B
20241025;111631;854.9;21;11339257194;B
20241025;111631;855;1862;11339257195;B
20241025;111631;854.1;20;11339257196;B
20241025;111631;854.9;62;11339257197;B
20241025;111631;854.9;18;11339257198;B
20241025;111643;853.3;5;11339269273;S
20241025;111648;854.8;5;11339274344;B
20241025;111657;854.8;5;11339283860;B
20241025;111657;854.8;20;11339283861;B
20241025;111657;854.8;20;11339283862;B
20241025;111657;855;80;11339283863;B
20241025;111658;855;200;11339285083;B
20241025;111658;855;100;11339285791;B
20241025;111658;855;50;11339285792;B
20241025;111658;855;100;11339285797;B
20241025;111659;855;200;11339286278;B
20241025;111659;855;4;11339286305;B
20241025;111659;855;93;11339286315;B
20241025;111659;855;70;11339286323;B
20241025;111659;855;40;11339286327;B
20241025;111659;855;1;11339286346;B
20241025;111659;855;120;11339286407;B
20241025;111659;855;80;11339286411;B
20241025;111715;854.8;1;11339303520;B
20241025;111715;854.8;1;11339303521;B
20241025;111715;855.4;48;11339303522;B
20241025;111725;855.9;1;11339314104;B
20241025;111738;855.1;1;11339326491;S
20241025;111738;855.1;1;11339326492;S
20241025;111750;855.6;5;11339334881;B
20241025;111755;855.6;1;11339337725;B
20241025;111805;855.5;9;11339344885;B
20241025;111807;855.1;1;11339346414;S
20241025;111807;855;1;11339346415;S
20241025;111807;854.9;1;11339346416;S
20241025;111824;854.8;1;11339362110;S
20241025;111824;854.8;1;11339362111;S
20241025;111827;854.8;2;11339365244;S
20241025;111827;854.7;2;11339365245;S
20241025;111827;854.6;5;11339365246;S
20241025;111827;854.6;2;11339365247;S
20241025;111827;854.2;16;11339365248;S
20241025;111827;854.1;14;11339365249;S
20241025;111830;854.2;2;11339367863;S
20241025;111849;854.2;1;11339386890;S
20241025;111940;854.8;5;11339437206;B
20241025;111953;854.8;10;11339450886;B
20241025;112040;854.5;6;11339498281;B
20241025;112041;854.3;5;11339499158;S
20241025;112058;854.3;3;11339513883;B
20241025;112103;854.2;1;11339517758;S
20241025;112105;854.5;1;11339519850;B
20241025;112113;854.3;1;11339527785;B
20241025;112114;854.2;4;11339529596;S
20241025;112114;854.2;3;11339529597;S
20241025;112114;854.1;3;11339529598;S
20241025;112114;853.6;41;11339529599;S
20241025;112132;853.9;1;11339547672;S
20241025;112143;854.5;8;11339557568;B
20241025;112313;854.6;1;11339650287;S
20241025;112313;854.5;1;11339650288;S
20241025;112321;854.5;2;11339657799;S
20241025;112541;855.2;1;11339797657;B
20241025;112625;854.6;1;11339840446;S
20241025;112625;854.6;6;11339840447;S
20241025;112626;855.3;1;11339841475;B
20241025;112643;854.6;10;11339859191;S
20241025;112719;855.4;1;11339896700;B
20241025;112719;855.4;1;11339896701;B
20241025;112719;855.5;16;11339896702;B
20241025;112719;855.5;1;11339896703;B
20241025;112719;855.6;10;11339896704;B
20241025;112745;855.4;1;11339923171;B
20241025;112745;855.5;1;11339923172;B
20241025;112745;855.6;18;11339923173;B
20241025;112803;855.5;3;11339942926;B
20241025;112803;855.6;1;11339942927;B
20241025;112812;855.4;1;11339951896;S
20241025;112815;855.6;1;11339956777;B
20241025;112823;855.6;10;11339965119;B
20241025;112831;855.6;1;11339966646;B
20241025;112907;855.6;2;11339969428;B
20241025;112917;855.6;2;11339970209;B
20241025;112929;855.6;5;11339971067;B
20241025;112929;855.6;2;11339971068;B
20241025;112929;855.7;13;11339971103;B
20241025;112937;855.6;3;11339971604;S
20241025;112938;855.5;1;11339971614;B
20241025;112938;855.6;20;11339971615;B
20241025;112938;855.6;1;11339971616;B
20241025;112938;855.7;12;11339971617;B
20241025;112938;855.8;100;11339971618;B
20241025;112938;855.9;30;11339971619;B
20241025;112938;856;50;11339971620;B
20241025;112938;856.7;25;11339971621;B
20241025;112938;856.9;61;11339971622;B
20241025;113007;855.8;1;11339976035;B
20241025;113012;855.8;13;11339976513;B
20241025;113058;855.5;1;11339980263;S
20241025;113109;856.4;2;11339981547;B
20241025;113121;856.4;1;11339982737;B
20241025;113128;855.8;1;11339983516;S
20241025;113137;856.3;1;11339984260;B
20241025;113259;856.3;1;11339992186;B
20241025;113314;855.9;1;11339993577;S
20241025;113340;856;1;11339996534;S
20241025;113351;856.2;2;11339998714;B
20241025;113351;856.3;3;11339998715;B
20241025;113403;856;14;11340000613;S
20241025;113411;856;10;11340001310;B
20241025;113416;856;5;11340001907;B
20241025;113417;856;1;11340002010;B
20241025;113424;856;2;11340002604;B
20241025;113426;856;19;11340002776;B
20241025;113428;856.3;1;11340002921;B
20241025;113433;856.3;1;11340003274;B
20241025;113441;856.1;29;11340003784;S
20241025;113443;856.1;1;11340003899;B
20241025;113453;856.1;1;11340004979;B
20241025;113505;856.1;1;11340006510;B
20241025;113512;856.1;18;11340007129;B
20241025;113551;856.2;2;11340010746;B
20241025;113551;856.3;98;11340010747;B
20241025;113553;856.1;7;11340010932;S
20241025;113619;856.3;97;11340013013;B
20241025;113619;856.3;3;11340013014;B
20241025;113621;856.2;6;11340013243;S
20241025;113621;856.1;14;11340013244;S
20241025;113621;856.3;2;11340013245;B
20241025;113621;856.3;2;11340013246;B
20241025;113622;856.3;1;11340013284;B
20241025;113627;856.1;1;11340013635;S
20241025;113650;856.3;2;11340015238;B
20241025;113651;856.3;100;11340015289;B
20241025;113652;856.3;123;11340015308;B
20241025;113704;856.3;25;11340016205;B
20241025;113705;856.3;4;11340016432;B
20241025;113706;856.3;50;11340016717;B
20241025;113712;856.3;50;11340017758;B
20241025;113713;856.3;70;11340017844;B
20241025;113723;856.3;8;11340019445;B
20241025;113726;856.3;3;11340020332;B
20241025;113735;856.1;5;11340021431;S
20241025;113735;856.1;38;11340021432;S
20241025;113751;856.3;8;11340022954;B
20241025;113756;856.3;1;11340023378;B
20241025;113806;856.3;1;11340025418;B
20241025;113822;856.3;9;11340026878;B
20241025;113850;856.3;6;11340029548;B
20241025;113903;856.3;77;11340030588;B
20241025;113903;856.3;9;11340030589;B
20241025;113918;856.1;1;11340031767;S
20241025;113918;856.1;4;11340031768;S
20241025;114044;856.3;4;11340038155;B
20241025;114050;856.1;1;11340039115;S
20241025;114057;856.3;8;11340040362;B
20241025;114138;856.5;5;11340045779;B
20241025;114149;856.5;5;11340046882;B
20241025;114149;856.6;4;11340046883;B
20241025;114149;856.7;4;11340046884;B
20241025;114149;856.9;10;11340046885;B
20241025;114154;857.1;1;11340047387;B
20241025;114154;857.3;1;11340047388;B
20241025;114154;857.4;1;11340047389;B
20241025;114155;857.5;15;11340047490;S
20241025;114212;857;1;11340049160;S
20241025;114212;856.5;1;11340049161;S
20241025;114212;856.3;2;11340049162;S
20241025;114212;857.5;1;11340049197;B
20241025;114221;857.5;2;11340050171;B
20241025;114250;856.6;1;11340052355;S
20241025;114302;856.7;1;11340053627;S
20241025;114351;857.3;1;11340062894;B
20241025;114408;857.4;5;11340064303;B
20241025;114408;857.5;2;11340064304;B
20241025;114414;857.3;2;11340064793;S
20241025;114422;857.3;1;11340066049;B
20241025;114425;857.3;3;11340066618;B
20241025;114502;857;2;11340071219;S
20241025;114502;856.7;2;11340071220;S
20241025;114502;856.6;1;11340071221;S
20241025;114502;856.6;2;11340071222;S
20241025;114502;856.4;1;11340071223;S
20241025;114502;856.3;14;11340071224;S
20241025;114502;856.3;18;11340071225;S
20241025;114502;856.3;57;11340071226;S
20241025;114502;856.2;10;11340071227;S
20241025;114502;856.2;31;11340071228;S
20241025;114502;856.1;1;11340071229;S
20241025;114502;856.1;5;11340071230;S
20241025;114502;856.1;1;11340071231;S
20241025;114502;856.1;1;11340071232;S
20241025;114502;856;61;11340071233;S
20241025;114502;856;3793;11340071234;S
20241025;114502;856;16;11340071235;S
20241025;114502;856;100;11340071236;S
20241025;114502;856;50;11340071237;S
20241025;114502;856;40;11340071238;S
20241025;114503;856;1;11340071259;S
20241025;114503;856;1;11340071260;S
20241025;114503;855.8;1;11340071266;S
20241025;114542;855.4;1;11340075189;B
20241025;114545;855.4;1;11340075931;B
20241025;114551;855.4;5;11340077804;B
20241025;114609;855.1;5;11340082591;S
20241025;114611;855;1;11340082952;S
20241025;114611;855;3;11340082953;S
20241025;114611;855;91;11340082954;S
20241025;114627;855;5;11340084784;S
20241025;114629;855;5;11340084914;S
20241025;114642;855;5;11340086045;S
20241025;114702;855.4;1;11340087672;B
20241025;114839;855.5;1;11340097068;B
20241025;114853;855.3;1;11340098283;S
20241025;114930;855.5;20;11340106585;B
20241025;114952;855.5;4;11340109023;B
20241025;114952;855.5;1;11340109024;B
20241025;114952;855.9;5;11340109025;B
20241025;115041;856;1;11340116932;B
20241025;115041;855.3;1;11340116947;S
20241025;115111;855.3;10;11340120645;S
20241025;115111;855.2;3;11340120646;S
20241025;115111;855.2;2;11340120647;S
20241025;115111;855;10;11340120648;S
20241025;115111;855;1;11340120649;S
20241025;115111;855;4;11340120650;S
20241025;115143;855.3;3;11340128092;B
20241025;115148;855;2;11340128797;S
20241025;115154;855;285;11340129925;S
20241025;115154;855;56;11340129926;S
20241025;115156;855;14;11340130349;S
20241025;115157;854.5;4;11340130505;S
20241025;115157;854.5;1;11340130506;S
20241025;115212;854.9;1;11340133077;B
20241025;115212;854.9;6;11340133078;B
20241025;115212;855;59;11340133079;B
20241025;115212;855.1;73;11340133080;B
20241025;115212;855.2;51;11340133081;B
20241025;115212;855.3;22;11340133082;B
20241025;115212;855.4;73;11340133083;B
20241025;115212;855.5;149;11340133084;B
20241025;115212;855.6;25;11340133085;B
20241025;115212;856;31;11340133107;S
20241025;115220;856;1;11340134194;S
20241025;115240;856;1;11340135704;S
20241025;115333;856.3;1;11340140914;B
20241025;115334;856.3;1;11340140967;B
20241025;115334;856.6;5;11340140968;B
20241025;115334;856.8;1;11340140969;B
20241025;115334;857;10;11340140970;B
20241025;115334;857;13;11340140971;B
20241025;115334;857;36;11340140972;B
20241025;115334;857.1;34;11340140973;B
20241025;115341;857.1;1;11340141437;B
20241025;115346;857.1;5;11340141852;B
20241025;115348;857.1;10;11340141953;B
20241025;115351;857.1;30;11340142076;S
20241025;115402;856.9;3;11340142778;B
20241025;115429;856.1;1;11340144598;S
20241025;115429;856.1;10;11340144599;S
20241025;115429;856.1;20;11340144600;S
20241025;115429;856.1;20;11340144601;S
20241025;115437;855.6;1;11340145049;S
20241025;115511;856.4;1;11340146880;B
20241025;115518;856.4;2;11340147227;B
20241025;115522;856.4;1;11340147966;B
20241025;115522;856.4;2;11340147967;B
20241025;115522;856.5;5;11340147968;B
20241025;115522;856.5;2;11340147969;B
20241025;115527;856.5;5;11340148748;S
20241025;115528;856.8;1;11340148800;B
20241025;115528;856.5;5;11340148816;S
20241025;115542;855.4;1;11340150882;S
20241025;115542;855.1;1;11340150883;S
20241025;115542;855;6;11340150884;S
20241025;115542;855;1;11340150885;S
20241025;115542;854.7;59;11340150886;S
20241025;115542;854.6;18;11340150887;S
20241025;115543;855.9;1;11340150986;B
20241025;115606;855.5;1;11340153231;B
20241025;115606;855.8;1;11340153321;B
20241025;115621;855;1;11340154741;S
20241025;115627;854.6;1;11340155286;S
20241025;115647;855.5;1;11340156769;B
20241025;115747;855.7;1;11340160886;S
20241025;115814;854.7;5;11340163040;S
20241025;115826;854.7;1;11340163904;B
20241025;115836;854.7;1;11340164699;B
20241025;115838;854.7;1;11340164797;B
20241025;115913;854.5;1;11340170808;S
20241025;120025;854.7;2;11340177982;B
20241025;120025;854.9;1;11340177983;B
20241025;120025;855;1;11340177984;B
20241025;120025;855.6;1;11340177985;B
20241025;120046;854.5;4;11340179634;S
20241025;120046;854.3;1;11340179635;S
20241025;120046;854.3;1;11340179636;S
20241025;120046;854.1;39;11340179637;S
20241025;120104;854.1;12;11340180927;S
20241025;120111;855.3;3;11340181390;B
20241025;120139;855.3;1;11340183387;B
20241025;120144;855.1;1;11340183670;B
20241025;120206;855.3;1;11340184931;B
20241025;120211;855.3;1;11340185387;B
20241025;120211;855.4;19;11340185388;B
20241025;120212;855.4;1;11340185445;B
20241025;120218;855.4;26;11340185844;B
20241025;120218;855.7;49;11340185845;B
20241025;120218;855.7;1;11340185846;B
20241025;120218;856;43;11340185847;B
20241025;120246;856.1;1;11340190031;B
20241025;120314;856;1;11340192154;B
20241025;120316;855.8;1;11340192311;B
20241025;120350;855.8;1;11340195248;B
20241025;120409;855.8;1;11340196388;B
20241025;120423;855.9;1;11340197293;B
20241025;120423;855.9;5;11340197294;B
20241025;120439;856;1;11340198276;B
20241025;120654;855.6;5;11340210501;B
20241025;120655;855.8;2;11340210533;B
20241025;120755;855.8;1;11340215529;B
20241025;120808;855.8;5;11340216568;B
20241025;120828;855.1;1;11340217739;S
20241025;120828;855;5;11340217740;S
20241025;120832;855;2;11340217902;B
20241025;120837;855;1;11340218094;B
20241025;120858;854.4;3;11340219752;S
20241025;120901;855;2;11340219991;B
20241025;120904;854.4;1;11340220187;S
20241025;120906;854.9;1;11340220264;B
20241025;120916;854.9;1;11340220760;B
20241025;120916;855;19;11340220761;B
20241025;120916;855;10;11340220762;B
20241025;120916;855;1;11340220763;B
20241025;120916;855.9;1;11340220764;B
20241025;120916;856.1;13;11340220765;B
20241025;120916;856.1;7;11340220766;B
20241025;120916;856.2;48;11340220767;B
20241025;120943;855.7;5;11340223548;B
20241025;120951;855.7;4;11340224790;S
20241025;121028;854.7;5;11340227845;S
20241025;121028;854.6;1;11340227846;S
20241025;121028;854.6;2;11340227847;S
20241025;121057;854.5;2;11340233863;S
20241025;121238;855.3;1;11340245356;B
20241025;121242;855.4;1;11340245708;B
20241025;121242;855.5;5;11340245709;B
20241025;121242;855.5;1;11340245710;B
20241025;121242;855.7;1;11340245711;B
20241025;121248;854.8;1;11340246089;S
20241025;121248;854.8;4;11340246090;S
20241025;121248;854.7;1;11340246091;S
20241025;121248;854.5;14;11340246092;S
20241025;121259;855.5;1;11340247013;B
20241025;121303;855.6;1;11340247363;B
20241025;121448;854.7;1;11340259055;S
20241025;121448;854.6;1;11340259056;S
20241025;121448;854.5;1;11340259057;S
20241025;121448;854.4;3;11340259058;S
20241025;121504;854.5;2;11340260693;S
20241025;121605;855.2;1;11340265497;B
20241025;121605;855.2;1;11340265498;B
20241025;121605;855.3;1;11340265499;B
20241025;121605;855.3;1;11340265500;B
20241025;121705;855.4;1;11340271912;B
20241025;121705;855.6;1;11340271913;B
20241025;121750;855.3;1;11340275775;S
20241025;121810;855.3;1;11340277528;B
20241025;121810;855.6;1;11340277529;B
20241025;121858;855.5;1;11340281181;B
20241025;121858;855.5;1;11340281182;S
20241025;121916;855.6;2;11340282662;B
20241025;121916;855.6;1;11340282663;B
20241025;121946;855.5;1;11340285173;B
20241025;122015;855.1;365;11340287648;S
20241025;122015;855.4;1;11340287708;B
20241025;122015;855.4;2;11340287709;B
20241025;122015;855.4;12;11340287710;B
20241025;122037;855.3;2;11340293436;B
20241025;122037;855.4;1;11340293437;B
20241025;122044;855.1;35;11340295529;S
20241025;122047;855.3;1;11340296529;B
20241025;122056;855.3;1;11340299083;B
20241025;122141;855.3;1;11340304548;B
20241025;122201;855.3;2;11340306355;B
20241025;122201;855.4;9;11340306356;B
20241025;122201;855.5;14;11340306357;B
20241025;122201;855.5;9;11340306358;B
20241025;122201;855.9;5;11340306359;B
20241025;122201;855.9;1;11340306360;B
20241025;122201;856;1;11340306361;B
20241025;122201;856;53;11340306362;B
20241025;122201;856.2;2;11340306363;B
20241025;122201;856.3;59;11340306364;B
20241025;122201;856.3;16;11340306365;B
20241025;122201;856.4;200;11340306366;B
20241025;122201;856.6;9;11340306367;B
20241025;122201;856.6;1;11340306368;B
20241025;122201;856.6;21;11340306369;B
20241025;122201;856.7;98;11340306370;B
20241025;122220;855.7;1;11340307627;S
20241025;122220;855.7;1;11340307628;S
20241025;122326;855.8;1;11340311722;S
20241025;122332;856.4;3;11340312051;B
20241025;122332;856.5;2;11340312052;B
20241025;122344;856.5;3;11340312881;B
20241025;122344;856.6;1;11340312882;B
20241025;122402;855.9;1;11340314579;S
20241025;122423;855.9;2;11340316351;S
20241025;122452;855.9;10;11340318058;S
20241025;122509;856.6;1;11340318983;B
20241025;122546;856.6;1;11340321305;B
20241025;122604;856.6;2;11340322601;B
20241025;122709;856.7;3;11340327878;B
20241025;122709;856.7;12;11340327879;B
20241025;122709;856.7;6;11340327880;B
20241025;122709;856.8;15;11340327881;B
20241025;122709;856.8;1;11340327882;B
20241025;122709;856.8;3;11340327883;B
20241025;122709;857.4;1;11340327884;B
20241025;122709;857.4;6;11340327885;B
20241025;122709;857.5;45;11340327886;B
20241025;122709;857.5;1500;11340327887;B
20241025;122709;857.5;10;11340327888;B
20241025;122709;857.5;10;11340327889;B
20241025;122709;857.5;1;11340327890;B
20241025;122709;857.9;1;11340327895;B
20241025;122709;857.9;1;11340327896;B
20241025;122709;857.9;1;11340327897;B
20241025;122709;858.9;2;11340327898;B
20241025;122714;858.9;1;11340328427;B
20241025;122720;858.8;17;11340328917;S
20241025;122729;858.8;25;11340329875;S
20241025;122735;858.8;41;11340330396;S
20241025;122741;858.9;1;11340330857;B
20241025;122741;858.9;14;11340330858;B
20241025;122805;859;9;11340332598;B
20241025;122805;858;1;11340332603;S
20241025;122810;858.9;8;11340332926;S
20241025;122854;858;4;11340336231;S
20241025;122854;858;1;11340336232;S
20241025;122854;858;59;11340336233;S
20241025;122854;858;20;11340336234;S
20241025;122854;858;1;11340336235;S
20241025;122905;857.9;1;11340337406;S
20241025;122905;857.8;1;11340337407;S
20241025;122905;857.7;1;11340337408;S
20241025;122905;857.5;2;11340337409;S
20241025;122909;858.9;3;11340337788;B
20241025;122909;858.9;1;11340337789;B
20241025;122917;858.9;1;11340338508;B
20241025;122924;858.3;5;11340339129;S
20241025;122927;858.9;1;11340339365;B
20241025;122927;858.9;11;11340339366;B
20241025;122946;858.9;48;11340341187;B
20241025;122946;859;69;11340341188;B
20241025;123002;858.4;80;11340343064;B
20241025;123002;858.7;51;11340343065;B
20241025;123002;858.8;13;11340343066;B
20241025;123041;858.8;1;11340348256;S
20241025;123041;858.8;1;11340348257;S
20241025;123127;858.9;45;11340354143;B
20241025;123127;858.9;5;11340354144;S
20241025;123137;858.9;1;11340355001;B
20241025;123202;858.9;55;11340357153;B
20241025;123216;859;122;11340358175;B
20241025;123216;859;1;11340358176;B
20241025;123216;859;830;11340358177;B
20241025;123216;859.1;1;11340358178;B
20241025;123216;859.2;63;11340358179;B
20241025;123216;859.3;49;11340358180;B
20241025;123216;859.9;1;11340358181;B
20241025;123216;859.9;29;11340358182;B
20241025;123216;859.9;200;11340358183;B
20241025;123216;859.9;4;11340358184;B
20241025;123216;860;24;11340358185;B
20241025;123216;860;1;11340358186;B
20241025;123216;860;1;11340358187;B
20241025;123216;860;1;11340358188;B
20241025;123216;860;1;11340358189;B
20241025;123216;860;5;11340358190;B
20241025;123216;860;2000;11340358191;B
20241025;123217;860;1;11340358239;S
20241025;123217;860;10;11340358240;S
20241025;123221;860.3;1;11340358507;B
20241025;123221;861;1;11340358508;B
20241025;123222;860.6;5;11340358568;S
20241025;123225;861;512;11340358749;B
20241025;123225;861;32;11340358788;B
20241025;123225;861;26;11340358789;B
20241025;123225;861.4;1;11340358790;B
20241025;123225;861.7;1;11340358791;B
20241025;123225;861.8;24;11340358792;B
20241025;123227;861.9;1;11340358888;B
20241025;123232;862;2;11340359405;B
20241025;123234;862;5;11340359493;B
20241025;123236;862;14;11340359673;S
20241025;123236;862;19;11340359674;S
20241025;123236;862;1;11340359676;B
20241025;123238;862;100;11340359774;B
20241025;123239;862;100;11340359868;B
20241025;123242;862;19;11340360055;B
20241025;123243;862;19;11340360124;B
20241025;123246;862;2;11340360332;B
20241025;123255;862;9;11340361400;B
20241025;123305;862;1;11340362146;B
20241025;123321;862;2;11340363736;B
20241025;123330;862;19;11340364445;B
20241025;123331;862;19;11340364457;B
20241025;123404;861.9;2;11340366925;B
20241025;123404;862;23;11340366926;B
20241025;123414;862;2;11340367531;B
20241025;123428;862;1;11340368503;B
20241025;123428;862;1;11340368504;B
20241025;123428;862;2;11340368505;B
20241025;123430;861.9;1;11340368715;S
20241025;123432;861.8;1;11340368853;S
20241025;123457;862;2;11340370491;B
20241025;123505;862;8;11340371132;B
20241025;123505;863.1;23;11340371133;B
20241025;123514;861.6;58;11340371857;S
20241025;123514;861.5;1;11340371858;S
20241025;123514;861.5;1;11340371859;S
20241025;123514;861.5;69;11340371860;S
20241025;123514;861.2;1;11340371861;S
20241025;123514;861.2;18;11340371865;B
20241025;123515;861.2;1;11340371962;B
20241025;123520;860.6;3;11340372290;S
20241025;123520;860.3;81;11340372291;S
20241025;123520;860.3;80;11340372292;S
20241025;123520;860.2;73;11340372293;S
20241025;123520;860;335;11340372294;S
20241025;123520;860;20;11340372295;S
20241025;123531;861.2;1;11340373166;B
20241025;123555;860.6;1;11340375105;S
20241025;123555;860.3;1;11340375106;S
20241025;123556;861.2;1;11340375118;B
20241025;123602;860.1;1;11340375506;S
20241025;123623;860.2;2;11340377719;S
20241025;123628;860.4;3;11340378341;S
20241025;123628;860.3;2;11340378342;S
20241025;123629;860.3;1;11340378390;S
20241025;123629;861.2;1;11340378398;B
20241025;123632;860.5;1;11340378718;S
20241025;123633;860.1;1;11340378808;S
20241025;123655;861.2;1;11340380467;B
20241025;123700;860.6;1;11340380841;S
20241025;123700;860.6;1;11340380842;S
20241025;123700;861.2;1;11340380852;B
20241025;123701;861.2;6;11340380876;B
20241025;123701;861.2;4;11340380877;B
20241025;123701;860.2;1;11340380928;S
20241025;123707;861.4;1;11340381318;B
20241025;123718;861.4;1;11340382119;B
20241025;123736;861.6;15;11340384444;B
20241025;123737;861.6;1;11340384538;B
20241025;123811;861.5;3;11340386745;B
20241025;123811;861.5;1;11340386746;B
20241025;123811;861.6;1;11340386747;B
20241025;123812;860.6;1;11340386780;S
20241025;123812;860.2;2;11340386781;S
20241025;123812;860.1;3;11340386782;S
20241025;123832;861.6;1;11340388224;B
20241025;123839;860.5;1;11340388685;S
20241025;123839;860.5;1;11340388686;S
20241025;123929;860.6;1;11340392342;S
20241025;123929;860.5;1;11340392343;S
20241025;123929;860.5;1;11340392344;S
20241025;123943;861.5;2;11340393102;B
20241025;124027;861.5;1;11340395730;B
20241025;124042;861.5;1;11340396600;B
20241025;124051;861.5;10;11340397846;B
20241025;124103;861.5;17;11340398804;B
20241025;124123;861.2;1;11340400428;S
20241025;124123;861.1;7;11340400429;S
20241025;124123;861.1;1;11340400434;S
20241025;124216;861.5;2;11340405817;B
20241025;124238;861.5;1;11340407621;B
20241025;124251;861.2;1;11340408751;S
20241025;124301;861.5;1;11340409445;B
20241025;124308;861.5;1;11340410258;B
20241025;124418;861.3;1;11340417031;S
20241025;124418;861.2;1;11340417032;S
20241025;124418;861.2;10;11340417033;S
20241025;124439;861.2;4;11340418865;S
20241025;124458;861.2;1;11340420878;S
20241025;124508;861.2;15;11340421672;S
20241025;124622;861.1;3;11340428658;S
20241025;124622;861;90;11340428659;S
20241025;124622;860.9;3;11340428660;S
20241025;124622;860.8;1;11340428661;S
20241025;124622;860.5;1;11340428662;S
20241025;124622;860.3;15;11340428663;S
20241025;124622;860;51;11340428664;S
20241025;124623;860;13;11340428701;S
20241025;124627;860.7;2;11340429097;B
20241025;124654;860.2;1;11340431234;S
20241025;124654;860;5;11340431235;S
20241025;124703;860.2;1;11340432099;S
20241025;124718;860.8;1;11340433954;B
20241025;124738;861;2;11340436215;S
20241025;124756;861.1;3;11340437979;B
20241025;124756;861.1;7;11340437980;B
20241025;124848;860.3;1;11340443380;S
20241025;124848;860.3;9;11340443381;S
20241025;124852;860.1;1;11340443684;S
20241025;124852;860.1;3;11340443685;S
20241025;124852;860.1;15;11340443686;S
20241025;124855;860.8;1;11340443950;B
20241025;124916;860.1;1;11340445733;S
20241025;124919;860;10;11340445969;S
20241025;124926;860.1;1;11340446599;S
20241025;124926;860;4;11340446600;S
20241025;124927;860;30;11340446644;S
20241025;124942;860.7;1;11340447796;B
20241025;124949;860.1;1;11340448480;S
20241025;125011;860.6;3;11340450255;B
20241025;125011;860;1;11340450298;S
20241025;125014;860.6;2;11340450474;B
20241025;125015;860.6;1;11340450638;B
20241025;125028;860.8;4;11340451757;B
20241025;125034;860;2;11340452288;S
20241025;125045;860.8;5;11340453955;B
20241025;125104;860.8;10;11340455529;B
20241025;125111;860.8;1;11340456002;B
20241025;125136;860.8;1;11340458823;B
20241025;125143;860.8;12;11340459361;B
20241025;125203;860.8;16;11340461118;B
20241025;125203;860.8;10;11340461119;B
20241025;125203;860.8;20;11340461120;B
20241025;125203;860.8;1;11340461121;B
20241025;125222;860.9;4;11340462541;B
20241025;125232;860.8;1;11340463542;S
20241025;125254;860.8;52;11340465682;S
20241025;125302;860.6;1;11340466298;S
20241025;125302;860.2;1;11340466299;S
20241025;125304;860.1;4;11340466452;S
20241025;125319;860.7;1;11340467726;B
20241025;125322;860.7;1;11340467942;B
20241025;125322;860.2;1;11340467961;S
20241025;125334;860.1;5;11340468960;S
20241025;125334;860;2023;11340468961;S
20241025;125334;860;1;11340468962;S
20241025;125334;860;1;11340468963;S
20241025;125334;860;1;11340468964;S
20241025;125334;860;10;11340468965;S
20241025;125334;860;100;11340468966;S
20241025;125334;860;6;11340468967;S
20241025;125350;860.5;17;11340471417;B
20241025;125350;860.6;20;11340471418;B
20241025;125350;860.6;13;11340471419;B
20241025;125353;860;3;11340471726;S
20241025;125420;860;10;11340491787;S
20241025;125448;860.7;4;11340523479;B
20241025;125524;860.1;1;11340560055;S
20241025;125525;860.1;1;11340562071;S
20241025;125527;860.5;1;11340563919;B
20241025;125538;860.4;5;11340572936;B
20241025;125538;860.6;5;11340572937;B
20241025;125605;860;3;11340601934;S
20241025;125632;860;1;11340604181;S
20241025;125636;860.1;20;11340604530;B
20241025;125646;860.1;1;11340605335;B
20241025;125707;860;13;11340607130;S
20241025;125802;860;8;11340611872;S
20241025;125803;860.1;1;11340611971;B
20241025;125853;860;129;11340615558;S
20241025;125853;860;1;11340615559;S
20241025;125853;860;6;11340615560;S
20241025;125853;860;1;11340615561;S
20241025;125853;859.8;21;11340615562;S
20241025;125853;859.7;21;11340615563;S
20241025;125853;859.1;1;11340615564;S
20241025;125853;859;3;11340615565;S
20241025;125853;858.9;217;11340615566;S
20241025;125853;858.9;211;11340615607;S
20241025;125853;858.9;3;11340615608;S
20241025;125853;858.9;3;11340615609;S
20241025;125853;858.9;10;11340615610;S
20241025;125853;858.1;1;11340615611;S
20241025;125853;858;1;11340615612;S
20241025;125853;858;100;11340615613;S
20241025;125853;857.9;1;11340615614;S
20241025;125853;857.8;1;11340615615;S
20241025;125853;857.7;1;11340615616;S
20241025;125853;857.6;1;11340615617;S
20241025;125853;857.6;10;11340615618;S
20241025;125853;857.5;1;11340615619;S
20241025;125853;857.5;2;11340615620;S
20241025;125853;857.4;1;11340615621;S
20241025;125853;857.1;5;11340615622;S
20241025;125853;856.6;117;11340615623;S
20241025;125853;856.5;1;11340615624;S
20241025;125853;856.5;2;11340615625;S
20241025;125853;856.5;28;11340615626;S
20241025;125853;857.4;20;11340615634;S
20241025;125853;856.6;71;11340615635;S
20241025;125853;856.6;59;11340615636;S
20241025;125853;856.3;1;11340615637;S
20241025;125853;856.3;10;11340615638;S
20241025;125853;856.2;1;11340615639;S
20241025;125853;856;1;11340615640;S
20241025;125853;856;3;11340615641;S
20241025;125853;856;1;11340615642;S
20241025;125853;855.4;1;11340615643;S
20241025;125853;855.3;1;11340615644;S
20241025;125853;855.3;1;11340615645;S
20241025;125853;855.2;1;11340615646;S
20241025;125853;855.2;1;11340615647;S
20241025;125853;855.1;100;11340615648;S
20241025;125853;855.1;1;11340615649;S
20241025;125853;855;1;11340615650;S
20241025;125853;855;50;11340615651;S
20241025;125853;854.4;3;11340615652;S
20241025;125853;854.2;1;11340615653;S
20241025;125853;853.6;117;11340615654;S
20241025;125853;853.6;55;11340615655;S
20241025;125853;853.6;5;11340615656;S
20241025;125854;855.4;20;11340615734;S
20241025;125854;855.4;20;11340615735;S
20241025;125854;855.3;20;11340615736;S
20241025;125854;855.1;30;11340615737;S
20241025;130057;855.9;1;11340625874;S
20241025;130128;856;1;11340628029;S
20241025;130128;855.8;3;11340628030;S
20241025;130128;855.7;5;11340628031;S
20241025;130128;855.7;3;11340628032;S
20241025;130131;855.6;1;11340628244;B
20241025;130133;855.6;1;11340628436;B
20241025;130148;855.6;36;11340629708;S
20241025;130148;855.6;1;11340629709;S
20241025;130148;855.5;1;11340629710;S
20241025;130148;855.5;3;11340629711;S
20241025;130148;855.4;10;11340629712;S
20241025;130148;855;80;11340629713;S
20241025;130148;855;1;11340629714;S
20241025;130148;855;3;11340629715;B
20241025;130210;855.5;1;11340631078;S
20241025;130210;855.3;2;11340631079;S
20241025;130210;855.2;5;11340631080;S
20241025;130210;855.1;18;11340631081;S
20241025;130210;855;50;11340631082;S
20241025;130218;855;50;11340631882;B
20241025;130219;855;50;11340631984;B
20241025;130235;854.9;11;11340633298;S
20241025;130235;854.5;50;11340633299;S
20241025;130235;854.5;3;11340633300;S
20241025;130235;854.4;3;11340633301;S
20241025;130235;853.9;1;11340633302;S
20241025;130317;854.9;1;11340637347;B
20241025;130329;854.9;1;11340638469;B
20241025;130329;855;4;11340638470;B
20241025;130352;854.9;1;11340640326;B
20241025;130423;854.9;1;11340642591;B
20241025;130438;854.9;1;11340643873;B
20241025;130449;854.9;1;11340644680;B
20241025;130449;855;10;11340644681;B
20241025;130449;855;3;11340644682;B
20241025;130449;855;28;11340644683;B
20241025;130449;855;1;11340644684;B
20241025;130449;856;1;11340644685;B
20241025;130449;856.6;1;11340644686;B
20241025;130517;856.6;1;11340647038;B
20241025;130519;857.2;2;11340647192;B
20241025;130600;856.5;1;11340650872;B
20241025;130604;856.5;1;11340651277;B
20241025;130627;855.6;1;11340653090;S
20241025;130627;855.5;1;11340653091;S
20241025;130627;855.4;3;11340653092;S
20241025;130627;855.3;12;11340653093;S
20241025;130631;856.3;3;11340653426;B
20241025;130631;856.3;1;11340653427;B
20241025;130639;855.3;38;11340654256;S
20241025;130639;855.1;1;11340654257;S
20241025;130639;854.9;1;11340654258;S
20241025;130753;856;1;11340660446;B
20241025;130807;856;1;11340661566;B
20241025;130810;856;1;11340661809;B
20241025;130832;856;1;11340663816;B
20241025;130907;854.9;1;11340666115;S
20241025;131017;855.8;1;11340671787;B
20241025;131017;855.9;1;11340671788;B
20241025;131017;855.9;3;11340671789;S
20241025;131120;855.9;1;11340677262;B
20241025;131120;855.9;3;11340677263;B
20241025;131204;855.9;10;11340681647;B
20241025;131204;855.9;15;11340681648;B
20241025;131209;855.9;1;11340681970;S
20241025;131243;855.8;1;11340685094;B
20241025;131243;855.8;1;11340685095;S
20241025;131246;855.9;1;11340685514;B
20241025;131246;856;1;11340685515;B
20241025;131349;856;1;11340691009;B
20241025;131433;855.9;6;11340695278;B
20241025;131513;855.9;3;11340700985;B
20241025;131550;855.4;1;11340703745;S
20241025;131647;855.8;1;11340715142;B
20241025;131732;855.8;6;11340719782;S
20241025;131744;855.9;41;11340720557;B
20241025;131744;856;7;11340720558;B
20241025;131744;856.2;3;11340720559;B
20241025;131744;856.2;4;11340720560;B
20241025;131744;856.3;4;11340720561;B
20241025;131744;856.5;1;11340720562;B
20241025;131750;856.1;10;11340721099;S
20241025;131906;856.7;6;11340726780;B
20241025;131944;856.9;4;11340729881;B
20241025;131944;857.1;1;11340729882;B
20241025;131950;857.1;1;11340730348;B
20241025;132203;856.8;4;11340753984;B
20241025;132208;857;3;11340754461;B
20241025;132220;856.8;1;11340755496;B
20241025;132250;857;1;11340759734;B
20241025;132301;857;1;11340761712;B
20241025;132439;857.2;10;11340772281;B
20241025;132455;856.9;12;11340774002;S
20241025;132456;856.9;2;11340774056;S
20241025;132547;856.9;2;11340777931;S
20241025;132602;857;1;11340779250;B
20241025;132613;857.1;1;11340780091;B
20241025;132624;857.1;1;11340780946;B
20241025;132649;857.1;23;11340782801;B
20241025;132649;857.1;4;11340782802;B
20241025;132649;857.2;4;11340782803;B
20241025;132649;857.4;45;11340782804;B
20241025;132649;857.5;72;11340782805;B
20241025;132649;857.6;10;11340782806;B
20241025;132649;858;5;11340782807;B
20241025;132649;858.2;11;11340782808;B
20241025;132649;858.5;76;11340782809;B
20241025;132649;858.3;1;11340782810;B
20241025;132727;858.2;5;11340785854;B
20241025;132755;857.1;10;11340788254;S
20241025;132801;858.1;5;11340788625;B
20241025;132802;858.3;1;11340788749;B
20241025;132917;857.3;1;11340796646;S
20241025;132917;856.9;1;11340796647;S
20241025;133001;858.3;3;11340801864;B
20241025;133006;858.1;1;11340814172;B
20241025;133010;857.4;1;11340822390;S
20241025;133015;857.2;2;11340828412;S
20241025;133016;857.2;1;11340829329;S
20241025;133027;856.9;1;11340839581;S
20241025;133028;856.9;1;11340840864;S
20241025;133029;856.9;1;11340841674;S
20241025;133037;856.9;2;11340847135;S
20241025;133037;856.9;1;11340847136;S
20241025;133037;856.5;2;11340847137;S
20241025;133037;856;5;11340847138;S
20241025;133037;856;1;11340847139;S
20241025;133037;855.9;1;11340847140;S
20241025;133037;855.8;3;11340847141;S
20241025;133037;855.8;70;11340847142;S
20241025;133037;855.8;16;11340847143;S
20241025;133037;855.7;44;11340847144;S
20241025;133037;855.5;1;11340847145;S
20241025;133037;855;1;11340847146;S
20241025;133037;855;3;11340847147;S
20241025;133037;855;1;11340847148;S
20241025;133037;855;1;11340847149;S
20241025;133037;855;10;11340847150;S
20241025;133037;855;1;11340847151;S
20241025;133037;854.9;1;11340847152;S
20241025;133037;854.8;100;11340847153;S
20241025;133037;854.4;3;11340847154;S
20241025;133037;854.3;1;11340847155;S
20241025;133037;854;1;11340847156;S
20241025;133037;854;1;11340847157;S
20241025;133037;853.9;2;11340847158;S
20241025;133037;853.4;2;11340847159;S
20241025;133037;853.3;1;11340847160;S
20241025;133037;853.2;1;11340847161;S
20241025;133037;853.1;1;11340847162;S
20241025;133037;853;9;11340847163;S
20241025;133037;853;11;11340847164;S
20241025;133037;853;10;11340847165;S
20241025;133037;853;1;11340847166;S
20241025;133037;853;11;11340847167;S
20241025;133037;852.9;10;11340847168;S
20241025;133037;852.9;4;11340847169;S
20241025;133037;852.8;1;11340847170;S
20241025;133037;852.4;3;11340847171;S
20241025;133037;852.3;1;11340847172;S
20241025;133037;852.2;2;11340847173;S
20241025;133037;852.2;2;11340847174;S
20241025;133037;852.2;10;11340847175;S
20241025;133037;852.1;8;11340847176;S
20241025;133038;852.4;20;11340847912;S
20241025;133038;852.4;17;11340847913;S
20241025;133038;852.3;22;11340847914;S
20241025;133038;852.1;2;11340847915;S
20241025;133038;852;1;11340847916;S
20241025;133038;852;10;11340847917;S
20241025;133038;851.6;1;11340847918;S
20241025;133038;851.6;77;11340847919;S
20241025;133039;852.6;1;11340848224;S
20241025;133039;851.6;23;11340848225;S
20241025;133039;851.2;1;11340848226;S
20241025;133039;851.2;1;11340848227;S
20241025;133039;851;4;11340848228;S
20241025;133039;851;1;11340848229;S
20241025;133039;850.8;3;11340848230;S
20241025;133039;850.5;1;11340848231;S
20241025;133039;850.4;1;11340848232;S
20241025;133039;850.4;1;11340848233;S
20241025;133039;850.4;1;11340848234;S
20241025;133039;850.3;5;11340848235;S
20241025;133039;850.2;2;11340848236;S
20241025;133039;850.2;24;11340848237;S
20241025;133039;850.1;1;11340848238;S
20241025;133039;850.1;11;11340848250;S
20241025;133039;854.5;10;11340848299;B
20241025;133039;853.9;1;11340848534;B
20241025;133041;852.7;11;11340849654;S
20241025;133041;852.6;5;11340849655;S
20241025;133046;853;2;11340852553;S
20241025;133046;852.5;62;11340852554;S
20241025;133046;850.8;1;11340852555;S
20241025;133046;850.6;1;11340852556;S
20241025;133046;850.2;9;11340852557;S
20241025;133046;850.1;38;11340852558;S
20241025;133046;850.1;51;11340852559;S
20241025;133047;850.4;1;11340853394;S
20241025;133102;851.7;1;11340868448;S
20241025;133102;851.3;5;11340868449;S
20241025;133102;850.2;4;11340868450;S
20241025;133102;850.1;51;11340868451;S
20241025;133104;852.8;8;11340869991;B
20241025;133106;852.8;2;11340870917;B
20241025;133121;853.6;2;11340878326;B
20241025;133135;850.5;1;11340885864;B
20241025;133137;850.5;2;11340886703;B
20241025;133139;850.3;2;11340887362;S
20241025;133139;850.1;27;11340887363;S
20241025;133139;850.1;1;11340887364;S
20241025;133139;850.1;2;11340887365;S
20241025;133139;850.1;1;11340887366;S
20241025;133139;850.1;1;11340887367;S
20241025;133139;850.1;2;11340887368;S
20241025;133139;850;1;11340887369;S
20241025;133139;850;2;11340887370;S
20241025;133139;850;10;11340887371;S
20241025;133139;850;3;11340887372;S
20241025;133139;850;9;11340887373;S
20241025;133139;850;2;11340887374;S
20241025;133139;850;1;11340887375;S
20241025;133139;850;6;11340887376;S
20241025;133139;850;3;11340887505;S
20241025;133139;850;15;11340887506;S
20241025;133139;850;5;11340887507;S
20241025;133139;850;1;11340887508;S
20241025;133139;850;1;11340887509;S
20241025;133139;850;1;11340887510;S
20241025;133139;850;2;11340887511;S
20241025;133139;850;5;11340887512;S
20241025;133139;850;1;11340887513;S
20241025;133139;850;2;11340887514;S
20241025;133139;850;1;11340887515;S
20241025;133139;850;1;11340887516;S
20241025;133139;850;3;11340887517;S
20241025;133139;850;10;11340887518;S
20241025;133139;850;1;11340887519;S
20241025;133139;850;1;11340887520;S
20241025;133139;850;5;11340887521;S
20241025;133139;850;4;11340887522;S
20241025;133139;850;1;11340887523;S
20241025;133139;850;1;11340887524;S
20241025;133139;850;1;11340887525;S
20241025;133140;850;290;11340887664;B
20241025;133141;850;10;11340887861;S
20241025;133150;850;250;11340891697;S
20241025;133154;850;160;11340893011;S
20241025;133236;850.4;10;11340908108;S
20241025;133236;850.4;4;11340908449;S
20241025;133236;850.4;1;11340908450;S
20241025;133243;850.1;12;11340911782;S
20241025;133247;850;806;11340913557;S
20241025;133247;850;5;11340913558;S
20241025;133247;849.4;8;11340913559;S
20241025;133247;849.4;1;11340913560;S
20241025;133247;849.3;10;11340913561;S
20241025;133247;849.3;6;11340913562;S
20241025;133247;849.3;235;11340913563;S
20241025;133247;849;2;11340913564;S
20241025;133247;849;87;11340913565;S
20241025;133247;849;1;11340913566;S
20241025;133247;849;5;11340913567;S
20241025;133247;848.8;1;11340913568;S
20241025;133247;848.8;3;11340913569;S
20241025;133247;848.7;11;11340913570;S
20241025;133247;848.6;1;11340913571;S
20241025;133247;848.6;1;11340913572;S
20241025;133247;848.6;1;11340913573;S
20241025;133247;848;2;11340913574;S
20241025;133247;848;1;11340913575;S
20241025;133247;848;1;11340913576;S
20241025;133247;847.2;117;11340913577;S
20241025;133247;847.1;80;11340913578;S
20241025;133247;847.1;230;11340913579;S
20241025;133247;847;52;11340913580;S
20241025;133248;847.1;1;11340913616;S
20241025;133248;847;2;11340913617;S
20241025;133248;847;1;11340913618;S
20241025;133248;847;45;11340913650;S
20241025;133248;847;1;11340913651;S
20241025;133248;847;1;11340913652;S
20241025;133248;846.3;1;11340913653;S
20241025;133248;846.3;2;11340913654;S
20241025;133248;846.2;1;11340913655;S
20241025;133248;846.1;12;11340913656;S
20241025;133248;846.1;2;11340913657;S
20241025;133248;846;35;11340913658;S
20241025;133248;846.1;1;11340913680;S
20241025;133248;846.1;19;11340913912;S
20241025;133248;846;81;11340913913;S
20241025;133248;846;2;11340914107;S
20241025;133249;846.3;1;11340914183;S
20241025;133249;846.1;2;11340914184;S
20241025;133249;846;77;11340914185;S
20241025;133249;846.9;2;11340914292;B
20241025;133249;846.5;13;11340914360;S
20241025;133249;846;5;11340914361;S
20241025;133249;846;3;11340914362;S
20241025;133249;846;2;11340914363;S
20241025;133249;846;2;11340914364;S
20241025;133249;846;5;11340914515;S
20241025;133257;846;5;11340917465;S
20241025;133257;846.1;1;11340917547;B
20241025;133257;846.1;40;11340917548;B
20241025;133302;846.2;2;11340919322;S
20241025;133302;846.1;1;11340919323;S
20241025;133302;846.1;5;11340919324;S
20241025;133302;846;192;11340919325;S
20241025;133304;846;2;11340919885;S
20241025;133307;846;5;11340920792;S
20241025;133308;846;250;11340921331;S
20241025;133308;846;116;11340921530;S
20241025;133308;846;73;11340921532;S
20241025;133308;846;1;11340921533;S
20241025;133308;846;5;11340921534;S
20241025;133308;845.6;1;11340921587;S
20241025;133309;845.6;2;11340921624;S
20241025;133309;845;1;11340921708;S
20241025;133309;845;1;11340921709;S
20241025;133309;845;5;11340921710;S
20241025;133309;845;1;11340921711;S
20241025;133309;845;1;11340921712;S
20241025;133309;845;2;11340921713;S
20241025;133309;845;2;11340921714;S
20241025;133309;845;1;11340921715;S
20241025;133309;845;1;11340921716;S
20241025;133309;843.6;4;11340921929;B
20241025;133309;843.3;3;11340921932;S
20241025;133309;843.3;5;11340921933;S
20241025;133309;843;1;11340921934;S
20241025;133309;843;2;11340921935;S
20241025;133309;842;1;11340921936;S
20241025;133309;842;1;11340921937;S
20241025;133309;842;2;11340921938;S
20241025;133309;841.8;1;11340921939;S
20241025;133309;841.4;2;11340921940;S
20241025;133309;841.4;24;11340921941;S
20241025;133309;843.6;2;11340922037;B
20241025;133309;843.6;1;11340922044;B
20241025;133310;843.6;3;11340922067;B
20241025;133310;845;2;11340922068;S
20241025;133310;845.7;1;11340922116;B
20241025;133310;845;1;11340922129;S
20241025;133310;842.1;1;11340922288;S
20241025;133310;841.5;1;11340922289;S
20241025;133310;841.5;1;11340922290;S
20241025;133310;841.4;17;11340922291;S
20241025;133310;842.4;10;11340922340;B
20241025;133310;842.4;19;11340922355;B
20241025;133311;844.4;1;11340922559;B
20241025;133311;845.9;2;11340922579;B
20241025;133314;841.6;25;11340923264;B
20241025;133315;842.1;1;11340923685;S
20241025;133316;842;1;11340923717;S
20241025;133316;841.4;1;11340923745;S
20241025;133316;841.6;1;11340923774;S
20241025;133316;841.6;1;11340923854;S
20241025;133316;841.6;1;11340923928;S
20241025;133316;841.6;1;11340923974;S
20241025;133317;841.6;1;11340924031;S
20241025;133317;841.6;1;11340924059;S
20241025;133317;841.6;1;11340924125;S
20241025;133317;841.6;3;11340924154;S
20241025;133317;841.4;17;11340924155;S
20241025;133317;841.4;1;11340924165;S
20241025;133317;841.4;1;11340924238;S
20241025;133317;841.4;1;11340924287;S
20241025;133317;841.4;1;11340924311;S
20241025;133318;841.4;1;11340924373;S
20241025;133318;841.4;33;11340924399;S
20241025;133318;841.4;1;11340924437;S
20241025;133318;841.4;1;11340924494;S
20241025;133318;841.4;1;11340924521;S
20241025;133318;841.4;1;11340924592;S
20241025;133318;841.4;1;11340924635;S
20241025;133319;841.4;1;11340924696;S
20241025;133319;841.4;1;11340924795;S
20241025;133319;841.4;1;11340924852;S
20241025;133319;841.3;1;11340924918;S
20241025;133319;841.3;1;11340924968;S
20241025;133319;841.3;1;11340925021;S
20241025;133319;841.3;1;11340925053;S
20241025;133320;841.3;1;11340925083;S
20241025;133320;841.3;9;11340925084;S
20241025;133320;841.3;1;11340925086;S
20241025;133320;841.3;1;11340925138;S
20241025;133320;841.3;1;11340925166;S
20241025;133320;841.3;1;11340925255;S
20241025;133320;841.3;1;11340925282;S
20241025;133320;841.3;1;11340925363;S
20241025;133321;841.3;1;11340925383;S
20241025;133321;841.6;1;11340925441;S
20241025;133321;841.6;1;11340925469;S
20241025;133321;841.6;1;11340925647;S
20241025;133321;841.6;1;11340925704;S
20241025;133321;841.6;1;11340925767;S
20241025;133322;841.6;1;11340925848;S
20241025;133322;841.6;1;11340925918;S
20241025;133322;841.6;3;11340925932;S
20241025;133322;841.3;91;11340925933;S
20241025;133322;841.3;1;11340925934;S
20241025;133322;841.2;25;11340925935;S
20241025;133322;841;5;11340925936;S
20241025;133322;841;20;11340925937;S
20241025;133322;841;1;11340925938;S
20241025;133322;841;3;11340925939;S
20241025;133322;840.5;24;11340925940;S
20241025;133322;840.4;10;11340925941;S
20241025;133322;840.3;14;11340925942;S
20241025;133322;840;20;11340925943;S
20241025;133322;840;1;11340925944;S
20241025;133322;840;5;11340925945;S
20241025;133322;840;1;11340925946;S
20241025;133322;840;1;11340925947;S
20241025;133322;840;10;11340925948;S
20241025;133322;840;4;11340925949;S
20241025;133322;840;1;11340925950;S
20241025;133322;840;100;11340925951;S
20241025;133322;840;1;11340925952;S
20241025;133322;840;1;11340925953;S
20241025;133322;840;20;11340925954;S
20241025;133322;839.2;117;11340925955;S
20241025;133322;839.1;9;11340925956;S
20241025;133322;839.1;128;11340925957;S
20241025;133322;839.1;1;11340925978;S
20241025;133322;839.1;1;11340926007;S
20241025;133322;839.2;1;11340926064;S
20241025;133322;842.6;1;11340926084;B
20241025;133322;839.3;1;11340926131;S
20241025;133323;840;1;11340926160;S
20241025;133323;840;1;11340926244;S
20241025;133323;842.6;5;11340926265;B
20241025;133323;839.3;1;11340926278;S
20241025;133323;839.3;1;11340926293;S
20241025;133323;840;1;11340926346;S
20241025;133323;840.1;1;11340926391;S
20241025;133323;840.1;1;11340926404;S
20241025;133324;840.1;1;11340926460;S
20241025;133324;840;1;11340926531;S
20241025;133324;839.2;1;11340926617;S
20241025;133324;839.2;1;11340926672;S
20241025;133324;839.2;1;11340926746;S
20241025;133324;839.2;1;11340926776;S
20241025;133325;839.2;1;11340926829;S
20241025;133325;839.2;1;11340926925;S
20241025;133325;839.2;1;11340926946;S
20241025;133325;839.2;1;11340926981;S
20241025;133328;839.4;1;11340927654;S
20241025;133332;839;1;11340929312;B
20241025;133332;838.9;5;11340929316;S
20241025;133333;838.9;1;11340929664;S
20241025;133333;838.9;1;11340929730;S
20241025;133333;838.9;1;11340929783;S
20241025;133334;838.9;1;11340929873;S
20241025;133334;838.8;1;11340929904;S
20241025;133334;839;1;11340929911;B
20241025;133334;838.8;1;11340929928;S
20241025;133334;838.8;1;11340930020;S
20241025;133334;838.8;1;11340930066;S
20241025;133334;838.8;1;11340930131;S
20241025;133335;838.8;1;11340930186;S
20241025;133336;838.8;1;11340930515;S
20241025;133336;838.8;10;11340930757;S
20241025;133337;839.4;1;11340931019;B
20241025;133341;838.9;1;11340932596;S
20241025;133341;840;11;11340932615;B
20241025;133342;838.9;9;11340932628;S
20241025;133342;838.9;41;11340932629;S
20241025;133347;839;1;11340935136;S
20241025;133347;838.9;4;11340935137;S
20241025;133348;840;250;11340935317;B
20241025;133351;839.1;1;11340936991;S
20241025;133351;838.9;117;11340936992;S
20241025;133351;838.8;382;11340936993;S
20241025;133354;840.5;1;11340937911;B
20241025;133354;839;1;11340938286;B
20241025;133355;839.2;1;11340938575;B
20241025;133355;839.2;1;11340938576;B
20241025;133355;839.2;1;11340938577;B
20241025;133355;838.9;1;11340938738;S
20241025;133356;839;1;11340938830;S
20241025;133356;839.3;1;11340938905;S
20241025;133356;839;1;11340938945;S
20241025;133356;839.1;1;11340939011;S
20241025;133356;839.2;1;11340939129;S
20241025;133356;839.1;1;11340939320;S
20241025;133356;839.1;1;11340939366;S
20241025;133357;839.3;1;11340939437;S
20241025;133357;839.3;1;11340939490;S
20241025;133357;839;1;11340939524;S
20241025;133357;839;18;11340939535;S
20241025;133357;839.2;1;11340939580;S
20241025;133359;841.1;10;11340940624;B
20241025;133400;841.4;70;11340941208;B
20241025;133400;841.8;20;11340941209;B
20241025;133400;841.8;20;11340941210;B
20241025;133400;841.9;74;11340941211;B
20241025;133401;842.4;5;11340941378;B
20241025;133403;842.7;1;11340942414;B
20241025;133403;843.6;9;11340942415;B
20241025;133403;843.6;5;11340942416;B
20241025;133403;843.7;10;11340942417;B
20241025;133403;843.7;5;11340942418;B
20241025;133411;843.9;10;11340944687;B
20241025;133412;841.7;3;11340945110;S
20241025;133412;841.2;2;11340945111;S
20241025;133412;841.1;3;11340945112;S
20241025;133415;843.9;1;11340946063;S
20241025;133418;844;20;11340946674;B
20241025;133418;844;10;11340946675;B
20241025;133418;844;5;11340946679;S
20241025;133423;844.3;3;11340948247;B
20241025;133424;845;3;11340948628;B
20241025;133428;845;3;11340949676;B
20241025;133429;845;2;11340949969;B
20241025;133438;844.9;10;11340952818;B
20241025;133438;844.9;300;11340952819;B
20241025;133438;845;10;11340952820;B
20241025;133438;845;399;11340952821;B
20241025;133438;845;11;11340952822;B
20241025;133439;845.3;16;11340953031;B
20241025;133439;846.1;17;11340953060;B
20241025;133439;846.8;1;11340953158;B
20241025;133439;846.9;55;11340953159;B
20241025;133440;847.3;1;11340953230;B
20241025;133440;848.3;1;11340953534;B
20241025;133444;848.3;1;11340954751;B
20241025;133445;848.3;6;11340955462;B
20241025;133446;850.2;6;11340955758;B
20241025;133452;847.4;2;11340957245;S
20241025;133452;849.4;1;11340957254;B
20241025;133456;848.1;5;11340958313;S
20241025;133504;849.9;80;11340960646;B
20241025;133504;849.9;5;11340960647;B
20241025;133504;850;95;11340960648;B
20241025;133505;850;4;11340960870;B
20241025;133506;849.7;1;11340961243;S
20241025;133517;850.1;1;11340964504;B
20241025;133517;849.2;73;11340964777;S
20241025;133517;848.1;56;11340964778;S
20241025;133517;848.1;16;11340964779;S
20241025;133517;848;24;11340964780;S
20241025;133518;847.1;1;11340965060;S
20241025;133519;847.1;1;11340965118;S
20241025;133519;847.1;1;11340965140;S
20241025;133519;847.1;1;11340965179;S
20241025;133519;847.3;1;11340965249;S
20241025;133519;847.3;1;11340965276;S
20241025;133519;847.6;1;11340965300;B
20241025;133519;847.6;1;11340965301;B
20241025;133519;850;8;11340965302;B
20241025;133520;849;73;11340965506;B
20241025;133520;849.2;16;11340965507;B
20241025;133520;849.3;50;11340965508;B
20241025;133522;851;81;11340965810;B
20241025;133522;851.3;5;11340965811;B
20241025;133522;852;10;11340965812;B
20241025;133522;852.1;1;11340965813;B
20241025;133522;852.2;5;11340965814;B
20241025;133522;852.4;11;11340965815;S
20241025;133524;850.8;6;11340966283;S
20241025;133524;852.9;1;11340966319;B
20241025;133524;851;1;11340966349;S
20241025;133531;851.1;20;11340968201;S
20241025;133531;851.1;20;11340968202;S
20241025;133531;851.1;1;11340968203;S
20241025;133531;851;9;11340968204;S
20241025;133540;850.4;5;11340970492;S
20241025;133540;851.3;1;11340970609;B
20241025;133541;851.1;15;11340970719;B
20241025;133544;850.1;13;11340971484;S
20241025;133544;850.1;60;11340971541;S
20241025;133544;849.7;5;11340971542;S
20241025;133553;849.7;2;11340974079;B
20241025;133553;849.7;15;11340974198;B
20241025;133553;849.7;8;11340974199;B
20241025;133554;847.5;8;11340974262;S
20241025;133555;847.7;7;11340974485;S
20241025;133555;849.7;5;11340974652;B
20241025;133555;849.7;3;11340974653;B
20241025;133555;849.7;15;11340974654;B
20241025;133555;849.7;12;11340974655;B
20241025;133602;849.8;1;11340976481;B
20241025;133603;849.9;1;11340976685;B
20241025;133608;849.8;5;11340979068;B
20241025;133608;849.9;49;11340979069;B
20241025;133608;849.9;3;11340979070;B
20241025;133614;849.9;1;11340980773;B
20241025;133614;850.8;5;11340980774;B
20241025;133614;850.9;4;11340980775;B
20241025;133617;850.7;1;11340981538;B
20241025;133622;849;1;11340982922;S
20241025;133622;849;1;11340982923;S
20241025;133624;848;1;11340983124;S
20241025;133624;848;1;11340983125;S
20241025;133625;849.3;1;11340983535;B
20241025;133625;849.4;9;11340983536;B
20241025;133627;849;15;11340983803;S
20241025;133638;847.7;1;11340986604;S
20241025;133638;847;4;11340986605;S
20241025;133638;846.9;1;11340986606;S
20241025;133638;846.3;5;11340986607;S
20241025;133638;845.2;3;11340986608;S
20241025;133638;845.1;36;11340986609;S
20241025;133645;845.6;2;11340988137;S
20241025;133646;845;9;11340988350;S
20241025;133646;844.9;20;11340988351;S
20241025;133646;844.9;7;11340988352;S
20241025;133648;847.2;5;11340988862;B
20241025;133655;847.7;1;11340990317;B
20241025;133655;848.7;4;11340990318;B
20241025;133710;848.4;6;11340993491;B
20241025;133713;845.9;9;11340994314;S
20241025;133719;845.8;5;11340995293;S
20241025;133719;845.8;15;11340995294;S
20241025;133719;845.8;20;11340995295;S
20241025;133719;844.5;10;11340995296;S
20241025;133721;847.1;10;11340995707;B
20241025;133729;847.2;5;11340998219;B
20241025;133738;848.7;2;11341000993;B
20241025;133746;847.3;3;11341003136;S
20241025;133749;847.1;4;11341003809;S
20241025;133749;847.1;7;11341003810;S
20241025;133749;847.1;13;11341003811;S
20241025;133753;847;2;11341004575;B
20241025;133802;846.2;8;11341006704;S
20241025;133808;846.5;2;11341007672;B
20241025;133808;846.6;3;11341007673;B
20241025;133813;846.3;32;11341009412;S
20241025;133813;846.2;24;11341009413;S
20241025;133813;846.1;30;11341009414;S
20241025;133819;846.9;10;11341010588;B
20241025;133820;846.3;4;11341010712;S
20241025;133821;847;1;11341010840;B
20241025;133822;847;1;11341011216;B
20241025;133833;846.1;1;11341013061;S
20241025;133840;846.2;10;11341014540;S
20241025;133841;846.6;3;11341014703;B
20241025;133842;846.2;4;11341014834;S
20241025;133842;846.2;1;11341014835;S
20241025;133845;846.3;7;11341015312;S
20241025;133845;846.6;1;11341015347;B
20241025;133851;846.4;1;11341016519;S
20241025;133851;846.2;4;11341016520;S
20241025;133851;846.1;9;11341016521;S
20241025;133852;846.6;1;11341016621;B
20241025;133859;846.6;3;11341018040;B
20241025;133905;846.6;1;11341018847;B
20241025;133905;846.6;12;11341018848;B
20241025;133906;846.9;1;11341018928;B
20241025;133908;846.9;11;11341019607;B
20241025;133911;846.6;2;11341020367;S
20241025;133911;846.5;4;11341020368;S
20241025;133911;846.4;4;11341020369;S
20241025;133913;846.9;1;11341020864;B
20241025;133913;847;4;11341020865;B
20241025;133915;847;6;11341021594;B
20241025;133918;846.9;11;11341022445;S
20241025;133921;847;831;11341023152;B
20241025;133921;847;60;11341023153;B
20241025;133921;847;20;11341023154;B
20241025;133921;847;20;11341023155;B
20241025;133921;847;34;11341023156;B
20241025;133921;847.1;34;11341023157;B
20241025;133921;847.5;6;11341023158;B
20241025;133929;849.3;5;11341024506;B
20241025;133929;850;73;11341024507;B
20241025;133929;850.2;22;11341024508;B
20241025;133930;850.2;2;11341024649;B
20241025;133944;850.7;1;11341027420;B
20241025;133944;851.1;1;11341027421;B
20241025;133957;850;100;11341029859;S
20241025;134002;850.9;4;11341030797;B
20241025;134002;850.8;2;11341030799;B
20241025;134002;850.8;13;11341030800;B
20241025;134007;851.1;2;11341031547;B
20241025;134009;850;2;11341032036;S
20241025;134010;850;8;11341032171;S
20241025;134020;850;1;11341034506;S
20241025;134026;851;1;11341035748;S
20241025;134032;850;2;11341036985;S
20241025;134036;850.8;10;11341037805;B
20241025;134039;850;5;11341038358;S
20241025;134049;850.1;1;11341040342;S
20241025;134051;850;1;11341040689;S
20241025;134054;851.1;5;11341041278;B
20241025;134056;851.2;4;11341041602;B
20241025;134056;851.2;20;11341041603;B
20241025;134056;851.3;13;11341041604;B
20241025;134056;851.9;7;11341041605;B
20241025;134056;852;6;11341041606;B
20241025;134104;850.2;20;11341042946;S
20241025;134104;850.2;20;11341042947;S
20241025;134104;850;1;11341042948;S
20241025;134104;850;1;11341042949;S
20241025;134104;850;4;11341042950;S
20241025;134104;848.5;2;11341042951;S
20241025;134104;848.4;1;11341042952;S
20241025;134104;848.3;9;11341042953;S
20241025;134123;851.2;5;11341046201;B
20241025;134130;849.4;4;11341047398;S
20241025;134133;849.4;10;11341047863;S
20241025;134153;851;4;11341051337;B
20241025;134153;851.1;1;11341051338;B
20241025;134200;849.6;3;11341052857;S
20241025;134205;849.6;3;11341053747;S
20241025;134205;849.6;1;11341053748;S
20241025;134207;851.1;1;11341054350;B
20241025;134210;849.6;1;11341055120;S
20241025;134225;850;1;11341057499;B
20241025;134226;850;1;11341057561;B
20241025;134235;849.6;5;11341059408;S
20241025;134235;849.6;1;11341059409;S
20241025;134235;849.3;3;11341059410;S
20241025;134235;849.2;3;11341059411;S
20241025;134235;849;1;11341059412;S
20241025;134235;848.4;27;11341059413;S
20241025;134242;848.5;18;11341060675;S
20241025;134242;848.4;32;11341060676;S
20241025;134302;849.9;1;11341064135;B
20241025;134302;849.9;3;11341064136;B
20241025;134305;848.8;3;11341064951;S
20241025;134305;848.5;6;11341064952;S
20241025;134306;848.7;1;11341065157;S
20241025;134309;850;5;11341065540;B
20241025;134314;850;43;11341067570;B
20241025;134314;850;20;11341067571;B
20241025;134314;850;15;11341067572;B
20241025;134331;850;1;11341070951;B
20241025;134333;849.2;1;11341071278;S
20241025;134336;850;1;11341071694;B
20241025;134340;849.2;11;11341072689;S
20241025;134353;850;100;11341074158;B
20241025;134356;850;1;11341074828;B
20241025;134358;850;1;11341075073;B
20241025;134359;850;3;11341075090;B
20241025;134403;850;5;11341075758;B
20241025;134403;850;16;11341075759;B
20241025;134407;850;5;11341076252;S
20241025;134407;849.1;3;11341076253;S
20241025;134422;851;2;11341078677;B
20241025;134427;849.5;2;11341079407;S
20241025;134449;850.1;15;11341083110;S
20241025;134449;850.1;51;11341083111;S
20241025;134457;850.1;20;11341084992;S
20241025;134457;850.1;13;11341084993;S
20241025;134508;850;1;11341087315;B
20241025;134518;849.8;2;11341089645;S
20241025;134518;849.7;1;11341089646;S
20241025;134539;849.7;5;11341094008;B
20241025;134542;850.6;5;11341094391;B
20241025;134542;850.6;5;11341094392;B
20241025;134544;850.6;2;11341094830;B
20241025;134544;850.6;11;11341094853;B
20241025;134556;850;1;11341096967;S
20241025;134556;849.5;1;11341097112;S
20241025;134613;850.8;20;11341102070;B
20241025;134613;850.8;20;11341102071;B
20241025;134620;850;20;11341103984;S
20241025;134620;850;5;11341103985;S
20241025;134620;851;40;11341104408;B
20241025;134620;851;10;11341104409;B
20241025;134625;850.4;5;11341105415;S
20241025;134627;851.1;2;11341105946;B
20241025;134627;851.2;2;11341105947;B
20241025;134627;851.9;57;11341105948;B
20241025;134627;852;1;11341105949;B
20241025;134627;852;50;11341105950;B
20241025;134627;852.9;117;11341105951;B
20241025;134627;853;26;11341105952;B
20241025;134634;851;10;11341107341;B
20241025;134717;850.6;4;11341118805;B
20241025;134727;850.6;5;11341120662;B
20241025;134733;850.6;2;11341121908;B
20241025;134733;850;5;11341122014;S
20241025;134747;850.6;2;11341124260;B
20241025;134748;850;1;11341124349;S
20241025;134752;850.6;17;11341125116;B
20241025;134752;851;2;11341125195;B
20241025;134752;851;25;11341125196;B
20241025;134752;851;16;11341125197;B
20241025;134752;851;4;11341125198;B
20241025;134755;851.8;5;11341125726;B
20241025;134806;852;1;11341127690;B
20241025;134815;851.9;1;11341129729;B
20241025;134822;850.7;13;11341130757;S
20241025;134830;851.9;20;11341132359;B
20241025;134830;851.9;20;11341132360;B
20241025;134830;852;12;11341132407;B
20241025;134830;852;25;11341132408;B
20241025;134830;850.9;2;11341132502;S
20241025;134830;852.3;25;11341132506;B
20241025;134831;851.6;2;11341132589;S
20241025;134831;851.6;20;11341132590;S
20241025;134831;851.6;8;11341132591;S
20241025;134834;851.5;1;11341133088;S
20241025;134834;851.5;4;11341133089;S
20241025;134836;852.8;59;11341133441;B
20241025;134836;852.8;20;11341133442;B
20241025;134836;852.8;17;11341133443;B
20241025;134836;852.9;4;11341133444;B
20241025;134840;851.8;20;11341134199;S
20241025;134840;851.8;20;11341134200;S
20241025;134840;851.5;16;11341134201;S
20241025;134842;851.6;1;11341134605;S
20241025;134842;852.7;1;11341134712;B
20241025;134842;852.7;20;11341134713;B
20241025;134842;852.7;20;11341134714;B
20241025;134855;852.8;1;11341136669;B
20241025;134855;852.2;4;11341136801;S
20241025;134856;853;1;11341136909;B
20241025;134856;853;2;11341136910;B
20241025;134856;852;1;11341136942;S
20241025;134858;853;3;11341137239;B
20241025;134937;852.9;4;11341144061;B
20241025;134937;852.9;1;11341144120;B
20241025;134947;852.9;2;11341145669;B
20241025;134947;853;3;11341145670;B
20241025;135010;852.9;3;11341148778;B
20241025;135043;852.9;70;11341153402;B
20241025;135047;852.6;2;11341153795;S
20241025;135047;851.9;10;11341153796;S
20241025;135047;851.8;37;11341153797;S
20241025;135127;852.8;16;11341159812;B
20241025;135127;852.9;5;11341159813;B
20241025;135129;852.8;3;11341160090;B
20241025;135129;852.2;7;11341160162;S
20241025;135133;852.9;24;11341160775;B
20241025;135144;852.9;3;11341162481;B
20241025;135202;852.9;3;11341165585;B
20241025;135221;852.3;3;11341168422;S
20241025;135227;852.3;11;11341169582;S
20241025;135227;852.2;36;11341169583;S
20241025;135227;852.2;3;11341169584;S
20241025;135229;852;4;11341169884;S
20241025;135247;852;1;11341173240;S
20241025;135249;852.8;1;11341173593;B
20241025;135249;852.8;69;11341173602;B
20241025;135249;852.8;20;11341173603;B
20241025;135249;852.8;9;11341173604;B
20241025;135249;852.9;65;11341173605;B
20241025;135249;852.9;28;11341173606;B
20241025;135249;852.9;10;11341173607;B
20241025;135249;852.9;9;11341173608;B
20241025;135249;853;42;11341173609;B
20241025;135249;853;1;11341173610;B
20241025;135249;853;6;11341173611;B
20241025;135249;853;5;11341173612;B
20241025;135249;854.2;64;11341173613;B
20241025;135249;854.3;15;11341173614;B
20241025;135249;854.4;9;11341173615;B
20241025;135249;856.1;1;11341173616;B
20241025;135249;856.5;117;11341173617;B
20241025;135249;856.6;37;11341173618;B
20241025;135249;856.8;80;11341173619;B
20241025;135249;857;1;11341173620;B
20241025;135249;857.3;3;11341173621;B
20241025;135249;857.3;1;11341173622;B
20241025;135249;857.7;59;11341173623;B
20241025;135249;857.8;49;11341173624;B
20241025;135250;853.3;59;11341173802;S
20241025;135250;853.3;59;11341173803;S
20241025;135250;853.2;20;11341173804;S
20241025;135250;853.2;16;11341173805;S
20241025;135250;853.2;20;11341173806;S
20241025;135250;853.2;70;11341173807;S
20241025;135250;853;35;11341173835;B
20241025;135251;853;1;11341173916;B
20241025;135256;852.9;70;11341174581;B
20241025;135256;853;130;11341174582;B
20241025;135308;853;2;11341176713;B
20241025;135313;853;100;11341177278;B
20241025;135318;853;1;11341178081;B
20241025;135319;853;1;11341178205;B
20241025;135321;853;3;11341178472;B
20241025;135326;853;1;11341179072;B
20241025;135337;852.4;1;11341181481;S
20241025;135356;852.4;5;11341185853;S
20241025;135427;852.4;1;11341192195;S
20241025;135434;853;3;11341193481;B
20241025;135435;853;1;11341193586;B
20241025;135508;852.4;1;11341201034;S
20241025;135520;853;1;11341204421;B
20241025;135534;853;30;11341208316;B
20241025;135553;853;10;11341212913;B
20241025;135554;853;87;11341213174;B
20241025;135554;853;8;11341213175;B
20241025;135554;853;5;11341213176;B
20241025;135554;853;80;11341213269;B
20241025;135554;853;35;11341213273;B
20241025;135558;854.8;4;11341214021;B
20241025;135607;854;15;11341217115;S
20241025;135619;854.9;1;11341220798;B
20241025;135640;854.9;15;11341229512;B
20241025;135705;854.9;34;11341244805;B
20241025;135710;855.3;5;11341247449;B
20241025;135710;855.7;1;11341247450;B
20241025;135710;856.1;4;11341247451;B
20241025;135717;855.3;9;11341251670;S
20241025;135717;855.3;20;11341251671;S
20241025;135717;855.1;1;11341251672;S
20241025;135717;855;9;11341251673;S
20241025;135752;856;1;11341272205;B
20241025;135756;856;4;11341273504;B
20241025;135756;856;20;11341273505;B
20241025;135756;856;20;11341273506;B
20241025;135800;856.1;1;11341274848;B
20241025;135810;856.6;1;11341279883;B
20241025;135820;856.6;1;11341283101;B
20241025;135826;856.1;1;11341284639;S
20241025;135826;856.1;2;11341284640;S
20241025;135826;856.5;1;11341284680;B
20241025;135837;856.1;4;11341287813;S
20241025;135837;856;6;11341287814;S
20241025;135837;856;4;11341287815;S
20241025;135837;854.9;5;11341287816;S
20241025;135837;854.2;81;11341287817;S
20241025;135840;855.8;16;11341288562;B
20241025;135840;855.8;20;11341288563;B
20241025;135840;855.8;14;11341288564;B
20241025;135852;855.9;2;11341291096;B
20241025;135859;855.9;1;11341292823;B
20241025;135859;855.9;2;11341292953;B
20241025;135900;856.6;2;11341293147;B
20241025;135924;855.9;15;11341298941;S
20241025;135924;856.5;1;11341298974;B
20241025;135925;855.9;16;11341299090;S
20241025;135930;855.5;5;11341300413;S
20241025;135930;855.5;5;11341300460;S
20241025;135930;855.5;5;11341300582;S
20241025;135931;855.5;5;11341300766;S
20241025;135931;855.5;5;11341300864;S
20241025;135932;855.5;5;11341300949;S
20241025;135933;855.5;5;11341301386;S
20241025;135934;855.5;5;11341301485;S
20241025;135935;855.5;1;11341301646;S
20241025;135939;854.8;1;11341302729;S
20241025;135944;856;1;11341304368;B
20241025;135947;856;1;11341304944;B
20241025;135950;854.9;40;11341305870;S
20241025;135952;855.9;2;11341306191;B
20241025;140000;855.9;1;11341308243;B
20241025;140003;855.9;11;11341309046;B
20241025;140004;855.1;4;11341309202;S
20241025;140004;855.1;5;11341309210;S
20241025;140008;855.9;15;11341309918;B
20241025;140009;855.2;4;11341310268;S
20241025;140011;856;3;11341310736;B
20241025;140011;856.9;12;11341310737;B
20241025;140011;857;44;11341310738;B
20241025;140011;857;12;11341310739;B
20241025;140011;858.1;59;11341310740;B
20241025;140011;858.2;70;11341310741;B
20241025;140035;857.2;10;11341315041;B
20241025;140037;857.2;1;11341315496;B
20241025;140039;857.2;2;11341315746;B
20241025;140103;855.9;10;11341321067;S
20241025;140111;856.3;45;11341322343;B
20241025;140111;856.4;5;11341322344;B
20241025;140115;857.3;50;11341323034;B
20241025;140115;858.2;117;11341323035;B
20241025;140115;858.3;68;11341323036;B
20241025;140115;858.7;50;11341323037;B
20241025;140115;859.2;59;11341323038;B
20241025;140115;859.3;70;11341323039;B
20241025;140115;857.5;1;11341323194;S
20241025;140116;857.5;5;11341323297;S
20241025;140136;857.9;19;11341326881;S
20241025;140136;857.9;20;11341326882;S
20241025;140136;857.9;20;11341326883;S
20241025;140136;857.6;6;11341326884;S
20241025;140136;857.6;4;11341326885;S
20241025;140136;857.5;4;11341326886;S
20241025;140136;856.6;59;11341326887;S
20241025;140136;856.5;70;11341326888;S
20241025;140136;856.3;35;11341326889;S
20241025;140136;855.7;73;11341326890;S
20241025;140136;855.4;5;11341326891;S
20241025;140136;855.1;59;11341326892;S
20241025;140136;855;7;11341326893;S
20241025;140136;855;96;11341326894;S
20241025;140143;855.1;11;11341327881;S
20241025;140143;855.1;2;11341327882;S
20241025;140212;855.1;1;11341333334;B
20241025;140217;855;4;11341334655;S
20241025;140218;854.8;2;11341334824;S
20241025;140218;854.7;3;11341334825;S
20241025;140231;855;8;11341336666;B
20241025;140300;855;1;11341341439;B
20241025;140301;854.9;2;11341341673;B
20241025;140305;855;1;11341342455;B
20241025;140308;854.9;2;11341343019;B
20241025;140308;854.9;1;11341343059;S
20241025;140321;855;1;11341345205;B
20241025;140327;854.9;1;11341346251;B
20241025;140336;854.9;1;11341347332;B
20241025;140350;854.9;1;11341350458;B
20241025;140354;854.9;1;11341350869;B
20241025;140401;854.9;3;11341351608;B
20241025;140429;854.1;1;11341355422;B
20241025;140429;854.8;2;11341355423;B
20241025;140437;854;10;11341356527;S
20241025;140447;854;10;11341357934;S
20241025;140452;854.4;1;11341358872;B
20241025;140455;854.3;1;11341359257;B
20241025;140501;854.7;9;11341361037;B
20241025;140501;854.7;8;11341361038;B
20241025;140501;854.8;8;11341361039;B
20241025;140518;854.8;18;11341365533;B
20241025;140527;854.8;1;11341367937;B
20241025;140527;854.8;1;11341367943;B
20241025;140556;854.8;57;11341373869;B
20241025;140556;854.9;330;11341373870;B
20241025;140556;854.9;73;11341373871;B
20241025;140556;854.9;19;11341373872;B
20241025;140556;855;1;11341373873;B
20241025;140556;855;16;11341373874;B
20241025;140556;855.1;3;11341373875;B
20241025;140556;855.1;200;11341373876;B
20241025;140556;856.6;4;11341373877;B
20241025;140556;857.4;117;11341373878;B
20241025;140556;857.5;29;11341373879;B
20241025;140556;857.6;59;11341373880;B
20241025;140556;857.7;181;11341373881;B
20241025;140556;858;250;11341373882;B
20241025;140556;858.7;200;11341373883;B
20241025;140556;859.4;5;11341373884;B
20241025;140556;859.6;1;11341373885;B
20241025;140556;859.6;50;11341373886;B
20241025;140556;859.8;50;11341373887;B
20241025;140556;859.9;1;11341373888;B
20241025;140556;859.9;63;11341373889;B
20241025;140556;860;34;11341373890;B
20241025;140556;860;5;11341373891;B
20241025;140556;860;1;11341373892;B
20241025;140556;860;24;11341373893;B
20241025;140556;860;227;11341373894;B
20241025;140557;857;1;11341374144;S
20241025;140557;856.9;1;11341374145;S
20241025;140557;859.3;1;11341374146;B
20241025;140559;857.3;20;11341374588;S
20241025;140604;857.6;5;11341375471;S
20241025;140604;857.4;5;11341375472;S
20241025;140604;856.9;17;11341375473;S
20241025;140608;858.6;20;11341376498;B
20241025;140608;858.6;3;11341376499;B
20241025;140617;857.4;4;11341378838;S
20241025;140618;858.9;3;11341379089;B
20241025;140625;858.9;2;11341380491;B
20241025;140636;858.9;5;11341382364;B
20241025;140640;857.8;5;11341383302;S
20241025;140640;856.8;1;11341383303;S
20241025;140640;856.6;5;11341383304;S
20241025;140640;855.9;59;11341383305;S
20241025;140640;855.9;117;11341383306;S
20241025;140640;855.8;13;11341383307;S
20241025;140645;857.3;1;11341384549;S
20241025;140654;857.3;1;11341386377;S
20241025;140654;857.3;3;11341386379;S
20241025;140654;856.5;3;11341386380;S
20241025;140744;858.7;1;11341399293;B
20241025;140814;858.8;3;11341405521;B
20241025;140821;859.3;1;11341406885;B
20241025;140832;857.8;13;11341409019;B
20241025;140832;857.8;2;11341409020;B
20241025;140834;858;9;11341409711;B
20241025;140843;857;5;11341411617;S
20241025;140843;857;1;11341411618;S
20241025;140843;856.5;2;11341411619;S
20241025;140843;856.5;2;11341411620;S
20241025;140843;856.5;1;11341411621;S
20241025;140843;855.6;43;11341411622;S
20241025;140843;855.5;46;11341411623;S
20241025;140850;857.3;19;11341413004;B
20241025;140850;857.3;17;11341413005;B
20241025;140850;857.4;11;11341413006;B
20241025;140850;857.5;53;11341413007;B
20241025;140918;858;1;11341419753;B
20241025;140918;858;4;11341419754;B
20241025;140920;856.8;1;11341420588;S
20241025;140934;856.8;1;11341424071;S
20241025;140937;856.8;3;11341424772;S
20241025;140939;857.6;1;11341425251;B
20241025;140939;857.7;1;11341425252;B
20241025;140939;857.7;2;11341425253;B
20241025;140942;858;1;11341425880;B
20241025;140951;856.5;1;11341428194;S
20241025;140951;856.5;20;11341428195;S
20241025;140951;856.5;20;11341428196;S
20241025;140954;856.2;1;11341428996;S
20241025;140955;856.5;6;11341429285;B
20241025;140956;856.2;1;11341429472;S
20241025;140957;856.5;2;11341429892;B
20241025;140957;856.2;2;11341429980;S
20241025;141014;856.2;1;11341435479;S
20241025;141014;856.2;8;11341435480;S
20241025;141025;856.3;1;11341438918;S
20241025;141030;856.4;1;11341439960;S
20241025;141037;856.5;1;11341441983;B
20241025;141037;857.9;1;11341441984;B
20241025;141038;856.6;24;11341442220;S
20241025;141049;857;1;11341444151;B
20241025;141051;857;1;11341444298;B
20241025;141051;856.3;3;11341444348;S
20241025;141113;856.3;1;11341448023;S
20241025;141113;856.1;3;11341448024;S
20241025;141113;856;16;11341448025;S
20241025;141114;856.9;3;11341448063;B
20241025;141114;857;4;11341448064;B
20241025;141115;857;1;11341448296;B
20241025;141206;857.7;1;11341456559;B
20241025;141234;856.6;1;11341460317;S
20241025;141253;857.7;3;11341466039;B
20241025;141302;856.6;4;11341467487;S
20241025;141302;856.5;1;11341467488;S
20241025;141302;856.4;1;11341467489;S
20241025;141302;856.1;4;11341467490;S
20241025;141302;856.1;25;11341467491;S
20241025;141316;856.3;5;11341469370;S
20241025;141316;856.1;16;11341469371;S
20241025;141326;856.1;1;11341471030;B
20241025;141328;856.1;1;11341471165;B
20241025;141336;856.1;10;11341472248;B
20241025;141341;856;7;11341473764;S
20241025;141343;856.1;1;11341474530;B
20241025;141344;856.1;1;11341474874;B
20241025;141346;856.1;1;11341475486;B
20241025;141355;856.1;6;11341477980;B
20241025;141355;856.5;3;11341477981;B
20241025;141355;856.6;3;11341477982;B
20241025;141435;856.6;5;11341485863;S
20241025;141450;856.6;18;11341488175;B
20241025;141456;856.6;1;11341488670;B
20241025;141521;856.3;5;11341492471;S
20241025;141521;856.1;2;11341492472;S
20241025;141521;856.1;2;11341492473;S
20241025;141537;856.6;1;11341494981;B
20241025;141558;856.6;9;11341498387;B
20241025;141604;856.4;4;11341499633;B
20241025;141604;856.6;1;11341499634;B
20241025;141615;856.6;1;11341501499;B
20241025;141616;856.2;5;11341501740;S
20241025;141616;856.1;8;11341501741;S
20241025;141616;856;27;11341501742;S
20241025;141616;856;1;11341501743;S
20241025;141616;856;13;11341501744;S
20241025;141616;856;1;11341501745;S
20241025;141616;856;8;11341501746;S
20241025;141616;855.6;5;11341501747;S
20241025;141616;855.3;8;11341501748;S
20241025;141616;855.2;80;11341501749;S
20241025;141616;855.1;73;11341501750;S
20241025;141616;855.1;7;11341501751;S
20241025;141620;856;1;11341502307;B
20241025;141635;855.9;1;11341504049;B
20241025;141710;855.9;1;11341510395;S
20241025;141847;856.5;2;11341527615;B
20241025;141900;856.4;1;11341529980;B
20241025;141931;856.2;3;11341536196;B
20241025;141933;856.2;1;11341536374;B
20241025;141959;856.2;1;11341540671;B
20241025;142018;856.2;1;11341543048;B
20241025;142021;856.3;42;11341543749;B
20241025;142028;856;2;11341545622;S
20241025;142038;856;1;11341548469;S
20241025;142051;856.4;2;11341552343;B
20241025;142051;856.5;5;11341552344;B
20241025;142051;856.5;2;11341552345;B
20241025;142051;856.6;24;11341552346;B
20241025;142051;856.6;161;11341552347;B
20241025;142051;856.9;30;11341552348;B
20241025;142051;857;280;11341552349;B
20241025;142051;858.4;1;11341552350;B
20241025;142051;858.8;31;11341552351;B
20241025;142051;858.8;117;11341552352;B
20241025;142051;858.9;80;11341552353;B
20241025;142051;859;16;11341552354;B
20241025;142051;859.4;59;11341552355;B
20241025;142051;859.5;76;11341552356;B
20241025;142051;859.7;1;11341552357;B
20241025;142051;859.7;2;11341552358;B
20241025;142051;859.9;1;11341552359;B
20241025;142051;859.9;4;11341552360;B
20241025;142051;859.9;2;11341552361;B
20241025;142051;860;2773;11341552362;B
20241025;142051;860;1;11341552363;B
20241025;142051;860;4;11341552364;B
20241025;142051;860;92;11341552365;S
20241025;142051;860;31;11341552392;S
20241025;142051;860;5;11341552447;S
20241025;142053;860;200;11341553086;S
20241025;142101;860;30;11341555280;S
20241025;142131;860;1;11341569645;S
20241025;142133;860;7;11341571718;S
20241025;142137;860.1;1;11341576306;B
20241025;142137;860;180;11341576321;S
20241025;142137;860;1;11341576379;S
20241025;142141;860;1;11341579467;S
20241025;142141;860;1;11341580308;S
20241025;142145;860.1;1;11341583790;B
20241025;142147;860.1;5;11341586011;B
20241025;142151;860.1;1;11341590446;B
20241025;142158;860.1;53;11341597894;B
20241025;142158;860.3;3;11341597895;B
20241025;142219;860.1;1;11341615941;B
20241025;142219;860.2;1;11341615942;B
20241025;142221;860.4;1;11341617450;B
20241025;142221;860.4;1;11341617857;B
20241025;142225;860;5;11341621352;S
20241025;142226;860;8;11341622445;S
20241025;142231;860;50;11341626408;S
20241025;142235;860.1;1;11341633504;B
20241025;142239;860;50;11341638225;S
20241025;142240;860;11;11341639448;S
20241025;142249;860;1;11341647861;S
20241025;142249;860;1;11341648857;S
20241025;142250;860;1;11341648948;S
20241025;142250;860;1;11341648967;S
20241025;142250;860;1;11341648998;S
20241025;142250;860;1;11341649012;S
20241025;142255;860;1;11341654139;S
20241025;142255;860;1;11341654716;S
20241025;142257;860;20;11341656469;S
20241025;142311;860;20;11341669611;S
20241025;142312;860;1;11341671235;S
20241025;142312;860;1;11341671537;S
20241025;142312;860;1;11341671627;S
20241025;142312;860;24;11341671629;S
20241025;142312;860;1;11341671640;S
20241025;142312;860;1;11341671659;S
20241025;142335;860.1;3;11341695531;S
20241025;142339;860.1;25;11341699565;S
20241025;142347;860.4;1;11341707286;B
20241025;142400;860.1;3;11341712151;S
20241025;142409;860.4;2;11341712787;B
20241025;142435;860.2;1;11341715916;B
20241025;142439;860.1;1;11341716113;S
20241025;142451;860.1;10;11341717873;S
20241025;142453;860.1;1;11341718027;S
20241025;142540;860.2;1;11341723205;B
20241025;142544;860.1;6;11341723589;S
20241025;142556;860.1;5;11341726671;S
20241025;142556;860.1;28;11341726672;S
20241025;142601;860.1;2;11341727589;S
20241025;142627;860.1;20;11341731482;S
20241025;142643;860.1;72;11341732967;S
20241025;142646;860;3;11341733238;S
20241025;142648;860;59;11341733441;S
20241025;142723;860.1;2;11341736590;B
20241025;142730;860;3;11341738550;S
20241025;142737;860;2;11341739942;S
20241025;142737;860.1;1;11341739977;B
20241025;142744;860;10;11341740438;S
20241025;142750;860;2;11341741391;S
20241025;142758;860.1;1;11341742322;B
20241025;142822;860;1;11341752191;S
20241025;142830;860.1;3;11341753032;B
20241025;142905;860;30;11341756474;S
20241025;142916;860;1;11341757585;S
20241025;142923;860;1;11341758279;S
20241025;142946;860;266;11341760593;S
20241025;142946;860;1;11341760594;S
20241025;142946;860;83;11341760595;S
20241025;143022;860.1;4;11341765253;B
20241025;143032;860.1;1;11341766988;B
20241025;143036;860;14;11341767537;S
20241025;143050;860;1;11341770183;S
20241025;143100;860.1;2;11341774461;B
20241025;143105;860;1;11341778478;S
20241025;143105;860;1;11341778479;S
20241025;143108;860;225;11341779079;S
20241025;143112;860;38;11341779563;S
20241025;143119;860;1;11341780313;S
20241025;143121;860;210;11341780863;S
20241025;143124;860.1;9;11341781336;B
20241025;143140;860.1;1;11341783571;B
20241025;143142;860.1;1;11341783863;B
20241025;143147;860.1;1;11341784641;B
20241025;143148;860;1;11341784793;S
20241025;143156;860.1;2;11341785865;B
20241025;143156;860.1;8;11341785866;B
20241025;143157;860;5;11341786054;S
20241025;143222;860;1;11341790478;S
20241025;143241;860.1;2;11341794286;B
20241025;143241;860.1;2;11341794287;B
20241025;143302;860;10;11341797284;S
20241025;143304;860;6;11341797825;S
20241025;143318;860.1;1;11341803597;B
20241025;143331;860;3;11341805943;S
20241025;143341;860.1;2;11341807243;B
20241025;143341;860.1;15;11341807244;B
20241025;143341;860.2;3;11341807245;B
20241025;143348;860;6;11341808210;S
20241025;143348;860.1;1;11341808239;B
20241025;143354;860.1;1;11341808972;B
20241025;143412;860;15;11341811572;S
20241025;143413;860;2;11341811660;S
20241025;143421;860;10;11341812850;S
20241025;143432;860;1;11341814365;S
20241025;143432;859;1;11341814366;S
20241025;143432;859;1;11341814367;S
20241025;143432;858.2;2;11341814368;S
20241025;143432;858.4;12;11341814476;S
20241025;143501;858.1;5;11341823580;S
20241025;143502;858.1;3;11341823758;B
