<DATE>;<TIME>;<LAST>;<VOL>;<ID>;<OPER>
20241111;095940;4431;11;11403547774;S
20241111;095940;4431;39;11403547775;S
20241111;095940;4431;1;11403547776;S
20241111;095940;4431;7;11403547777;S
20241111;095940;4431;2;11403547778;S
20241111;095940;4431;1;11403547779;S
20241111;095940;4431;2;11403547780;S
20241111;095940;4431;2;11403547781;S
20241111;095940;4431;10;11403547782;S
20241111;095940;4431;36;11403547783;S
20241111;095940;4431;2;11403547784;B
20241111;095940;4431;1;11403547785;B
20241111;095940;4431;11;11403547786;B
20241111;095940;4431;1;11403547787;B
20241111;095940;4431;1;11403547788;B
20241111;095940;4431;12;11403547789;B
20241111;095940;4431;1;11403547790;B
20241111;095940;4431;5;11403547791;B
20241111;095940;4431;2;11403547792;B
20241111;095940;4431;1;11403547793;B
20241111;095940;4431;30;11403547794;B
20241111;095940;4431;20;11403547795;B
20241111;095940;4431;10;11403547796;B
20241111;095940;4431;4;11403547797;B
20241111;095940;4431;30;11403547798;B
20241111;095940;4431;25;11403547799;B
20241111;095940;4431;140;11403547800;B
20241111;095940;4431;18;11403547801;B
20241111;095940;4431;200;11403547802;B
20241111;095940;4431;25;11403547803;B
20241111;095940;4431;1;11403547804;B
20241111;095940;4431;50;11403547805;B
20241111;095940;4431;12;11403547806;B
20241111;095940;4431;31;11403547807;B
20241111;095940;4431;23;11403547808;B
20241111;095940;4431;1;11403547809;B
20241111;095940;4431;1;11403547810;B
20241111;095940;4431;20;11403547811;B
20241111;095940;4431;10;11403547812;B
20241111;095940;4431;103;11403547813;B
20241111;095940;4431;1;11403547814;B
20241111;095940;4431;26;11403547815;B
20241111;095940;4431;4;11403547816;B
20241111;095940;4431;6;11403547817;B
20241111;095940;4431;2;11403547818;B
20241111;095940;4431;2;11403547819;B
20241111;095940;4431;1;11403547820;B
20241111;095940;4431;1;11403547821;B
20241111;095940;4431;10;11403547822;B
20241111;095940;4431;14;11403547823;B
20241111;095940;4431;2;11403547824;B
20241111;095940;4431;1;11403547825;B
20241111;095940;4431;10;11403547826;B
20241111;095940;4431;1;11403547827;B
20241111;095940;4431;3;11403547828;B
20241111;095940;4431;7;11403547829;B
20241111;095940;4431;25;11403547830;B
20241111;095940;4431;50;11403547831;B
20241111;095940;4431;2;11403547832;B
20241111;095940;4431;1;11403547833;B
20241111;095940;4431;10;11403547834;B
20241111;095940;4431;10;11403547835;S
20241111;095940;4431;14;11403547836;B
20241111;095940;4431;5;11403547837;B
20241111;095940;4431;83;11403547838;B
20241111;095940;4431;50;11403547839;B
20241111;095940;4431;56;11403547840;B
20241111;095940;4431;100;11403547841;B
20241111;095940;4431;37;11403547842;B
20241111;095940;4431;6;11403547843;B
20241111;095940;4431;1;11403547844;B
20241111;095940;4431;1;11403547845;B
20241111;095940;4431;30;11403547846;S
20241111;095940;4431;1;11403547847;B
20241111;095940;4431;2;11403547848;B
20241111;095940;4431;1;11403547849;B
20241111;095940;4431;100;11403547850;B
20241111;095940;4431;4;11403547851;B
20241111;095940;4431;1;11403547852;B
20241111;095940;4431;1;11403547853;B
20241111;095940;4431;133;11403547854;B
20241111;095940;4431;31;11403547855;S
20241111;095940;4431;155;11403547856;B
20241111;095940;4431;10;11403547857;B
20241111;095940;4431;44;11403547858;B
20241111;095940;4431;2;11403547859;B
20241111;095940;4431;10;11403547860;B
20241111;095940;4431;44;11403547861;B
20241111;095940;4431;180;11403547862;B
20241111;095940;4431;500;11403547863;B
20241111;095940;4431;175;11403547864;B
20241111;095940;4431;87;11403547865;B
20241111;095940;4431;10;11403547866;B
20241111;095940;4431;1;11403547867;B
20241111;095940;4431;2;11403547868;B
20241111;095940;4431;8;11403547869;B
20241111;095940;4431;45;11403547870;B
20241111;095940;4431;3;11403547871;B
20241111;095940;4431;12;11403547872;B
20241111;095940;4431;1;11403547873;B
20241111;095940;4431;1;11403547874;B
20241111;095940;4431;1;11403547875;B
20241111;095940;4431;23;11403547876;B
20241111;095940;4431;3;11403547877;S
20241111;095940;4431;12;11403547878;B
20241111;095940;4431;5;11403547879;B
20241111;095940;4431;1;11403547880;B
20241111;095940;4431;1;11403547881;B
20241111;095940;4431;1;11403547882;B
20241111;095940;4431;1;11403547883;B
20241111;095940;4431;1;11403547884;B
20241111;095940;4431;1;11403547885;B
20241111;095940;4431;13;11403547886;B
20241111;095940;4431;1;11403547887;B
20241111;095940;4431;1;11403547888;B
20241111;095940;4431;1;11403547889;B
20241111;095940;4431;4;11403547890;B
20241111;095940;4431;50;11403547891;B
20241111;095940;4431;20;11403547892;B
20241111;095940;4431;5;11403547893;B
20241111;095940;4431;1;11403547894;B
20241111;095940;4431;1;11403547895;B
20241111;095940;4431;200;11403547896;S
20241111;095940;4431;10;11403547897;B
20241111;095940;4431;1;11403547898;B
20241111;095940;4431;30;11403547899;B
20241111;095940;4431;1;11403547900;B
20241111;095940;4431;1;11403547901;B
20241111;095940;4431;1;11403547902;B
20241111;095940;4431;200;11403547903;S
20241111;095940;4431;1;11403547904;S
20241111;095940;4431;1;11403547905;B
20241111;095940;4431;2;11403547906;B
20241111;095940;4431;10;11403547907;B
20241111;095940;4431;6;11403547908;B
20241111;095940;4431;1;11403547909;B
20241111;095940;4431;1;11403547910;B
20241111;095940;4431;10;11403547911;B
20241111;095940;4431;1;11403547912;B
20241111;095940;4431;3;11403547913;B
20241111;095940;4431;13;11403547914;B
20241111;100000;4432;52;11403556636;B
20241111;100000;4432;1;11403557114;B
20241111;100000;4431;1;11403557235;S
20241111;100000;4432;1;11403557289;B
20241111;100000;4432;46;11403557446;B
20241111;100000;4432;1;11403557447;B
20241111;100000;4435;1;11403557448;B
20241111;100000;4436;1;11403557449;B
20241111;100000;4437;1;11403557450;B
20241111;100000;4439;52;11403557451;B
20241111;100000;4440;50;11403557452;B
20241111;100000;4440;10;11403557453;B
20241111;100000;4440;1;11403557454;B
20241111;100000;4440;1;11403557455;B
20241111;100000;4442;1;11403557456;B
20241111;100000;4444;25;11403557457;B
20241111;100000;4444;100;11403557458;B
20241111;100000;4444;5;11403557459;B
20241111;100000;4444;5;11403557460;B
20241111;100000;4447;10;11403557461;B
20241111;100000;4447;1;11403557462;B
20241111;100000;4447;15;11403557463;B
20241111;100000;4448;20;11403557464;B
20241111;100000;4448;3;11403557465;B
20241111;100000;4448;1;11403557466;B
20241111;100000;4448;49;11403557826;B
20241111;100001;4436;1;11403558150;S
20241111;100001;4436;12;11403558179;S
20241111;100001;4436;11;11403558180;S
20241111;100001;4435;1;11403558242;S
20241111;100001;4435;11;11403558291;S
20241111;100001;4434;1;11403558292;S
20241111;100001;4434;1;11403558293;S
20241111;100001;4434;1;11403558294;S
20241111;100001;4433;2;11403558295;S
20241111;100001;4433;1;11403558322;S
20241111;100001;4440;1;11403558898;B
20241111;100002;4435;8;11403559195;B
20241111;100002;4443;1;11403559239;B
20241111;100002;4433;2;11403559280;S
20241111;100002;4443;4;11403559375;B
20241111;100002;4443;5;11403559482;B
20241111;100002;4437;5;11403559490;S
20241111;100002;4436;12;11403559491;S
20241111;100002;4434;5;11403559648;S
20241111;100002;4434;5;11403559649;S
20241111;100003;4435;1;11403560960;S
20241111;100003;4435;1;11403560975;S
20241111;100003;4435;5;11403560984;S
20241111;100003;4439;3;11403561068;B
20241111;100003;4436;1;11403561146;S
20241111;100003;4436;4;11403561166;S
20241111;100003;4442;5;11403561458;B
20241111;100003;4444;10;11403561459;B
20241111;100003;4444;1;11403561460;B
20241111;100003;4444;1;11403561461;B
20241111;100003;4446;2;11403561462;B
20241111;100003;4447;12;11403561463;B
20241111;100003;4447;19;11403561464;B
20241111;100003;4440;1;11403561754;S
20241111;100004;4440;1;11403562824;S
20241111;100004;4440;8;11403562827;B
20241111;100004;4444;4;11403562985;B
20241111;100004;4445;1;11403562986;B
20241111;100004;4447;5;11403562987;B
20241111;100005;4447;4;11403564011;B
20241111;100006;4442;1;11403565754;S
20241111;100006;4442;3;11403565868;S
20241111;100006;4447;3;11403565903;B
20241111;100006;4447;11;11403565939;B
20241111;100006;4447;1;11403566323;B
20241111;100006;4448;27;11403566324;B
20241111;100006;4447;6;11403567087;B
20241111;100006;4448;18;11403567088;B
20241111;100007;4447;1;11403567335;B
20241111;100007;4447;3;11403567407;B
20241111;100007;4447;2;11403567417;B
20241111;100007;4448;10;11403567418;B
20241111;100007;4448;1;11403567437;B
20241111;100007;4447;6;11403567609;B
20241111;100007;4448;54;11403567610;B
20241111;100007;4442;1;11403567991;S
20241111;100007;4440;1;11403568944;S
20241111;100007;4447;5;11403568951;B
20241111;100007;4440;1;11403568952;S
20241111;100007;4447;1;11403568953;B
20241111;100008;4447;6;11403570599;B
20241111;100008;4447;2;11403570600;B
20241111;100008;4448;41;11403570601;B
20241111;100008;4449;30;11403570602;B
20241111;100008;4449;120;11403570603;B
20241111;100008;4450;1;11403570604;B
20241111;100008;4447;1;11403571086;B
20241111;100008;4447;1;11403571101;B
20241111;100008;4450;1;11403571223;B
20241111;100008;4450;1;11403571225;B
20241111;100008;4450;1;11403571226;B
20241111;100008;4450;1;11403571227;B
20241111;100008;4450;2;11403571229;B
20241111;100008;4450;2;11403571230;B
20241111;100008;4450;4;11403571231;B
20241111;100008;4450;3;11403571232;B
20241111;100008;4450;2;11403571233;B
20241111;100008;4450;3;11403571234;B
20241111;100008;4450;1;11403571235;B
20241111;100008;4450;2;11403571236;B
20241111;100008;4450;8;11403571237;B
20241111;100008;4450;1;11403571238;B
20241111;100008;4450;6;11403571239;B
20241111;100008;4449;1;11403571674;B
20241111;100008;4444;4;11403571986;S
20241111;100008;4447;2;11403572659;B
20241111;100008;4444;5;11403572861;S
20241111;100008;4447;1;11403573011;B
20241111;100009;4447;1;11403573673;B
20241111;100009;4442;1;11403573693;S
20241111;100009;4442;4;11403573714;S
20241111;100009;4447;1;11403574017;B
20241111;100009;4447;1;11403574018;B
20241111;100009;4447;1;11403575271;B
20241111;100009;4447;3;11403575624;B
20241111;100009;4447;1;11403575625;B
20241111;100009;4447;1;11403575651;B
20241111;100009;4447;2;11403575672;B
20241111;100009;4442;2;11403575675;S
20241111;100009;4448;1;11403575710;B
20241111;100009;4448;8;11403575730;B
20241111;100009;4449;2;11403575731;B
20241111;100009;4442;3;11403575758;S
20241111;100009;4449;1;11403576786;B
20241111;100009;4449;5;11403576792;B
20241111;100009;4444;2;11403577007;S
20241111;100010;4449;1;11403578785;B
20241111;100010;4449;1;11403578795;B
20241111;100010;4443;5;11403578812;S
20241111;100010;4449;1;11403579176;B
20241111;100010;4449;1;11403579177;B
20241111;100010;4449;2;11403579178;B
20241111;100010;4450;10;11403579179;B
20241111;100010;4450;10;11403579180;B
20241111;100010;4450;3;11403579181;B
20241111;100010;4450;50;11403579182;B
20241111;100010;4450;2;11403579183;B
20241111;100010;4450;120;11403579184;B
20241111;100010;4450;6;11403579185;B
20241111;100010;4450;1;11403579186;B
20241111;100010;4450;10;11403579187;B
20241111;100010;4450;1;11403579188;B
20241111;100010;4450;2;11403579189;B
20241111;100010;4450;3;11403579190;B
20241111;100010;4450;15;11403579191;B
20241111;100010;4452;4;11403579192;B
20241111;100010;4452;6;11403579193;B
20241111;100010;4453;5;11403579194;B
20241111;100010;4453;13;11403579195;B
20241111;100010;4454;23;11403579196;B
20241111;100010;4455;10;11403579197;B
20241111;100010;4457;1;11403579198;B
20241111;100010;4459;1;11403579199;B
20241111;100010;4459;200;11403579200;B
20241111;100010;4460;2;11403579201;B
20241111;100010;4460;1;11403579202;B
20241111;100010;4460;10;11403579203;B
20241111;100010;4464;57;11403579204;B
20241111;100010;4449;12;11403579325;B
20241111;100010;4449;12;11403579349;B
20241111;100010;4450;14;11403579379;B
20241111;100010;4449;12;11403579389;B
20241111;100010;4449;6;11403579416;B
20241111;100010;4447;10;11403579629;S
20241111;100010;4447;1;11403579679;S
20241111;100010;4448;10;11403580021;S
20241111;100010;4448;5;11403580024;S
20241111;100010;4452;3;11403580027;B
20241111;100011;4448;1;11403580096;S
20241111;100011;4448;9;11403580097;S
20241111;100011;4452;17;11403580653;B
20241111;100011;4458;12;11403580654;B
20241111;100011;4459;7;11403580655;B
20241111;100011;4460;1;11403580656;B
20241111;100011;4463;12;11403580657;B
20241111;100011;4464;43;11403580658;B
20241111;100011;4465;20;11403580659;B
20241111;100011;4467;1;11403580660;B
20241111;100011;4468;23;11403580661;B
20241111;100011;4469;41;11403580662;B
20241111;100011;4464;1;11403581772;B
20241111;100011;4464;1;11403581780;B
20241111;100011;4460;2;11403582099;B
20241111;100011;4460;1;11403582101;B
20241111;100012;4463;1;11403583872;B
20241111;100012;4463;1;11403583885;B
20241111;100012;4464;1;11403583896;B
20241111;100012;4464;1;11403584169;B
20241111;100012;4464;16;11403584559;B
20241111;100012;4464;12;11403584560;B
20241111;100012;4465;22;11403584561;B
20241111;100012;4459;1;11403584735;S
20241111;100012;4454;1;11403584736;S
20241111;100012;4452;7;11403584737;S
20241111;100012;4452;5;11403584754;S
20241111;100012;4452;2;11403584755;S
20241111;100013;4464;1;11403585016;B
20241111;100013;4464;1;11403585019;B
20241111;100013;4464;1;11403585021;B
20241111;100013;4464;3;11403585022;B
20241111;100013;4464;1;11403585036;B
20241111;100013;4452;2;11403585037;S
20241111;100013;4464;5;11403585040;B
20241111;100013;4464;4;11403585041;B
20241111;100013;4465;1;11403585042;B
20241111;100014;4451;12;11403586584;S
20241111;100015;4463;5;11403588889;B
20241111;100015;4464;12;11403588890;B
20241111;100015;4465;107;11403588891;B
20241111;100015;4467;4;11403588892;B
20241111;100015;4468;49;11403588893;B
20241111;100015;4468;32;11403589114;B
20241111;100015;4468;2;11403589115;B
20241111;100016;4468;3;11403589385;B
20241111;100016;4460;1;11403589568;B
20241111;100017;4460;1;11403589801;B
20241111;100017;4460;28;11403590103;B
20241111;100017;4467;1;11403590104;B
20241111;100017;4468;7;11403590105;B
20241111;100017;4468;6;11403590106;B
20241111;100018;4458;14;11403590322;B
20241111;100018;4458;12;11403590645;S
20241111;100019;4458;2;11403590867;B
20241111;100019;4458;30;11403590975;B
20241111;100019;4458;10;11403591270;B
20241111;100020;4458;1;11403591387;B
20241111;100020;4458;91;11403591388;B
20241111;100020;4468;9;11403591389;B
20241111;100020;4468;3;11403591407;B
20241111;100020;4469;259;11403591408;B
20241111;100020;4470;2;11403591409;B
20241111;100020;4470;220;11403591410;B
20241111;100020;4470;12;11403591411;B
20241111;100020;4470;4;11403591412;B
20241111;100020;4458;12;11403591821;S
20241111;100020;4457;23;11403591822;S
20241111;100020;4457;5;11403591823;S
20241111;100020;4456;5;11403591824;S
20241111;100020;4456;7;11403591825;S
20241111;100020;4456;12;11403591826;S
20241111;100020;4456;40;11403591827;S
20241111;100020;4455;5;11403591828;S
20241111;100020;4454;1;11403591829;S
20241111;100020;4454;5;11403591830;S
20241111;100020;4454;8;11403591831;S
20241111;100020;4450;29;11403591832;S
20241111;100020;4465;2;11403591959;B
20241111;100021;4465;1;11403592109;B
20241111;100021;4465;1;11403592398;B
20241111;100021;4463;5;11403592531;B
20241111;100021;4465;8;11403592532;B
20241111;100021;4465;12;11403592533;B
20241111;100022;4456;9;11403592966;S
20241111;100022;4464;1;11403593000;B
20241111;100023;4464;1;11403593435;B
20241111;100023;4464;1;11403593537;B
20241111;100024;4464;2;11403593833;B
20241111;100024;4466;8;11403593834;B
20241111;100024;4466;4;11403593959;B
20241111;100024;4467;24;11403593960;B
20241111;100025;4467;30;11403594776;B
20241111;100029;4465;20;11403596748;B
20241111;100029;4466;15;11403596778;B
20241111;100029;4467;5;11403596779;B
20241111;100030;4467;5;11403597005;B
20241111;100030;4467;1;11403597254;B
20241111;100031;4467;1;11403597815;B
20241111;100031;4467;65;11403597870;B
20241111;100032;4466;6;11403598061;B
20241111;100032;4466;2;11403598062;B
20241111;100032;4467;14;11403598063;B
20241111;100032;4467;1;11403598418;B
20241111;100033;4464;1;11403599064;S
20241111;100033;4466;20;11403599127;B
20241111;100033;4466;74;11403599224;B
20241111;100033;4467;38;11403599225;B
20241111;100034;4465;40;11403599366;S
20241111;100034;4464;4;11403599367;S
20241111;100034;4463;12;11403599368;S
20241111;100034;4462;40;11403599369;S
20241111;100034;4462;10;11403599462;B
20241111;100034;4462;5;11403599516;B
20241111;100034;4462;1;11403599631;B
20241111;100035;4462;2;11403599840;B
20241111;100035;4462;2;11403599868;B
20241111;100035;4462;20;11403599914;B
20241111;100036;4462;2;11403600430;B
20241111;100037;4462;1;11403600742;B
20241111;100038;4462;10;11403601832;B
20241111;100039;4461;1;11403602167;S
20241111;100039;4462;23;11403602176;B
20241111;100039;4461;4;11403602398;S
20241111;100039;4460;6;11403602399;S
20241111;100040;4460;294;11403602702;S
20241111;100040;4460;2;11403602703;S
20241111;100040;4460;29;11403602704;S
20241111;100040;4460;5;11403602705;S
20241111;100040;4460;1;11403602706;S
20241111;100041;4458;4;11403603260;S
20241111;100041;4457;1;11403603261;S
20241111;100041;4456;2;11403603262;S
20241111;100041;4455;2;11403603263;S
20241111;100041;4453;1;11403603284;S
20241111;100042;4455;5;11403603372;B
20241111;100042;4455;1;11403603387;B
20241111;100042;4450;2;11403603502;S
20241111;100042;4450;1;11403603503;S
20241111;100042;4449;12;11403603504;S
20241111;100043;4454;1;11403603896;B
20241111;100043;4454;1;11403603907;B
20241111;100044;4449;1;11403604351;B
20241111;100044;4448;70;11403604401;S
20241111;100044;4453;1;11403604712;B
20241111;100044;4453;5;11403604713;B
20241111;100044;4454;7;11403604714;B
20241111;100044;4454;10;11403604715;B
20241111;100044;4455;22;11403604716;B
20241111;100045;4455;3;11403605112;B
20241111;100045;4457;5;11403605113;B
20241111;100045;4457;12;11403605114;B
20241111;100045;4457;12;11403605115;B
20241111;100045;4458;5;11403605116;B
20241111;100045;4458;5;11403605117;B
20241111;100045;4458;7;11403605118;B
20241111;100045;4458;8;11403605119;B
20241111;100045;4459;40;11403605120;B
20241111;100045;4460;55;11403605121;B
20241111;100047;4459;5;11403606094;B
20241111;100047;4459;5;11403606139;B
20241111;100047;4460;13;11403606140;B
20241111;100047;4460;1;11403606161;B
20241111;100048;4460;100;11403606581;B
20241111;100048;4460;1;11403606582;B
20241111;100048;4461;4;11403606583;B
20241111;100049;4461;3;11403607166;B
20241111;100049;4461;10;11403607167;B
20241111;100049;4462;28;11403607168;B
20241111;100049;4462;5;11403607169;B
20241111;100049;4466;1;11403607170;B
20241111;100049;4467;5;11403607171;B
20241111;100049;4467;10;11403607172;B
20241111;100049;4467;21;11403607173;B
20241111;100049;4467;9;11403607220;B
20241111;100049;4468;1;11403607221;B
20241111;100049;4468;2;11403607236;B
20241111;100051;4460;1;11403608277;B
20241111;100051;4460;1;11403608290;B
20241111;100051;4460;2;11403608405;B
20241111;100051;4467;1;11403608593;S
20241111;100052;4468;12;11403608701;B
20241111;100054;4460;5;11403609929;S
20241111;100055;4466;5;11403610304;B
20241111;100055;4466;1;11403610305;B
20241111;100055;4466;1;11403610427;B
20241111;100055;4467;20;11403610449;B
20241111;100057;4467;9;11403611185;B
20241111;100058;4467;12;11403611534;B
20241111;100059;4467;4;11403612168;B
20241111;100059;4467;36;11403612169;B
20241111;100100;4466;1;11403612697;B
20241111;100101;4465;12;11403613272;S
20241111;100102;4465;10;11403613718;S
20241111;100102;4466;5;11403613976;B
20241111;100102;4465;5;11403614137;S
20241111;100103;4466;25;11403614536;B
20241111;100103;4466;149;11403614603;B
20241111;100103;4467;58;11403614604;B
20241111;100103;4467;13;11403614605;B
20241111;100104;4468;5;11403615261;S
20241111;100104;4468;5;11403615262;S
20241111;100105;4467;3;11403615819;S
20241111;100107;4468;1;11403616552;S
20241111;100108;4468;4;11403616873;S
20241111;100108;4468;10;11403616874;S
20241111;100108;4468;3;11403616944;S
20241111;100108;4470;2;11403617223;B
20241111;100108;4470;10;11403617224;B
20241111;100108;4470;9;11403617225;B
20241111;100109;4470;1;11403617701;B
20241111;100109;4468;1;11403617737;S
20241111;100110;4468;1;11403617787;S
20241111;100110;4468;1;11403617788;S
20241111;100110;4468;12;11403617789;S
20241111;100110;4468;12;11403617790;S
20241111;100110;4468;1;11403618244;B
20241111;100112;4468;3;11403618634;B
20241111;100112;4468;1;11403618650;S
20241111;100112;4469;1;11403618847;B
20241111;100112;4471;5;11403618848;B
20241111;100112;4472;2;11403618849;B
20241111;100112;4472;1;11403618850;B
20241111;100112;4473;1;11403618851;B
20241111;100113;4468;2;11403619068;S
20241111;100113;4468;2;11403619091;S
20241111;100113;4470;1;11403619321;S
20241111;100115;4473;12;11403620049;B
20241111;100115;4473;12;11403620050;B
20241111;100115;4474;8;11403620051;B
20241111;100115;4474;15;11403620052;B
20241111;100115;4475;20;11403620053;B
20241111;100115;4475;116;11403620054;B
20241111;100115;4475;400;11403620055;B
20241111;100115;4477;1;11403620056;B
20241111;100115;4477;2;11403620057;B
20241111;100115;4477;1;11403620058;B
20241111;100115;4477;1;11403620059;B
20241111;100115;4478;2;11403620060;B
20241111;100115;4479;100;11403620061;B
20241111;100115;4479;1;11403620062;B
20241111;100115;4479;20;11403620063;B
20241111;100115;4479;10;11403620064;B
20241111;100115;4479;1;11403620065;B
20241111;100115;4480;25;11403620066;B
20241111;100115;4480;1;11403620067;B
20241111;100115;4480;1;11403620068;B
20241111;100115;4480;20;11403620069;B
20241111;100115;4480;4;11403620070;B
20241111;100115;4480;150;11403620071;B
20241111;100115;4480;25;11403620072;B
20241111;100115;4480;10;11403620073;B
20241111;100115;4480;1;11403620074;B
20241111;100115;4480;41;11403620075;B
20241111;100115;4472;25;11403620228;S
20241111;100116;4474;6;11403620333;B
20241111;100116;4479;5;11403620334;B
20241111;100116;4480;4;11403620335;B
20241111;100118;4477;2;11403621046;B
20241111;100118;4477;14;11403621256;B
20241111;100118;4477;1;11403621257;B
20241111;100118;4478;5;11403621258;B
20241111;100119;4473;2;11403621356;S
20241111;100119;4472;8;11403621357;S
20241111;100120;4472;4;11403621642;S
20241111;100120;4472;6;11403621643;S
20241111;100121;4473;1;11403621900;B
20241111;100121;4477;12;11403621901;B
20241111;100121;4477;2;11403621902;B
20241111;100121;4478;5;11403621903;B
20241111;100121;4475;3;11403622198;B
20241111;100121;4478;1;11403622199;B
20241111;100123;4477;1;11403622669;S
20241111;100123;4473;4;11403622670;S
20241111;100124;4477;1;11403623148;B
20241111;100124;4478;17;11403623149;B
20241111;100124;4478;8;11403623150;B
20241111;100124;4478;4;11403623151;B
20241111;100124;4479;5;11403623152;B
20241111;100124;4479;15;11403623153;B
20241111;100124;4479;1;11403623228;B
20241111;100125;4479;10;11403623455;B
20241111;100126;4475;2;11403623785;S
20241111;100126;4478;2;11403623884;B
20241111;100126;4479;2;11403623885;B
20241111;100126;4475;12;11403623905;S
20241111;100126;4474;9;11403623906;S
20241111;100128;4477;20;11403624265;B
20241111;100128;4477;98;11403624337;B
20241111;100128;4474;5;11403624467;S
20241111;100129;4476;2;11403624680;B
20241111;100129;4476;10;11403624730;B
20241111;100129;4477;89;11403624731;B
20241111;100129;4479;72;11403624732;B
20241111;100129;4479;1;11403624733;B
20241111;100129;4479;5;11403624734;B
20241111;100129;4480;23;11403624735;B
20241111;100130;4480;3;11403624987;B
20241111;100130;4475;5;11403624990;S
20241111;100130;4473;5;11403624991;S
20241111;100132;4479;5;11403625831;B
20241111;100133;4479;20;11403626292;B
20241111;100133;4480;25;11403626293;B
20241111;100133;4478;12;11403626299;S
20241111;100133;4477;8;11403626300;S
20241111;100133;4479;1;11403626317;B
20241111;100134;4479;1;11403626430;B
20241111;100134;4478;1;11403626487;S
20241111;100135;4478;1;11403626986;S
20241111;100135;4477;5;11403626987;S
20241111;100135;4479;5;11403627047;B
20241111;100136;4479;4;11403627213;B
20241111;100136;4478;1;11403627236;S
20241111;100136;4479;4;11403627330;B
20241111;100136;4480;40;11403627331;B
20241111;100136;4478;2;11403627518;S
20241111;100138;4479;2;11403628031;B
20241111;100139;4479;2;11403628281;S
20241111;100139;4480;1;11403628464;B
20241111;100139;4480;1;11403628479;B
20241111;100139;4480;1;11403628480;B
20241111;100139;4480;1;11403628485;B
20241111;100139;4480;1;11403628486;B
20241111;100139;4480;1;11403628487;B
20241111;100139;4480;10;11403628493;B
20241111;100140;4479;1;11403628561;S
20241111;100140;4479;12;11403628562;S
20241111;100140;4479;5;11403628563;S
20241111;100140;4478;2;11403628564;S
20241111;100140;4480;11;11403628929;B
20241111;100141;4480;20;11403628962;B
20241111;100141;4480;67;11403628983;B
20241111;100141;4480;133;11403628984;B
20241111;100141;4479;5;11403628988;S
20241111;100141;4480;50;11403629168;B
20241111;100141;4480;50;11403629200;B
20241111;100141;4479;20;11403629210;S
20241111;100142;4480;1;11403629389;B
20241111;100142;4479;300;11403629446;S
20241111;100143;4480;1;11403629822;B
20241111;100143;4480;1;11403629849;B
20241111;100144;4479;100;11403630202;S
20241111;100144;4479;1;11403630359;B
20241111;100144;4479;2;11403630392;B
20241111;100144;4478;9;11403630427;S
20241111;100145;4479;11;11403630482;B
20241111;100145;4479;12;11403630483;B
20241111;100145;4480;8;11403630484;B
20241111;100145;4480;4;11403630549;B
20241111;100145;4479;12;11403630646;S
20241111;100145;4478;95;11403630647;S
20241111;100145;4479;3;11403630692;B
20241111;100145;4478;1;11403630693;S
20241111;100145;4479;9;11403630700;B
20241111;100145;4480;52;11403630701;B
20241111;100145;4480;10;11403630702;B
20241111;100145;4480;1;11403630703;B
20241111;100145;4480;34;11403630704;B
20241111;100145;4480;1;11403630705;B
20241111;100145;4480;4;11403630706;B
20241111;100145;4480;52;11403630707;B
20241111;100145;4480;20;11403630708;B
20241111;100145;4480;10;11403630709;B
20241111;100145;4480;1;11403630710;B
20241111;100145;4480;1;11403630711;B
20241111;100145;4480;5;11403630712;B
20241111;100145;4479;12;11403630801;S
20241111;100145;4478;9;11403630802;S
20241111;100146;4478;20;11403630819;S
20241111;100146;4480;10;11403630859;B
20241111;100146;4480;1;11403630860;B
20241111;100146;4480;1;11403630861;B
20241111;100146;4481;50;11403630862;B
20241111;100146;4481;1;11403630863;B
20241111;100146;4483;20;11403630864;B
20241111;100146;4483;12;11403630865;B
20241111;100146;4484;16;11403630866;B
20241111;100146;4484;20;11403630867;B
20241111;100146;4485;5;11403630868;B
20241111;100146;4485;20;11403630869;B
20241111;100146;4486;6;11403630870;B
20241111;100146;4486;25;11403630871;B
20241111;100146;4486;10;11403630872;B
20241111;100146;4486;5;11403630873;B
20241111;100146;4486;31;11403630874;B
20241111;100146;4487;45;11403630875;B
20241111;100146;4487;1;11403630876;B
20241111;100146;4487;100;11403630877;B
20241111;100146;4488;5;11403630878;B
20241111;100146;4488;1;11403630879;B
20241111;100146;4488;5;11403630880;B
20241111;100146;4488;2;11403630881;B
20241111;100146;4488;15;11403630882;B
20241111;100146;4489;30;11403630883;B
20241111;100146;4489;2;11403630884;B
20241111;100146;4489;10;11403630885;B
20241111;100146;4489;10;11403630886;B
20241111;100146;4489;41;11403630887;B
20241111;100146;4480;6;11403630925;S
20241111;100146;4480;6;11403631102;S
20241111;100146;4479;4;11403631103;S
20241111;100146;4479;1;11403631104;S
20241111;100146;4479;7;11403631108;S
20241111;100146;4479;5;11403631109;S
20241111;100146;4479;5;11403631110;S
20241111;100146;4479;7;11403631111;S
20241111;100146;4479;8;11403631112;S
20241111;100146;4479;40;11403631113;S
20241111;100146;4478;8;11403631114;S
20241111;100146;4478;3;11403631217;S
20241111;100146;4478;5;11403631218;S
20241111;100146;4487;6;11403631290;B
20241111;100147;4479;6;11403631402;S
20241111;100147;4479;1;11403631403;B
20241111;100148;4479;100;11403631675;B
20241111;100148;4478;1;11403631725;S
20241111;100148;4479;358;11403631727;B
20241111;100148;4480;82;11403631858;S
20241111;100148;4478;120;11403631859;S
20241111;100148;4478;52;11403631860;S
20241111;100148;4477;86;11403631861;S
20241111;100148;4481;14;11403632003;B
20241111;100148;4485;5;11403632004;B
20241111;100148;4485;1;11403632005;B
20241111;100148;4485;5;11403632006;B
20241111;100149;4485;7;11403632357;B
20241111;100149;4479;4;11403632433;B
20241111;100149;4479;1;11403632442;B
20241111;100149;4486;2;11403632443;B
20241111;100149;4486;10;11403632444;B
20241111;100150;4486;2;11403632870;B
20241111;100150;4486;5;11403632871;B
20241111;100150;4486;8;11403632872;B
20241111;100150;4487;1;11403632873;B
20241111;100150;4487;4;11403632874;B
20241111;100150;4481;12;11403632876;S
20241111;100150;4481;12;11403632877;S
20241111;100150;4480;10;11403632878;S
20241111;100150;4480;91;11403632879;S
20241111;100151;4480;4;11403633047;S
20241111;100153;4481;1;11403633640;S
20241111;100153;4487;6;11403633696;B
20241111;100153;4487;12;11403633697;B
20241111;100153;4487;12;11403633698;B
20241111;100153;4487;20;11403633699;B
20241111;100153;4488;5;11403633700;B
20241111;100153;4488;7;11403633701;B
20241111;100153;4488;40;11403633702;B
20241111;100153;4488;6;11403633703;B
20241111;100153;4488;1;11403633704;B
20241111;100153;4488;5;11403633705;B
20241111;100153;4488;48;11403633706;B
20241111;100153;4481;4;11403633711;S
20241111;100153;4481;4;11403633712;S
20241111;100153;4487;4;11403633746;B
20241111;100153;4488;16;11403633747;B
20241111;100154;4488;50;11403633891;B
20241111;100154;4489;369;11403633892;B
20241111;100154;4481;12;11403633893;S
20241111;100154;4481;3;11403633894;S
20241111;100155;4482;2;11403634426;S
20241111;100155;4487;5;11403634434;B
20241111;100155;4488;3;11403634435;B
20241111;100155;4488;12;11403634436;B
20241111;100156;4484;10;11403634843;S
20241111;100156;4484;10;11403634844;S
20241111;100156;4489;36;11403634950;B
20241111;100156;4489;1;11403634951;B
20241111;100156;4489;5;11403634952;B
20241111;100156;4489;5;11403634953;B
20241111;100156;4489;47;11403634954;B
20241111;100156;4490;2;11403634955;B
20241111;100156;4490;1;11403634956;B
20241111;100156;4490;1;11403634957;B
20241111;100156;4490;10;11403634958;B
20241111;100156;4490;11;11403634959;B
20241111;100156;4490;5;11403634960;B
20241111;100156;4490;1;11403634961;B
20241111;100156;4490;5;11403634962;B
20241111;100156;4490;10;11403634963;B
20241111;100156;4490;40;11403634964;B
20241111;100156;4490;28;11403634965;B
20241111;100156;4490;5;11403635178;S
20241111;100156;4490;8;11403635183;S
20241111;100157;4490;2;11403635285;S
20241111;100157;4490;4;11403635286;S
20241111;100157;4490;4;11403635343;S
20241111;100157;4490;1;11403635344;S
20241111;100157;4490;2;11403635382;S
20241111;100157;4490;1;11403635397;S
20241111;100157;4490;1;11403635416;S
20241111;100157;4490;1;11403635448;S
20241111;100157;4490;2;11403635514;S
20241111;100157;4490;8;11403635518;S
20241111;100157;4490;1;11403635520;S
20241111;100158;4490;7;11403635620;S
20241111;100159;4490;34;11403636198;S
20241111;100201;4490;1;11403637130;S
20241111;100201;4491;1;11403637132;B
20241111;100201;4491;1;11403637166;B
20241111;100201;4491;3;11403637170;B
20241111;100201;4491;2;11403637273;B
20241111;100201;4491;4;11403637274;B
20241111;100201;4490;9;11403637395;S
20241111;100202;4491;2;11403637438;B
20241111;100202;4490;10;11403637456;S
20241111;100202;4490;3;11403637913;S
20241111;100203;4491;2;11403638011;B
20241111;100204;4491;2;11403638431;B
20241111;100204;4491;18;11403638432;B
20241111;100204;4490;1;11403638469;S
20241111;100204;4491;1;11403638513;B
20241111;100204;4491;1;11403638886;B
20241111;100205;4491;7;11403639181;B
20241111;100207;4491;1;11403639955;B
20241111;100207;4491;20;11403640067;B
20241111;100208;4491;1;11403640259;B
20241111;100208;4491;1;11403640413;B
20241111;100208;4491;20;11403640617;B
20241111;100209;4491;21;11403640765;B
20241111;100211;4491;4;11403641982;B
20241111;100211;4491;5;11403642106;B
20241111;100211;4492;2;11403642107;B
20241111;100211;4492;62;11403642108;B
20241111;100211;4492;5;11403642109;B
20241111;100211;4492;1;11403642110;B
20241111;100211;4492;17;11403642111;B
20241111;100211;4493;1;11403642112;B
20241111;100211;4494;2;11403642113;B
20241111;100211;4494;1;11403642114;B
20241111;100211;4494;1;11403642115;B
20241111;100211;4494;5;11403642116;B
20241111;100211;4494;1;11403642117;B
20241111;100211;4494;100;11403642118;B
20241111;100211;4494;1;11403642119;B
20241111;100211;4495;1;11403642120;B
20241111;100211;4495;40;11403642121;B
20241111;100211;4495;20;11403642122;B
20241111;100211;4495;50;11403642123;B
20241111;100211;4495;35;11403642124;B
20241111;100211;4491;12;11403642191;S
20241111;100211;4491;12;11403642192;S
20241111;100211;4490;10;11403642193;S
20241111;100212;4491;1;11403642451;S
20241111;100212;4491;1;11403642517;S
20241111;100212;4491;5;11403642595;S
20241111;100212;4491;5;11403642596;S
20241111;100212;4490;7;11403642612;S
20241111;100212;4490;3;11403642620;S
20241111;100212;4490;300;11403642624;S
20241111;100214;4494;12;11403643150;B
20241111;100214;4494;1;11403643151;B
20241111;100214;4494;5;11403643152;B
20241111;100214;4495;2;11403643153;B
20241111;100214;4495;1;11403643154;B
20241111;100214;4495;499;11403643221;B
20241111;100214;4495;1;11403643222;B
20241111;100214;4495;14;11403643898;B
20241111;100214;4495;6;11403643899;B
20241111;100216;4492;2;11403644434;S
20241111;100218;4492;3;11403645192;S
20241111;100218;4492;1;11403645193;S
20241111;100218;4492;1;11403645194;S
20241111;100220;4494;20;11403646378;B
20241111;100220;4492;4;11403646467;S
20241111;100220;4491;3;11403646468;S
20241111;100221;4494;1;11403646983;B
20241111;100222;4492;2;11403647933;B
20241111;100222;4491;4;11403647962;S
20241111;100223;4491;8;11403648088;S
20241111;100223;4491;5;11403648089;S
20241111;100223;4491;1;11403648090;S
20241111;100223;4490;126;11403648091;S
20241111;100223;4492;20;11403648358;B
20241111;100223;4494;10;11403648359;B
20241111;100224;4494;1;11403648656;B
20241111;100224;4492;5;11403649025;S
20241111;100224;4491;8;11403649026;S
20241111;100225;4494;3;11403649120;B
20241111;100226;4491;3;11403649321;S
20241111;100226;4490;222;11403649322;S
20241111;100226;4494;1;11403649349;B
20241111;100226;4494;12;11403649350;B
20241111;100226;4494;1;11403649351;B
20241111;100226;4494;12;11403649352;B
20241111;100226;4495;2;11403649353;B
20241111;100226;4495;2;11403649354;B
20241111;100226;4491;12;11403650133;S
20241111;100226;4491;11;11403650134;S
20241111;100226;4494;1;11403650163;B
20241111;100226;4491;1;11403650430;S
20241111;100227;4491;1;11403650478;S
20241111;100228;4492;1;11403650956;B
20241111;100228;4493;1;11403650957;B
20241111;100228;4494;1;11403650958;B
20241111;100228;4494;12;11403650959;B
20241111;100228;4494;12;11403650960;B
20241111;100228;4494;10;11403650961;B
20241111;100228;4494;10;11403651118;S
20241111;100228;4494;3;11403651177;S
20241111;100229;4494;3;11403651420;B
20241111;100229;4492;12;11403651470;S
20241111;100229;4492;6;11403651471;S
20241111;100229;4491;2;11403651472;S
20241111;100230;4491;1;11403651842;S
20241111;100230;4491;24;11403651843;S
20241111;100230;4493;12;11403652037;B
20241111;100230;4493;8;11403652038;B
20241111;100231;4491;2;11403652371;S
20241111;100231;4491;12;11403652372;S
20241111;100231;4490;1;11403652373;S
20241111;100232;4493;1;11403652893;B
20241111;100233;4491;2;11403653006;B
20241111;100233;4492;6;11403653096;B
20241111;100233;4490;2;11403653157;S
20241111;100233;4492;1;11403653236;B
20241111;100234;4492;1;11403653333;B
20241111;100234;4491;2;11403653735;S
20241111;100235;4491;20;11403654136;S
20241111;100235;4491;3;11403654161;S
20241111;100235;4491;1;11403654162;S
20241111;100235;4491;12;11403654163;S
20241111;100236;4493;1;11403654263;B
20241111;100236;4491;1;11403654275;S
20241111;100236;4490;16;11403654276;S
20241111;100236;4490;2;11403654277;S
20241111;100236;4490;1;11403654278;S
20241111;100236;4490;150;11403654279;S
20241111;100236;4490;50;11403654280;S
20241111;100236;4490;19;11403654281;S
20241111;100236;4493;10;11403654466;B
20241111;100237;4490;2;11403654847;S
20241111;100238;4491;1;11403655035;B
20241111;100238;4492;1;11403655036;B
20241111;100238;4492;1;11403655037;B
20241111;100238;4493;2;11403655038;B
20241111;100238;4493;11;11403655039;B
20241111;100238;4493;12;11403655040;B
20241111;100238;4493;10;11403655041;B
20241111;100238;4494;62;11403655042;B
20241111;100238;4491;12;11403655043;S
20241111;100238;4490;38;11403655044;S
20241111;100238;4493;9;11403655069;B
20241111;100238;4491;10;11403655398;S
20241111;100238;4493;3;11403655459;B
20241111;100238;4494;97;11403655460;B
20241111;100239;4493;4;11403655564;B
20241111;100239;4491;2;11403655663;S
20241111;100239;4491;9;11403655664;S
20241111;100240;4491;3;11403655871;S
20241111;100240;4490;97;11403655872;S
20241111;100241;4491;1;11403656544;B
20241111;100241;4491;1;11403656545;B
20241111;100242;4491;1;11403656769;B
20241111;100242;4492;1;11403656771;B
20241111;100242;4490;1;11403656774;S
20241111;100244;4491;20;11403657667;B
20241111;100245;4490;5;11403658045;S
20241111;100245;4490;38;11403658066;S
20241111;100245;4490;5;11403658067;S
20241111;100245;4490;7;11403658068;S
20241111;100245;4490;3;11403658240;S
20241111;100245;4490;47;11403658241;S
20241111;100245;4490;2;11403658249;S
20241111;100246;4491;1;11403658815;B
20241111;100247;4490;1;11403658998;S
20241111;100247;4490;1;11403659074;S
20241111;100247;4490;100;11403659226;S
20241111;100247;4490;10;11403659271;S
20241111;100248;4490;13;11403659298;S
20241111;100248;4490;87;11403659299;S
20241111;100248;4490;70;11403659309;S
20241111;100248;4490;1;11403659360;S
20241111;100248;4490;1;11403659466;S
20241111;100249;4490;41;11403659808;S
20241111;100249;4490;9;11403659809;S
20241111;100249;4490;46;11403659811;S
20241111;100249;4486;7;11403659812;S
20241111;100249;4486;50;11403659813;S
20241111;100249;4486;1;11403659814;S
20241111;100249;4486;1;11403659815;S
20241111;100249;4486;2;11403659816;S
20241111;100249;4485;3;11403659817;S
20241111;100249;4484;40;11403659818;S
20241111;100249;4483;7;11403659819;S
20241111;100249;4483;38;11403659820;S
20241111;100249;4483;2;11403659821;S
20241111;100249;4482;5;11403659822;S
20241111;100249;4482;8;11403659823;S
20241111;100249;4482;5;11403659824;S
20241111;100249;4481;1;11403659825;S
20241111;100249;4481;9;11403659826;S
20241111;100249;4481;52;11403659827;S
20241111;100249;4481;1;11403659848;S
20241111;100249;4481;10;11403659929;S
20241111;100249;4489;5;11403659968;B
20241111;100250;4487;1;11403660155;S
20241111;100250;4489;2;11403660205;B
20241111;100250;4487;1;11403660215;S
20241111;100250;4489;6;11403660256;B
20241111;100250;4488;8;11403660399;B
20241111;100250;4487;8;11403660551;S
20241111;100250;4482;4;11403660552;S
20241111;100250;4489;1;11403660649;B
20241111;100252;4484;1;11403661267;B
20241111;100252;4484;1;11403661268;B
20241111;100252;4483;1;11403661409;S
20241111;100253;4485;1;11403661635;B
20241111;100253;4488;1;11403661646;S
20241111;100253;4488;1;11403661820;S
20241111;100253;4489;1;11403661992;B
20241111;100254;4489;1;11403662009;B
20241111;100254;4489;1;11403662165;B
20241111;100254;4488;1;11403662260;S
20241111;100254;4489;1;11403662296;B
20241111;100255;4489;10;11403662450;B
20241111;100255;4489;30;11403662451;B
20241111;100255;4490;5;11403662452;B
20241111;100255;4490;7;11403662453;B
20241111;100255;4490;1;11403662454;B
20241111;100255;4490;4;11403662495;B
20241111;100255;4490;5;11403662496;B
20241111;100255;4490;1;11403662497;B
20241111;100255;4488;1;11403662616;S
20241111;100255;4488;6;11403662619;S
20241111;100255;4488;9;11403662620;S
20241111;100256;4488;1;11403662842;S
20241111;100256;4488;10;11403662843;S
20241111;100256;4486;1;11403662844;S
20241111;100256;4486;1;11403662845;S
20241111;100256;4486;1;11403662846;S
20241111;100256;4486;1;11403662847;S
20241111;100256;4484;2;11403662848;S
20241111;100256;4483;1;11403662849;S
20241111;100256;4483;12;11403662850;S
20241111;100256;4482;1;11403662851;S
20241111;100256;4482;50;11403662852;S
20241111;100256;4482;7;11403662853;S
20241111;100256;4482;2;11403662854;S
20241111;100256;4482;1;11403663066;S
20241111;100257;4485;1;11403663369;S
20241111;100257;4482;2;11403663370;S
20241111;100257;4482;1;11403663371;S
20241111;100257;4482;1;11403663459;S
20241111;100258;4482;3;11403663689;S
20241111;100258;4481;1;11403663690;S
20241111;100258;4480;2;11403663691;S
20241111;100258;4480;3;11403663741;S
20241111;100258;4480;1;11403663779;S
20241111;100258;4488;1;11403663834;B
20241111;100258;4480;4;11403663925;S
20241111;100258;4489;12;11403664031;B
20241111;100258;4489;12;11403664032;B
20241111;100258;4489;5;11403664033;B
20241111;100258;4490;26;11403664034;B
20241111;100259;4480;179;11403664154;S
20241111;100259;4481;1;11403664307;S
20241111;100300;4483;20;11403664528;B
20241111;100300;4481;1;11403664645;S
20241111;100300;4481;11;11403664719;S
20241111;100300;4481;1;11403664720;S
20241111;100300;4480;53;11403664721;S
20241111;100301;4481;1;11403665140;S
20241111;100302;4483;2;11403665258;B
20241111;100302;4482;1;11403665651;B
20241111;100302;4483;2;11403665652;B
20241111;100302;4486;12;11403665653;B
20241111;100302;4487;7;11403665654;B
20241111;100302;4487;1;11403665655;B
20241111;100302;4488;22;11403665656;B
20241111;100302;4488;5;11403665657;B
20241111;100302;4488;8;11403665658;B
20241111;100302;4488;34;11403665659;B
20241111;100302;4488;1;11403665660;B
20241111;100302;4489;1;11403665661;B
20241111;100302;4489;5;11403665662;B
20241111;100302;4489;1;11403665663;B
20241111;100303;4480;1;11403665715;S
20241111;100303;4480;5;11403665771;S
20241111;100303;4482;1;11403665992;S
20241111;100303;4482;1;11403666025;S
20241111;100304;4482;1;11403666318;S
20241111;100304;4482;7;11403666422;S
20241111;100304;4482;5;11403666423;S
20241111;100304;4482;8;11403666424;S
20241111;100304;4482;1;11403666446;S
20241111;100304;4481;1;11403666792;S
20241111;100304;4482;10;11403666845;B
20241111;100305;4482;1;11403666968;S
20241111;100305;4481;1;11403666969;S
20241111;100305;4481;1;11403666982;S
20241111;100305;4483;1;11403667000;B
20241111;100305;4487;1;11403667001;B
20241111;100305;4488;17;11403667002;B
20241111;100305;4489;4;11403667003;B
20241111;100305;4489;5;11403667004;B
20241111;100305;4489;10;11403667005;B
20241111;100305;4489;5;11403667006;B
20241111;100305;4489;10;11403667007;B
20241111;100305;4490;21;11403667008;B
20241111;100305;4490;20;11403667009;B
20241111;100305;4490;10;11403667010;B
20241111;100306;4483;1;11403667319;S
20241111;100306;4489;1;11403667351;B
20241111;100306;4489;1;11403667401;B
20241111;100307;4489;7;11403667741;B
20241111;100307;4490;3;11403667742;B
20241111;100307;4489;1;11403667833;B
20241111;100307;4485;1;11403667926;S
20241111;100307;4485;1;11403667968;S
20241111;100308;4485;3;11403668209;S
20241111;100308;4484;7;11403668210;S
20241111;100309;4485;2;11403668544;S
20241111;100309;4484;1;11403668545;S
20241111;100309;4484;2;11403668546;S
20241111;100309;4489;4;11403668637;B
20241111;100309;4489;6;11403668638;B
20241111;100309;4485;10;11403668646;S
20241111;100309;4484;3;11403668647;S
20241111;100309;4482;12;11403668648;S
20241111;100309;4482;2;11403668649;S
20241111;100309;4482;1;11403668650;S
20241111;100309;4481;12;11403668651;S
20241111;100309;4481;1;11403668667;S
20241111;100310;4482;1;11403668859;S
20241111;100310;4488;1;11403668878;B
20241111;100311;4482;10;11403669375;S
20241111;100311;4485;1;11403669386;B
20241111;100311;4487;1;11403669387;B
20241111;100311;4487;1;11403669532;S
20241111;100311;4488;9;11403669565;B
20241111;100311;4488;2;11403669566;B
20241111;100311;4488;5;11403669567;B
20241111;100311;4489;1;11403669568;B
20241111;100311;4489;5;11403669569;B
20241111;100311;4489;11;11403669570;B
20241111;100311;4490;87;11403669571;B
20241111;100311;4487;1;11403669572;S
20241111;100312;4487;62;11403669711;S
20241111;100312;4490;2;11403669727;B
20241111;100312;4487;1;11403669880;S
20241111;100313;4487;10;11403670217;S
20241111;100313;4488;1;11403670337;S
20241111;100314;4488;1;11403670553;S
20241111;100315;4487;23;11403671360;S
20241111;100317;4484;1;11403672345;S
20241111;100317;4485;1;11403672434;B
20241111;100318;4485;2;11403672833;B
20241111;100318;4487;1;11403672834;B
20241111;100318;4487;1;11403672835;B
20241111;100318;4488;1;11403672836;B
20241111;100318;4488;1;11403672837;B
20241111;100318;4488;3;11403672838;B
20241111;100318;4489;1;11403672839;B
20241111;100318;4485;1;11403672925;S
20241111;100319;4489;1;11403673369;B
20241111;100319;4488;1;11403673451;S
20241111;100320;4489;4;11403673927;B
20241111;100320;4489;16;11403673928;B
20241111;100320;4489;5;11403673929;B
20241111;100320;4489;11;11403673930;B
20241111;100320;4489;30;11403673931;B
20241111;100320;4490;8;11403673932;B
20241111;100320;4490;1;11403673933;B
20241111;100320;4490;175;11403673934;B
20241111;100320;4490;10;11403673935;B
20241111;100320;4490;3;11403673936;B
20241111;100320;4490;37;11403673937;B
20241111;100320;4490;164;11403674131;B
20241111;100320;4486;1;11403674170;S
20241111;100321;4487;1;11403674468;S
20241111;100321;4489;1;11403674669;B
20241111;100321;4490;15;11403674670;B
20241111;100321;4487;4;11403674733;S
20241111;100321;4486;5;11403674734;S
20241111;100321;4486;12;11403674735;S
20241111;100321;4485;9;11403674736;S
20241111;100322;4487;1;11403674953;S
20241111;100322;4487;1;11403675019;S
20241111;100322;4487;1;11403675228;S
20241111;100322;4487;1;11403675407;S
20241111;100325;4486;1;11403676579;B
20241111;100325;4487;1;11403676580;B
20241111;100325;4487;1;11403676581;B
20241111;100325;4487;1;11403676582;B
20241111;100325;4488;8;11403676583;B
20241111;100326;4486;1;11403677087;B
20241111;100326;4488;1;11403677088;B
20241111;100326;4488;13;11403677089;B
20241111;100327;4489;8;11403677174;B
20241111;100327;4488;1;11403677268;S
20241111;100328;4488;6;11403677987;S
20241111;100328;4488;1;11403678039;S
20241111;100329;4488;1;11403678084;S
20241111;100330;4488;1;11403678499;S
20241111;100330;4488;2;11403678508;S
20241111;100330;4489;4;11403678892;B
20241111;100330;4490;25;11403678893;B
20241111;100331;4488;1;11403679065;S
20241111;100331;4488;80;11403679216;S
20241111;100331;4488;5;11403679217;S
20241111;100332;4485;1;11403679476;S
20241111;100332;4485;8;11403679477;S
20241111;100332;4485;1;11403679786;S
20241111;100332;4485;1;11403679792;S
20241111;100333;4485;1;11403680132;S
20241111;100333;4486;1;11403680276;B
20241111;100334;4485;2;11403680540;S
20241111;100334;4485;2;11403680541;S
20241111;100334;4485;2;11403680542;S
20241111;100334;4485;1;11403680543;S
20241111;100334;4485;28;11403680544;S
20241111;100334;4485;1;11403680703;S
20241111;100335;4487;1;11403680822;B
20241111;100335;4488;1;11403680823;B
20241111;100335;4488;2;11403681005;B
20241111;100335;4488;1;11403681025;B
20241111;100335;4486;1;11403681047;S
20241111;100336;4486;11;11403681220;S
20241111;100336;4486;5;11403681221;S
20241111;100336;4486;5;11403681222;S
20241111;100336;4485;14;11403681223;S
20241111;100336;4488;1;11403681414;B
20241111;100336;4486;1;11403681520;B
20241111;100336;4488;1;11403681521;B
20241111;100336;4485;2;11403681609;S
20241111;100336;4485;1;11403681668;S
20241111;100337;4486;1;11403682013;S
20241111;100338;4486;1;11403682109;S
20241111;100339;4486;1;11403682562;S
20241111;100339;4487;1;11403682576;B
20241111;100339;4488;2;11403682577;B
20241111;100339;4488;2;11403682768;B
20241111;100340;4486;1;11403682940;S
20241111;100341;4486;1;11403683398;S
20241111;100341;4487;1;11403683535;B
20241111;100341;4488;4;11403683536;B
20241111;100342;4488;1;11403683620;B
20241111;100342;4488;5;11403683621;B
20241111;100342;4489;2;11403683622;B
20241111;100342;4489;5;11403683623;B
20241111;100342;4489;10;11403683624;B
20241111;100342;4489;12;11403683625;B
20241111;100342;4489;10;11403683626;B
20241111;100342;4490;25;11403683627;B
20241111;100342;4489;1;11403683669;B
20241111;100342;4490;19;11403683670;B
20241111;100342;4486;1;11403683753;S
20241111;100342;4487;1;11403684114;S
20241111;100343;4487;4;11403684368;S
20241111;100343;4486;4;11403684369;S
20241111;100343;4486;7;11403684370;S
20241111;100343;4487;1;11403684414;S
20241111;100343;4487;1;11403684487;S
20241111;100344;4487;1;11403684831;S
20241111;100344;4487;1;11403684918;S
20241111;100344;4487;1;11403684983;S
20241111;100346;4486;1;11403685617;S
20241111;100346;4487;1;11403685989;B
20241111;100346;4487;1;11403685990;B
20241111;100346;4488;1;11403685991;B
20241111;100346;4488;2;11403685992;B
20241111;100347;4487;1;11403686181;S
20241111;100347;4488;10;11403686240;B
20241111;100347;4488;2;11403686241;B
20241111;100347;4486;1;11403686257;S
20241111;100347;4486;1;11403686398;S
20241111;100347;4488;3;11403686428;B
20241111;100347;4488;6;11403686429;B
20241111;100348;4486;1;11403686916;S
20241111;100349;4486;7;11403687025;S
20241111;100349;4486;6;11403687026;S
20241111;100349;4486;1;11403687173;S
20241111;100349;4488;1;11403687225;B
20241111;100350;4486;1;11403687491;S
20241111;100351;4486;1;11403687811;S
20241111;100351;4488;2;11403687909;B
20241111;100352;4487;1;11403688082;B
20241111;100353;4487;1;11403688480;B
20241111;100353;4486;1;11403688488;S
20241111;100353;4488;1;11403688503;B
20241111;100353;4488;1;11403688531;B
20241111;100354;4486;1;11403688691;S
20241111;100354;4488;7;11403688942;B
20241111;100355;4488;1;11403689123;S
20241111;100355;4488;1;11403689187;S
20241111;100355;4488;16;11403689210;S
20241111;100355;4486;3;11403689211;S
20241111;100355;4486;3;11403689212;S
20241111;100355;4486;3;11403689213;S
20241111;100355;4486;1;11403689220;S
20241111;100355;4486;1;11403689241;S
20241111;100358;4486;1;11403690701;S
20241111;100359;4486;1;11403690851;S
20241111;100359;4486;5;11403690917;S
20241111;100359;4486;10;11403690918;S
20241111;100359;4485;454;11403690919;S
20241111;100359;4485;3;11403690920;S
20241111;100359;4485;100;11403690921;S
20241111;100359;4485;271;11403690922;S
20241111;100359;4485;1;11403690939;S
20241111;100400;4485;100;11403691145;S
20241111;100401;4485;16;11403691584;S
20241111;100401;4485;1;11403691781;B
20241111;100401;4485;5;11403691783;B
20241111;100401;4487;9;11403691784;B
20241111;100401;4488;5;11403691785;B
20241111;100401;4488;2;11403691786;B
20241111;100402;4486;1;11403691927;S
20241111;100402;4486;1;11403692143;S
20241111;100402;4485;1;11403692311;B
20241111;100404;4485;1;11403692621;B
20241111;100405;4483;1;11403693088;S
20241111;100405;4483;9;11403693094;S
20241111;100405;4482;1;11403693296;S
20241111;100405;4482;1;11403693382;S
20241111;100405;4482;4;11403693387;S
20241111;100405;4481;1;11403693388;S
20241111;100406;4485;1;11403693457;B
20241111;100406;4486;1;11403693458;B
20241111;100406;4486;1;11403693459;B
20241111;100406;4486;3;11403693460;B
20241111;100406;4488;4;11403693461;B
20241111;100406;4481;1;11403693548;S
20241111;100406;4486;5;11403693745;B
20241111;100406;4487;6;11403693746;B
20241111;100406;4488;14;11403693747;B
20241111;100406;4488;12;11403693748;B
20241111;100406;4488;5;11403693749;B
20241111;100406;4488;2;11403693750;B
20241111;100407;4482;1;11403693793;S
20241111;100408;4487;1;11403694098;B
20241111;100408;4488;2;11403694099;B
20241111;100408;4488;1;11403694173;B
20241111;100409;4484;1;11403694548;S
20241111;100409;4484;1;11403694612;S
20241111;100409;4483;1;11403694669;S
20241111;100409;4487;1;11403694677;B
20241111;100411;4483;1;11403695404;S
20241111;100412;4485;1;11403695791;S
20241111;100412;4485;1;11403696006;S
20241111;100412;4485;3;11403696023;S
20241111;100412;4485;22;11403696024;S
20241111;100413;4483;1;11403696485;S
20241111;100413;4484;1;11403696534;B
20241111;100414;4485;1;11403696808;B
20241111;100414;4486;5;11403696809;B
20241111;100414;4487;10;11403696810;B
20241111;100414;4487;5;11403696811;B
20241111;100414;4487;12;11403696812;B
20241111;100414;4487;5;11403696813;B
20241111;100414;4488;70;11403696814;B
20241111;100414;4488;218;11403696815;B
20241111;100414;4489;230;11403696816;B
20241111;100414;4489;62;11403696817;B
20241111;100414;4490;382;11403696818;B
20241111;100414;4483;2;11403696968;S
20241111;100414;4483;4;11403696969;S
20241111;100415;4483;1;11403697102;S
20241111;100415;4483;2;11403697103;S
20241111;100415;4482;5;11403697104;S
20241111;100415;4482;11;11403697105;S
20241111;100415;4489;3;11403697359;B
20241111;100416;4484;1;11403697501;S
20241111;100416;4484;4;11403697564;S
20241111;100416;4484;1;11403697565;S
20241111;100416;4484;4;11403697566;S
20241111;100416;4483;1;11403697567;S
20241111;100416;4484;1;11403697846;B
20241111;100417;4484;1;11403697961;S
20241111;100417;4485;1;11403698214;B
20241111;100417;4486;9;11403698215;B
20241111;100418;4486;1;11403698372;B
20241111;100418;4488;15;11403698373;B
20241111;100418;4488;1;11403698431;S
20241111;100419;4488;50;11403699544;S
20241111;100420;4489;1;11403699724;B
20241111;100420;4488;3;11403700087;S
20241111;100421;4489;1;11403700908;B
20241111;100421;4489;1;11403700927;B
20241111;100421;4489;9;11403700977;B
20241111;100421;4489;26;11403700978;B
20241111;100421;4489;1;11403700981;B
20241111;100424;4489;2;11403701985;B
20241111;100424;4488;17;11403702253;S
20241111;100425;4489;1;11403702509;B
20241111;100425;4488;18;11403702637;S
20241111;100425;4489;1;11403702882;B
20241111;100426;4489;1;11403703361;B
20241111;100428;4488;2;11403703804;S
20241111;100428;4489;1;11403703980;B
20241111;100428;4488;2;11403704083;S
20241111;100428;4488;5;11403704111;S
20241111;100429;4488;5;11403704573;S
20241111;100430;4489;7;11403704911;B
20241111;100430;4489;8;11403704912;B
20241111;100431;4489;32;11403705408;B
20241111;100431;4489;5;11403705409;B
20241111;100431;4489;5;11403705410;B
20241111;100431;4489;2;11403705411;B
20241111;100431;4490;16;11403705412;B
20241111;100433;4489;10;11403706239;B
20241111;100433;4489;2;11403706240;B
20241111;100433;4490;23;11403706241;B
20241111;100434;4490;1;11403706428;B
20241111;100434;4489;1;11403706543;S
20241111;100436;4490;2;11403707334;B
20241111;100437;4489;3;11403707738;S
20241111;100437;4489;1;11403707809;S
20241111;100437;4489;2;11403707949;S
20241111;100438;4489;1;11403708036;S
20241111;100438;4489;6;11403708058;S
20241111;100438;4489;14;11403708059;S
20241111;100438;4489;2;11403708060;S
20241111;100438;4488;66;11403708061;S
20241111;100438;4489;1;11403708332;B
20241111;100439;4489;9;11403708444;S
20241111;100439;4488;1;11403708456;S
20241111;100439;4488;14;11403708518;S
20241111;100439;4488;5;11403708519;S
20241111;100439;4488;5;11403708520;S
20241111;100439;4488;1;11403708639;B
20241111;100440;4486;1;11403708950;S
20241111;100440;4486;9;11403708981;S
20241111;100440;4486;1;11403708982;S
20241111;100440;4486;13;11403708983;S
20241111;100440;4485;13;11403708984;S
20241111;100440;4485;1;11403709114;S
20241111;100441;4485;1;11403709209;S
20241111;100441;4488;1;11403709291;B
20241111;100441;4489;2;11403709292;B
20241111;100441;4485;1;11403709380;S
20241111;100441;4485;1;11403709422;S
20241111;100441;4489;2;11403709459;B
20241111;100442;4485;1;11403709723;S
20241111;100442;4486;1;11403709839;S
20241111;100442;4488;2;11403709886;B
20241111;100442;4486;1;11403709940;S
20241111;100443;4488;18;11403710073;B
20241111;100443;4489;7;11403710074;B
20241111;100443;4489;5;11403710075;B
20241111;100443;4489;1;11403710076;B
20241111;100443;4489;1;11403710077;B
20241111;100443;4490;1;11403710153;B
20241111;100443;4490;1;11403710297;B
20241111;100443;4490;7;11403710298;B
20241111;100443;4490;100;11403710299;B
20241111;100443;4490;86;11403710300;B
20241111;100443;4490;1;11403710301;B
20241111;100443;4490;14;11403710302;B
20241111;100443;4490;2;11403710303;B
20241111;100443;4490;106;11403710304;B
20241111;100444;4490;104;11403710505;B
20241111;100444;4490;7;11403710506;B
20241111;100444;4490;1;11403710507;B
20241111;100444;4490;10;11403710508;B
20241111;100444;4490;10;11403710509;B
20241111;100444;4490;1;11403710510;B
20241111;100444;4490;25;11403710511;B
20241111;100444;4491;5;11403710512;B
20241111;100444;4491;3;11403710513;B
20241111;100444;4491;29;11403710514;B
20241111;100444;4492;11;11403710515;B
20241111;100444;4492;50;11403710516;B
20241111;100444;4492;50;11403710517;B
20241111;100444;4492;1;11403710518;B
20241111;100444;4492;4;11403710521;S
20241111;100444;4493;1;11403710597;B
20241111;100444;4493;10;11403710601;B
20241111;100444;4493;10;11403710606;B
20241111;100444;4493;100;11403710676;B
20241111;100444;4493;17;11403710770;B
20241111;100444;4493;20;11403710771;B
20241111;100444;4493;1;11403710772;B
20241111;100444;4494;20;11403710773;B
20241111;100444;4494;10;11403710774;B
20241111;100445;4494;1;11403711030;B
20241111;100445;4494;5;11403711127;B
20241111;100446;4493;4;11403711568;B
20241111;100446;4494;2;11403711569;B
20241111;100447;4494;41;11403711898;B
20241111;100447;4494;35;11403711926;B
20241111;100447;4494;1;11403711949;B
20241111;100448;4493;1;11403712270;S
20241111;100448;4492;1;11403712271;S
20241111;100448;4494;150;11403712295;B
20241111;100449;4494;40;11403712774;B
20241111;100449;4494;4;11403712798;B
20241111;100449;4494;8;11403712826;B
20241111;100449;4494;27;11403712852;B
20241111;100449;4492;1;11403712860;S
20241111;100449;4494;218;11403712929;B
20241111;100450;4492;1;11403713378;S
20241111;100451;4494;5;11403713682;B
20241111;100451;4492;1;11403713711;S
20241111;100451;4492;5;11403713712;S
20241111;100451;4492;2;11403713749;B
20241111;100451;4492;1;11403713787;B
20241111;100452;4492;1;11403714154;B
20241111;100453;4492;9;11403714646;B
20241111;100453;4494;53;11403714647;B
20241111;100453;4494;25;11403714648;B
20241111;100453;4495;1;11403714649;B
20241111;100453;4495;2;11403714650;B
20241111;100453;4495;1;11403714651;B
20241111;100453;4495;1;11403714652;B
20241111;100453;4495;1;11403714653;B
20241111;100453;4495;3;11403714654;B
20241111;100453;4495;1;11403714655;B
20241111;100453;4495;1;11403714656;B
20241111;100453;4495;30;11403714657;B
20241111;100453;4495;10;11403714658;B
20241111;100453;4495;25;11403714659;B
20241111;100453;4495;10;11403714660;B
20241111;100453;4495;150;11403714661;B
20241111;100453;4495;5;11403714662;B
20241111;100453;4495;10;11403714663;B
20241111;100453;4495;23;11403714664;B
20241111;100453;4495;2;11403714665;B
20241111;100453;4496;1;11403714666;B
20241111;100453;4496;10;11403714667;B
20241111;100453;4496;1;11403714668;B
20241111;100453;4496;3;11403714669;B
20241111;100453;4496;5;11403714670;B
20241111;100453;4496;4;11403714671;B
20241111;100453;4496;5;11403714672;B
20241111;100453;4496;4;11403714673;B
20241111;100453;4497;1;11403714674;B
20241111;100453;4497;1;11403714675;B
20241111;100453;4497;1;11403714676;B
20241111;100453;4497;1;11403714677;B
20241111;100453;4497;30;11403714678;B
20241111;100453;4496;5;11403714748;B
20241111;100456;4493;1;11403715590;S
20241111;100457;4493;8;11403716251;S
20241111;100457;4496;5;11403716310;B
20241111;100457;4496;7;11403716311;B
20241111;100457;4496;9;11403716312;B
20241111;100457;4497;1;11403716313;B
20241111;100457;4493;2;11403716472;S
20241111;100459;4497;1;11403717193;B
20241111;100500;4494;4;11403717646;S
20241111;100500;4493;1;11403717647;S
20241111;100500;4493;12;11403717648;S
20241111;100500;4493;50;11403717649;S
20241111;100500;4492;13;11403717650;S
20241111;100501;4492;1;11403717817;S
20241111;100501;4496;12;11403718037;B
20241111;100501;4497;6;11403718038;B
20241111;100502;4497;2;11403718401;B
20241111;100504;4497;1;11403719210;B
20241111;100504;4494;3;11403719538;S
20241111;100505;4494;5;11403719627;S
20241111;100505;4494;1;11403719696;S
20241111;100506;4497;1;11403720131;B
20241111;100507;4494;1;11403720548;S
20241111;100510;4496;1;11403721599;B
20241111;100510;4496;3;11403721682;B
20241111;100510;4493;5;11403721999;S
20241111;100510;4493;12;11403722000;S
20241111;100510;4493;12;11403722001;S
20241111;100510;4493;20;11403722002;S
20241111;100510;4493;5;11403722003;S
20241111;100510;4492;6;11403722004;S
20241111;100510;4492;14;11403722005;S
20241111;100510;4492;26;11403722006;S
20241111;100511;4493;4;11403722154;S
20241111;100511;4492;24;11403722155;S
20241111;100511;4492;6;11403722156;S
20241111;100511;4492;1;11403722261;S
20241111;100513;4494;4;11403722787;B
20241111;100513;4494;1;11403722788;B
20241111;100513;4492;3;11403722884;S
20241111;100514;4494;2;11403723162;S
20241111;100514;4494;5;11403723221;S
20241111;100514;4495;1;11403723372;B
20241111;100514;4495;1;11403723406;B
20241111;100515;4494;28;11403723812;S
20241111;100515;4495;10;11403723870;B
20241111;100515;4496;46;11403723871;B
20241111;100515;4496;20;11403723872;B
20241111;100515;4496;2;11403723873;B
20241111;100515;4496;12;11403723874;B
20241111;100515;4497;8;11403723875;B
20241111;100515;4497;40;11403723876;B
20241111;100515;4497;1;11403723877;B
20241111;100515;4497;1;11403723878;B
20241111;100515;4497;53;11403723879;B
20241111;100515;4497;3;11403723880;B
20241111;100515;4497;12;11403723881;B
20241111;100515;4497;2;11403723882;B
20241111;100515;4497;1;11403723883;B
20241111;100515;4497;10;11403723884;B
20241111;100515;4497;2;11403723885;B
20241111;100515;4497;10;11403723886;B
20241111;100515;4497;10;11403723887;B
20241111;100515;4497;9;11403723888;B
20241111;100515;4498;1;11403723889;B
20241111;100515;4498;1;11403723890;B
20241111;100515;4498;1;11403723891;B
20241111;100515;4498;1;11403723892;B
20241111;100515;4498;19;11403723893;B
20241111;100515;4498;25;11403723894;B
20241111;100515;4498;50;11403723895;B
20241111;100515;4498;1;11403723896;B
20241111;100515;4498;1;11403723897;B
20241111;100515;4498;22;11403723898;B
20241111;100515;4498;2;11403723899;B
20241111;100515;4498;124;11403723900;B
20241111;100516;4497;5;11403724079;B
20241111;100516;4495;12;11403724102;S
20241111;100516;4494;28;11403724103;S
20241111;100517;4495;5;11403724496;S
20241111;100517;4494;45;11403724497;S
20241111;100518;4496;4;11403725160;B
20241111;100519;4496;1;11403725404;B
20241111;100519;4495;13;11403725537;S
20241111;100521;4496;7;11403726725;B
20241111;100522;4496;1;11403726864;B
20241111;100523;4495;1;11403727583;S
20241111;100524;4496;1;11403727725;B
20241111;100524;4496;1;11403727727;B
20241111;100524;4497;1;11403727728;B
20241111;100524;4497;1;11403727729;B
20241111;100524;4497;1;11403727731;B
20241111;100524;4497;10;11403727733;B
20241111;100524;4497;10;11403727734;B
20241111;100526;4495;6;11403728491;S
20241111;100526;4495;12;11403728492;S
20241111;100526;4495;1;11403728493;S
20241111;100526;4495;4;11403728494;S
20241111;100527;4496;12;11403728807;B
20241111;100527;4497;5;11403728808;B
20241111;100530;4495;5;11403729841;S
20241111;100531;4496;2;11403730264;B
20241111;100531;4496;3;11403730265;B
20241111;100531;4496;5;11403730269;B
20241111;100532;4497;10;11403730451;B
20241111;100533;4497;5;11403730689;B
20241111;100533;4495;16;11403730767;S
20241111;100533;4495;4;11403730768;S
20241111;100534;4497;1;11403730932;B
20241111;100534;4495;8;11403730979;S
20241111;100535;4496;3;11403731156;B
20241111;100535;4495;3;11403731253;S
20241111;100535;4494;17;11403731254;S
20241111;100535;4496;20;11403731317;B
20241111;100535;4496;5;11403731318;B
20241111;100535;4495;5;11403731483;S
20241111;100535;4494;95;11403731484;S
20241111;100535;4494;100;11403731486;S
20241111;100537;4495;4;11403731842;B
20241111;100537;4496;5;11403731843;B
20241111;100537;4496;1;11403731844;B
20241111;100537;4495;1;11403731861;S
20241111;100537;4494;80;11403731862;S
20241111;100537;4494;1;11403731863;S
20241111;100537;4494;1;11403731864;S
20241111;100537;4494;15;11403731865;S
20241111;100537;4493;2;11403731866;S
20241111;100537;4496;5;11403731882;B
20241111;100537;4496;12;11403731883;B
20241111;100537;4497;95;11403731884;B
20241111;100537;4496;1;11403731934;B
20241111;100538;4496;6;11403732174;B
20241111;100538;4496;12;11403732175;B
20241111;100538;4497;17;11403732176;B
20241111;100538;4497;2;11403732212;B
20241111;100539;4497;5;11403732559;B
20241111;100539;4496;1;11403732744;S
20241111;100540;4497;1;11403732821;B
20241111;100540;4497;49;11403732869;B
20241111;100540;4497;1;11403732870;B
20241111;100540;4497;2;11403732871;B
20241111;100540;4497;2;11403732872;B
20241111;100540;4497;2;11403732873;B
20241111;100540;4497;1;11403732874;B
20241111;100540;4497;40;11403732875;B
20241111;100540;4497;1;11403732876;B
20241111;100540;4498;76;11403732877;B
20241111;100540;4498;1;11403732878;B
20241111;100540;4498;1;11403732879;B
20241111;100540;4498;10;11403732880;B
20241111;100540;4498;5;11403732881;B
20241111;100540;4498;4;11403732882;B
20241111;100540;4498;2;11403732883;B
20241111;100540;4498;36;11403732884;B
20241111;100540;4498;1;11403732885;B
20241111;100540;4498;1;11403732886;B
20241111;100540;4498;12;11403732887;B
20241111;100540;4498;23;11403732888;B
20241111;100540;4498;2;11403732889;B
20241111;100540;4498;1;11403732890;B
20241111;100540;4498;24;11403732891;B
20241111;100540;4498;1;11403732892;B
20241111;100540;4498;10;11403732893;B
20241111;100540;4498;16;11403732894;B
20241111;100540;4498;12;11403732895;B
20241111;100540;4499;164;11403732896;B
20241111;100540;4499;218;11403732909;B
20241111;100540;4499;3;11403733148;B
20241111;100540;4499;15;11403733150;B
20241111;100540;4499;7;11403733151;B
20241111;100540;4499;1;11403733152;B
20241111;100540;4499;9;11403733153;B
20241111;100540;4499;1;11403733154;B
20241111;100540;4499;3;11403733155;B
20241111;100540;4499;14;11403733156;B
20241111;100540;4496;1;11403733159;S
20241111;100540;4496;2;11403733160;S
20241111;100540;4496;3;11403733166;S
20241111;100541;4496;4;11403733258;S
20241111;100542;4496;6;11403733697;S
20241111;100542;4496;6;11403733698;S
20241111;100542;4496;10;11403733699;S
20241111;100542;4496;5;11403733700;S
20241111;100542;4495;10;11403733701;S
20241111;100542;4495;21;11403733702;S
20241111;100542;4495;2;11403733807;S
20241111;100543;4496;1;11403733971;B
20241111;100543;4496;3;11403734039;B
20241111;100543;4497;1;11403734061;B
20241111;100543;4498;12;11403734117;B
20241111;100543;4498;12;11403734118;B
20241111;100543;4499;36;11403734119;B
20241111;100543;4499;75;11403734120;B
20241111;100543;4499;50;11403734121;B
20241111;100543;4499;1;11403734122;B
20241111;100543;4499;1;11403734123;B
20241111;100543;4499;10;11403734124;B
20241111;100543;4499;6;11403734125;B
20241111;100543;4499;1;11403734126;B
20241111;100543;4499;10;11403734127;B
20241111;100543;4499;10;11403734128;B
20241111;100543;4499;10;11403734129;B
20241111;100543;4499;6;11403734130;B
20241111;100543;4499;60;11403734131;B
20241111;100543;4499;1;11403734166;B
20241111;100544;4497;1;11403734484;S
20241111;100545;4499;19;11403734795;B
20241111;100545;4499;11;11403734796;B
20241111;100545;4499;1;11403734797;B
20241111;100545;4499;2;11403734798;B
20241111;100545;4499;10;11403734799;B
20241111;100545;4499;2;11403734800;B
20241111;100545;4499;2;11403734801;B
20241111;100545;4499;1;11403734802;B
20241111;100545;4499;1;11403734803;B
20241111;100545;4499;1;11403734804;B
20241111;100545;4499;3;11403734805;B
20241111;100545;4499;100;11403734806;B
20241111;100545;4499;4;11403734807;B
20241111;100545;4499;35;11403734808;B
20241111;100545;4499;1;11403734809;B
20241111;100545;4499;2;11403734810;B
20241111;100545;4499;1;11403734811;B
20241111;100545;4499;4;11403734812;B
20241111;100545;4499;2;11403734828;B
20241111;100547;4497;1;11403735368;S
20241111;100547;4496;9;11403735369;S
20241111;100548;4499;1;11403735586;B
20241111;100549;4496;5;11403735852;S
20241111;100549;4496;7;11403735877;S
20241111;100549;4496;6;11403735878;S
20241111;100549;4496;1;11403735879;S
20241111;100549;4495;77;11403735880;S
20241111;100549;4495;12;11403735881;S
20241111;100549;4495;1;11403735882;S
20241111;100549;4495;13;11403735883;S
20241111;100549;4494;13;11403735884;S
20241111;100549;4493;1;11403735885;S
20241111;100549;4493;5;11403735886;S
20241111;100549;4493;9;11403735887;S
20241111;100549;4493;12;11403735888;S
20241111;100549;4492;5;11403735889;S
20241111;100549;4492;2;11403735890;S
20241111;100549;4497;2;11403736013;B
20241111;100549;4498;5;11403736030;B
20241111;100549;4498;7;11403736102;B
20241111;100549;4498;10;11403736103;B
20241111;100549;4499;3;11403736104;B
20241111;100549;4499;5;11403736105;B
20241111;100550;4498;1;11403736268;B
20241111;100550;4498;1;11403736269;B
20241111;100551;4498;1;11403736722;B
20241111;100551;4498;1;11403736723;B
20241111;100551;4498;3;11403736724;B
20241111;100553;4498;1;11403737229;B
20241111;100553;4498;12;11403737351;B
20241111;100553;4498;12;11403737395;B
20241111;100553;4495;1;11403737403;S
20241111;100553;4495;1;11403737447;S
20241111;100554;4497;2;11403737695;B
20241111;100554;4498;7;11403737696;B
20241111;100554;4498;5;11403737697;B
20241111;100554;4498;1;11403737698;B
20241111;100554;4499;5;11403737699;B
20241111;100554;4499;1;11403737700;B
20241111;100554;4499;6;11403737701;B
20241111;100554;4499;6;11403737702;B
20241111;100554;4499;17;11403737703;B
20241111;100555;4499;4;11403737991;B
20241111;100556;4495;1;11403738168;S
20241111;100556;4495;1;11403738209;S
20241111;100556;4495;1;11403738259;S
20241111;100556;4495;10;11403738265;S
20241111;100556;4498;12;11403738270;B
20241111;100556;4499;29;11403738271;B
20241111;100556;4499;9;11403738272;B
20241111;100557;4495;1;11403738501;S
20241111;100557;4494;1;11403738531;S
20241111;100557;4497;30;11403738666;B
20241111;100557;4495;1;11403738673;S
20241111;100558;4495;1;11403738747;S
20241111;100558;4495;1;11403738850;S
20241111;100558;4495;1;11403738922;S
20241111;100558;4495;1;11403738951;S
20241111;100558;4498;1;11403739037;B
20241111;100558;4498;1;11403739038;B
20241111;100558;4494;1;11403739123;S
20241111;100559;4495;1;11403739177;S
20241111;100559;4495;1;11403739202;S
20241111;100559;4495;1;11403739367;S
20241111;100600;4494;1;11403739441;S
20241111;100600;4494;1;11403739524;S
20241111;100600;4494;1;11403739561;S
20241111;100600;4497;1;11403739661;B
20241111;100600;4498;4;11403739739;B
20241111;100600;4498;1;11403739740;B
20241111;100600;4498;5;11403739741;B
20241111;100600;4498;1;11403739742;B
20241111;100600;4499;2;11403739822;B
20241111;100600;4494;1;11403739843;S
20241111;100601;4494;1;11403739900;S
20241111;100601;4494;1;11403739986;S
20241111;100601;4494;1;11403740034;S
20241111;100601;4494;1;11403740066;S
20241111;100602;4496;1;11403740464;S
20241111;100602;4495;1;11403740511;S
20241111;100602;4495;1;11403740536;S
20241111;100603;4496;1;11403740694;B
20241111;100603;4495;1;11403740699;S
20241111;100603;4495;1;11403740734;S
20241111;100603;4495;1;11403740747;S
20241111;100603;4495;1;11403740868;S
20241111;100603;4495;1;11403740924;S
20241111;100604;4495;1;11403740987;S
20241111;100604;4495;1;11403741108;B
20241111;100604;4497;1;11403741135;B
20241111;100604;4497;1;11403741136;B
20241111;100604;4497;5;11403741137;B
20241111;100604;4497;2;11403741138;B
20241111;100604;4497;1;11403741139;B
20241111;100605;4494;1;11403741493;S
20241111;100605;4495;1;11403741514;B
20241111;100605;4495;1;11403741515;B
20241111;100605;4495;1;11403741516;B
20241111;100605;4497;1;11403741517;B
20241111;100605;4496;1;11403741636;S
20241111;100606;4496;1;11403741760;S
20241111;100606;4496;1;11403741847;S
20241111;100606;4496;1;11403741936;S
20241111;100606;4496;1;11403741973;S
20241111;100606;4497;8;11403741974;B
20241111;100606;4497;5;11403741975;B
20241111;100606;4497;1;11403741976;B
20241111;100606;4498;36;11403741977;B
20241111;100606;4496;5;11403742004;S
20241111;100606;4494;1;11403742013;S
20241111;100607;4494;1;11403742081;S
20241111;100607;4494;1;11403742106;S
20241111;100607;4494;1;11403742146;S
20241111;100607;4494;1;11403742167;S
20241111;100607;4497;1;11403742172;B
20241111;100607;4497;2;11403742177;B
20241111;100607;4498;3;11403742178;B
20241111;100607;4497;1;11403742250;S
20241111;100607;4498;10;11403742268;B
20241111;100607;4497;1;11403742273;S
20241111;100607;4497;1;11403742310;S
20241111;100608;4497;1;11403742419;S
20241111;100608;4498;2;11403742491;B
20241111;100608;4497;1;11403742565;S
20241111;100608;4498;5;11403742741;B
20241111;100608;4497;1;11403742761;S
20241111;100609;4497;4;11403742899;S
20241111;100609;4495;4;11403742900;S
20241111;100609;4498;90;11403742934;B
20241111;100609;4495;3;11403743000;S
20241111;100609;4495;5;11403743001;S
20241111;100609;4495;1;11403743007;B
20241111;100610;4494;1;11403743318;S
20241111;100610;4495;1;11403743388;B
20241111;100610;4494;1;11403743391;S
20241111;100610;4494;1;11403743486;S
20241111;100611;4494;1;11403743737;S
20241111;100611;4494;1;11403743791;S
20241111;100611;4496;1;11403743886;B
20241111;100611;4496;1;11403743887;B
20241111;100612;4494;1;11403744153;S
20241111;100612;4494;1;11403744198;S
20241111;100612;4494;5;11403744211;S
20241111;100612;4494;1;11403744212;S
20241111;100612;4493;12;11403744213;S
20241111;100612;4493;6;11403744214;S
20241111;100612;4492;40;11403744215;S
20241111;100612;4492;1;11403744216;S
20241111;100612;4492;1;11403744217;S
20241111;100612;4492;3;11403744218;S
20241111;100612;4492;1;11403744230;S
20241111;100612;4495;6;11403744254;B
20241111;100612;4496;1;11403744255;B
20241111;100612;4496;3;11403744256;B
20241111;100613;4496;2;11403744409;B
20241111;100613;4496;1;11403744410;B
20241111;100613;4496;12;11403744411;B
20241111;100613;4492;1;11403744471;S
20241111;100613;4492;1;11403744498;S
20241111;100613;4492;1;11403744541;S
20241111;100613;4492;1;11403744579;S
20241111;100614;4492;1;11403744848;S
20241111;100614;4492;1;11403744883;S
20241111;100614;4492;1;11403744981;S
20241111;100614;4492;1;11403744982;S
20241111;100614;4492;3;11403744983;S
20241111;100615;4492;1;11403745233;S
20241111;100615;4492;1;11403745287;S
20241111;100615;4492;10;11403745361;S
20241111;100615;4492;2;11403745362;S
20241111;100615;4491;5;11403745363;S
20241111;100615;4491;13;11403745364;S
20241111;100615;4491;3;11403745365;S
20241111;100615;4491;5;11403745366;S
20241111;100615;4491;2;11403745367;S
20241111;100615;4491;12;11403745368;S
20241111;100615;4490;1;11403745369;S
20241111;100615;4490;3;11403745370;S
20241111;100615;4490;16;11403745371;S
20241111;100616;4490;3;11403745614;S
20241111;100616;4490;1;11403745625;S
20241111;100616;4490;2;11403745884;S
20241111;100616;4490;1;11403745885;S
20241111;100616;4490;30;11403745886;S
20241111;100616;4490;7;11403745887;S
20241111;100616;4490;16;11403745888;S
20241111;100616;4491;1;11403745924;B
20241111;100616;4490;1;11403745945;S
20241111;100617;4490;1;11403746012;S
20241111;100617;4490;1;11403746045;S
20241111;100617;4491;1;11403746062;B
20241111;100617;4490;1;11403746078;S
20241111;100617;4493;1;11403746163;B
20241111;100617;4493;1;11403746164;B
20241111;100617;4493;2;11403746165;B
20241111;100617;4493;8;11403746166;B
20241111;100617;4493;12;11403746167;B
20241111;100617;4494;7;11403746168;B
20241111;100617;4494;10;11403746169;B
20241111;100617;4494;5;11403746170;B
20241111;100617;4495;1;11403746171;B
20241111;100617;4495;1;11403746172;B
20241111;100617;4495;1;11403746173;B
20241111;100617;4491;1;11403746207;S
20241111;100617;4491;1;11403746239;S
20241111;100617;4491;1;11403746249;S
20241111;100618;4494;1;11403746378;B
20241111;100618;4494;1;11403746568;B
20241111;100618;4495;13;11403746569;B
20241111;100618;4492;1;11403746669;S
20241111;100618;4492;1;11403746704;S
20241111;100618;4492;1;11403746800;S
20241111;100619;4492;1;11403746859;S
20241111;100619;4493;1;11403746879;B
20241111;100619;4494;1;11403746880;B
20241111;100619;4492;1;11403746943;S
20241111;100619;4492;1;11403746960;S
20241111;100619;4492;1;11403746990;S
20241111;100620;4492;1;11403747066;S
20241111;100620;4493;1;11403747092;B
20241111;100620;4492;1;11403747375;S
20241111;100620;4494;9;11403747418;B
20241111;100620;4495;6;11403747419;B
20241111;100620;4495;5;11403747420;B
20241111;100620;4495;1;11403747421;B
20241111;100620;4495;1;11403747422;B
20241111;100620;4495;5;11403747423;B
20241111;100620;4496;5;11403747424;B
20241111;100620;4496;1;11403747425;B
20241111;100620;4496;5;11403747426;B
20241111;100620;4496;2;11403747427;B
20241111;100620;4492;1;11403747443;S
20241111;100620;4492;1;11403747474;S
20241111;100621;4491;12;11403747585;S
20241111;100621;4491;2;11403747586;S
20241111;100621;4490;20;11403747587;S
20241111;100621;4490;10;11403747588;S
20241111;100621;4490;1;11403747648;S
20241111;100621;4492;1;11403747685;B
20241111;100621;4494;10;11403747687;B
20241111;100621;4496;4;11403747688;B
20241111;100621;4496;12;11403747689;B
20241111;100621;4497;5;11403747690;B
20241111;100621;4497;2;11403747691;B
20241111;100621;4492;1;11403747799;S
20241111;100622;4493;1;11403748202;S
20241111;100622;4493;3;11403748280;S
20241111;100623;4493;1;11403748509;S
20241111;100623;4492;2;11403748583;S
20241111;100624;4492;1;11403749065;S
20241111;100625;4495;1;11403749195;B
20241111;100625;4492;3;11403749216;S
20241111;100626;4496;5;11403749561;B
20241111;100626;4496;2;11403749562;B
20241111;100626;4496;20;11403749563;B
20241111;100626;4496;16;11403749564;B
20241111;100626;4496;5;11403749565;B
20241111;100626;4497;3;11403749566;B
20241111;100626;4497;1;11403749567;B
20241111;100626;4497;1;11403749568;B
20241111;100626;4497;10;11403749569;B
20241111;100626;4497;10;11403749570;B
20241111;100626;4497;10;11403749571;B
20241111;100626;4497;3;11403749572;B
20241111;100626;4498;5;11403749573;B
20241111;100626;4498;1;11403749574;B
20241111;100626;4498;1;11403749575;B
20241111;100626;4498;40;11403749576;B
20241111;100626;4498;1;11403749577;B
20241111;100626;4498;10;11403749578;B
20241111;100626;4498;75;11403749579;B
20241111;100626;4498;1;11403749580;B
20241111;100626;4498;3;11403749581;B
20241111;100626;4498;5;11403749582;B
20241111;100626;4499;8;11403749583;B
20241111;100626;4493;1;11403749598;S
20241111;100626;4494;1;11403749786;S
20241111;100626;4494;1;11403749830;S
20241111;100627;4494;1;11403749915;S
20241111;100627;4493;1;11403750196;S
20241111;100628;4494;1;11403750254;S
20241111;100628;4494;1;11403750357;S
20241111;100628;4495;1;11403750664;B
20241111;100628;4497;1;11403750665;B
20241111;100629;4494;1;11403750715;S
20241111;100629;4494;1;11403750847;S
20241111;100629;4497;9;11403750958;B
20241111;100629;4497;2;11403750959;B
20241111;100629;4498;30;11403750960;B
20241111;100629;4498;3;11403750961;B
20241111;100629;4498;27;11403750962;B
20241111;100630;4495;5;11403751492;S
20241111;100630;4498;1;11403751559;B
20241111;100633;4498;3;11403752801;B
20241111;100633;4498;1;11403752816;B
20241111;100635;4495;7;11403753543;S
20241111;100635;4495;1;11403753544;S
20241111;100635;4495;5;11403753545;S
20241111;100635;4495;1;11403753546;S
20241111;100635;4495;6;11403753547;S
20241111;100636;4495;1;11403754057;S
20241111;100636;4495;3;11403754189;S
20241111;100636;4495;3;11403754190;S
20241111;100637;4497;1;11403754477;B
20241111;100637;4495;1;11403754488;S
20241111;100638;4495;1;11403754694;S
20241111;100638;4495;5;11403754695;S
20241111;100638;4495;5;11403754696;S
20241111;100638;4494;1;11403754697;S
20241111;100638;4494;5;11403754916;S
20241111;100638;4494;2;11403754917;S
20241111;100638;4494;5;11403754918;S
20241111;100639;4497;9;11403755084;B
20241111;100640;4497;4;11403755491;B
20241111;100640;4497;2;11403755492;B
20241111;100640;4495;5;11403755650;S
20241111;100641;4495;5;11403755886;S
20241111;100641;4495;5;11403755887;S
20241111;100641;4495;5;11403755962;S
20241111;100642;4497;2;11403756695;B
20241111;100642;4497;13;11403756696;B
20241111;100642;4497;12;11403756697;B
20241111;100642;4497;3;11403756698;B
20241111;100642;4498;5;11403756699;B
20241111;100642;4498;1;11403756700;B
20241111;100642;4498;1;11403756701;B
20241111;100642;4498;10;11403756702;B
20241111;100642;4498;5;11403756703;B
20241111;100642;4498;100;11403756704;B
20241111;100642;4498;1;11403756705;B
20241111;100642;4498;3;11403756706;B
20241111;100643;4496;3;11403756883;S
20241111;100644;4496;1;11403757197;S
20241111;100645;4498;3;11403757675;B
20241111;100645;4498;1;11403757676;B
20241111;100645;4498;2;11403757677;B
20241111;100646;4496;7;11403757966;S
20241111;100646;4496;1;11403758068;S
20241111;100646;4497;1;11403758314;S
20241111;100646;4497;1;11403758315;S
20241111;100646;4496;1;11403758316;S
20241111;100646;4496;10;11403758317;S
20241111;100646;4496;12;11403758318;S
20241111;100646;4495;7;11403758319;S
20241111;100646;4495;1;11403758320;S
20241111;100647;4495;1;11403758709;S
20241111;100647;4494;1;11403758710;S
20241111;100647;4494;2;11403758711;S
20241111;100647;4494;5;11403758712;S
20241111;100647;4494;1;11403758713;S
20241111;100647;4494;5;11403758714;S
20241111;100647;4494;5;11403758715;S
20241111;100647;4494;2;11403758716;S
20241111;100647;4494;5;11403758717;S
20241111;100647;4494;12;11403758718;S
20241111;100647;4493;159;11403758719;S
20241111;100647;4493;1;11403758720;S
20241111;100647;4493;10;11403758721;S
20241111;100647;4493;10;11403758722;S
20241111;100647;4493;12;11403758723;S
20241111;100648;4492;1;11403758830;S
20241111;100648;4492;5;11403758831;S
20241111;100648;4492;1;11403758832;S
20241111;100648;4491;1;11403758833;S
20241111;100648;4491;5;11403758834;S
20241111;100648;4491;5;11403758835;S
20241111;100648;4490;82;11403758836;S
20241111;100648;4492;14;11403758930;B
20241111;100648;4493;1;11403758931;B
20241111;100648;4493;7;11403758933;B
20241111;100648;4493;11;11403758997;B
20241111;100649;4493;6;11403759271;B
20241111;100649;4493;1;11403759280;B
20241111;100649;4493;4;11403759305;B
20241111;100649;4492;1;11403759441;B
20241111;100649;4493;1;11403759442;B
20241111;100650;4492;1;11403759747;B
20241111;100650;4490;1;11403759789;S
20241111;100651;4492;2;11403759955;B
20241111;100653;4491;2;11403760558;S
20241111;100653;4491;2;11403760559;S
20241111;100653;4490;1;11403760560;S
20241111;100653;4491;2;11403760705;B
20241111;100654;4492;12;11403761225;B
20241111;100654;4493;18;11403761226;B
20241111;100655;4493;2;11403761336;B
20241111;100655;4491;3;11403761342;S
20241111;100655;4491;7;11403761343;S
20241111;100655;4491;4;11403761370;S
20241111;100656;4491;1;11403762074;S
20241111;100657;4490;1;11403762340;S
20241111;100658;4490;5;11403762430;S
20241111;100658;4491;1;11403762596;B
20241111;100658;4492;1;11403762597;B
20241111;100659;4492;11;11403762975;B
20241111;100659;4492;1;11403762976;B
20241111;100659;4492;15;11403762977;B
20241111;100659;4493;218;11403762978;B
20241111;100659;4495;3;11403762979;B
20241111;100659;4495;25;11403762980;B
20241111;100659;4496;1;11403762981;B
20241111;100659;4496;1;11403762982;B
20241111;100659;4496;10;11403762983;B
20241111;100659;4496;5;11403762984;B
20241111;100659;4496;1;11403762985;B
20241111;100659;4497;11;11403762986;B
20241111;100659;4497;5;11403762987;B
20241111;100659;4497;1;11403762988;B
20241111;100659;4497;19;11403762989;B
20241111;100659;4497;5;11403762990;B
20241111;100659;4497;1;11403762991;B
20241111;100659;4497;3;11403762992;B
20241111;100659;4498;5;11403762993;B
20241111;100659;4498;1;11403762994;B
20241111;100659;4498;5;11403762995;B
20241111;100659;4498;1;11403762996;B
20241111;100659;4498;5;11403762997;B
20241111;100659;4498;1;11403762998;B
20241111;100659;4498;20;11403762999;B
20241111;100659;4498;100;11403763024;S
20241111;100659;4498;250;11403763111;S
20241111;100700;4499;31;11403763319;B
20241111;100700;4499;1;11403763320;B
20241111;100700;4499;2;11403763321;B
20241111;100700;4499;1;11403763322;B
20241111;100700;4499;20;11403763323;B
20241111;100700;4499;45;11403763324;B
20241111;100700;4499;100;11403763362;B
20241111;100701;4498;5;11403763531;S
20241111;100701;4499;20;11403763555;B
20241111;100701;4498;3;11403763942;S
20241111;100701;4498;35;11403763997;S
20241111;100702;4498;1;11403764182;S
20241111;100703;4498;1;11403764460;S
20241111;100704;4498;8;11403764903;S
20241111;100704;4498;1;11403765079;S
20241111;100707;4499;1;11403766104;B
20241111;100707;4498;3;11403766148;S
20241111;100708;4498;213;11403766271;S
20241111;100708;4498;15;11403766568;S
20241111;100709;4499;1;11403766861;B
20241111;100711;4498;20;11403767589;S
20241111;100711;4499;1;11403767711;B
20241111;100712;4499;1;11403768039;B
20241111;100712;4498;3;11403768110;S
20241111;100713;4499;31;11403768145;B
20241111;100713;4499;3;11403768146;B
20241111;100713;4499;2;11403768147;B
20241111;100713;4499;1;11403768148;B
20241111;100713;4499;2;11403768149;B
20241111;100713;4499;10;11403768150;B
20241111;100713;4499;1;11403768151;B
20241111;100713;4499;5;11403768152;B
20241111;100713;4499;7;11403768153;B
20241111;100713;4499;2;11403768154;B
20241111;100713;4499;5;11403768155;B
20241111;100713;4499;31;11403768156;B
20241111;100713;4499;19;11403768324;B
20241111;100713;4499;2;11403768325;B
20241111;100713;4499;25;11403768326;B
20241111;100713;4499;10;11403768327;B
20241111;100713;4499;5;11403768328;B
20241111;100713;4499;10;11403768329;B
20241111;100713;4499;203;11403768330;B
20241111;100713;4499;4;11403768331;B
20241111;100713;4499;11;11403768332;B
20241111;100713;4500;12;11403768333;B
20241111;100713;4500;1;11403768334;B
20241111;100713;4500;100;11403768335;B
20241111;100713;4500;98;11403768336;B
20241111;100713;4500;308;11403768339;B
20241111;100713;4500;50;11403768348;B
20241111;100713;4499;2;11403768389;S
20241111;100713;4499;4;11403768391;S
20241111;100714;4499;1;11403768514;S
20241111;100714;4499;1;11403768516;S
20241111;100714;4499;4;11403768518;S
20241111;100714;4498;11;11403768519;S
20241111;100714;4498;1;11403768520;S
20241111;100714;4498;1;11403768521;S
20241111;100714;4499;12;11403768522;B
20241111;100714;4500;88;11403768523;B
20241111;100714;4499;2;11403768530;S
20241111;100714;4499;10;11403768533;S
20241111;100714;4498;26;11403768534;S
20241111;100714;4498;1;11403768548;S
20241111;100714;4498;3;11403768550;S
20241111;100714;4499;12;11403768562;B
20241111;100714;4500;13;11403768563;B
20241111;100714;4499;2;11403768573;S
20241111;100714;4499;5;11403768575;S
20241111;100714;4499;4;11403768576;S
20241111;100714;4499;1;11403768577;S
20241111;100714;4498;2;11403768578;S
20241111;100714;4498;1;11403768580;S
20241111;100714;4498;3;11403768581;S
20241111;100714;4498;2;11403768582;S
20241111;100714;4498;5;11403768587;S
20241111;100714;4499;1;11403768606;B
20241111;100714;4499;11;11403768615;B
20241111;100714;4499;2;11403768616;B
20241111;100714;4500;87;11403768617;B
20241111;100714;4499;12;11403768620;S
20241111;100714;4498;30;11403768622;S
20241111;100714;4498;20;11403768623;S
20241111;100714;4498;25;11403768625;S
20241111;100714;4498;3;11403768626;S
20241111;100714;4498;1;11403768627;S
20241111;100714;4498;1;11403768628;S
20241111;100714;4498;4;11403768630;S
20241111;100714;4498;3;11403768633;S
20241111;100714;4498;10;11403768634;S
20241111;100714;4498;1;11403768635;S
20241111;100714;4498;2;11403768636;S
20241111;100714;4498;2;11403768637;S
20241111;100714;4498;5;11403768638;S
20241111;100714;4498;15;11403768639;S
20241111;100714;4498;2;11403768640;S
20241111;100714;4498;2;11403768660;S
20241111;100714;4498;3;11403768661;S
20241111;100714;4498;1;11403768662;S
20241111;100714;4498;15;11403768664;S
20241111;100714;4498;125;11403768682;S
20241111;100714;4498;4;11403768696;S
20241111;100714;4498;30;11403768697;S
20241111;100714;4498;8;11403768698;S
20241111;100714;4498;113;11403768764;S
20241111;100714;4499;3;11403768792;B
20241111;100714;4499;16;11403768793;B
20241111;100714;4498;50;11403768829;S
20241111;100714;4498;200;11403768840;S
20241111;100715;4498;2;11403768912;S
20241111;100715;4498;50;11403769022;S
20241111;100715;4499;84;11403769027;B
20241111;100715;4499;12;11403769028;B
20241111;100715;4499;1;11403769029;B
20241111;100715;4499;1;11403769030;B
20241111;100715;4499;1;11403769031;B
20241111;100715;4499;1;11403769032;B
20241111;100716;4498;30;11403769395;S
20241111;100716;4498;7;11403769396;S
20241111;100716;4497;3;11403769397;S
20241111;100716;4497;60;11403769517;B
20241111;100716;4499;6;11403769518;B
20241111;100716;4499;4;11403769519;B
20241111;100716;4499;3;11403769520;B
20241111;100716;4499;5;11403769521;B
20241111;100716;4499;2;11403769522;B
20241111;100716;4495;1;11403769582;S
20241111;100717;4494;5;11403769717;S
20241111;100717;4494;7;11403769718;S
20241111;100717;4494;5;11403769721;S
20241111;100717;4494;3;11403769722;S
20241111;100717;4494;2;11403769723;S
20241111;100717;4495;1;11403769787;S
20241111;100720;4497;1;11403771052;B
20241111;100720;4497;1;11403771053;B
20241111;100720;4498;1;11403771054;B
20241111;100720;4498;1;11403771055;B
20241111;100721;4498;4;11403771417;B
20241111;100721;4498;1;11403771418;B
20241111;100721;4498;1;11403771419;B
20241111;100721;4498;16;11403771420;B
20241111;100722;4495;4;11403772032;S
20241111;100722;4495;1;11403772033;S
20241111;100722;4494;12;11403772034;S
20241111;100722;4494;1;11403772035;S
20241111;100722;4493;15;11403772036;S
20241111;100723;4496;4;11403772365;B
20241111;100724;4496;1;11403772638;B
20241111;100727;4494;1;11403773860;S
20241111;100727;4494;5;11403773861;S
20241111;100727;4493;4;11403773862;S
20241111;100728;4496;1;11403774372;B
20241111;100728;4497;12;11403774373;B
20241111;100728;4497;20;11403774374;B
20241111;100728;4497;1;11403774375;B
20241111;100728;4497;1;11403774376;B
20241111;100729;4495;10;11403774521;S
20241111;100729;4494;12;11403774522;S
20241111;100729;4494;10;11403774523;S
20241111;100729;4493;68;11403774524;S
20241111;100729;4495;1;11403774792;S
20241111;100729;4493;13;11403774793;S
20241111;100729;4493;5;11403774794;S
20241111;100729;4493;2;11403774795;S
20241111;100729;4493;10;11403774796;S
20241111;100729;4492;5;11403774797;S
20241111;100729;4492;1;11403774798;S
20241111;100729;4492;5;11403774799;S
20241111;100730;4495;1;11403775016;B
20241111;100730;4491;1;11403775267;S
20241111;100730;4491;2;11403775268;S
20241111;100730;4491;1;11403775269;S
20241111;100730;4491;10;11403775270;S
20241111;100730;4491;186;11403775271;S
20241111;100731;4493;5;11403775402;B
20241111;100731;4494;50;11403775403;B
20241111;100731;4495;11;11403775404;B
20241111;100731;4495;20;11403775405;B
20241111;100731;4495;12;11403775406;B
20241111;100731;4496;20;11403775407;B
20241111;100731;4496;50;11403775408;B
20241111;100731;4496;20;11403775409;B
20241111;100731;4496;5;11403775410;B
20241111;100731;4497;5;11403775474;B
20241111;100731;4492;1;11403775519;S
20241111;100731;4491;1;11403775529;S
20241111;100732;4492;1;11403775946;S
20241111;100733;4494;1;11403776241;B
20241111;100734;4492;1;11403776779;S
20241111;100735;4494;1;11403777034;B
20241111;100736;4495;1;11403777510;B
20241111;100736;4495;2;11403777511;B
20241111;100736;4495;20;11403777512;B
20241111;100736;4496;5;11403777513;B
20241111;100736;4496;1;11403777514;B
20241111;100736;4496;78;11403777515;B
20241111;100736;4495;2;11403777588;B
20241111;100736;4496;8;11403777589;B
20241111;100737;4496;1;11403778003;B
20241111;100737;4496;39;11403778061;B
20241111;100739;4493;12;11403779015;S
20241111;100739;4493;12;11403779016;S
20241111;100739;4493;1;11403779017;S
20241111;100740;4495;1;11403779497;B
20241111;100742;4493;1;11403780307;S
20241111;100743;4495;2;11403780655;B
20241111;100743;4493;3;11403780693;S
20241111;100743;4492;3;11403780698;S
20241111;100744;4494;12;11403780859;B
20241111;100744;4495;48;11403780860;B
20241111;100744;4493;1;11403780989;S
20241111;100745;4495;1;11403781232;B
20241111;100745;4495;4;11403781252;B
20241111;100745;4496;5;11403781272;B
20241111;100746;4495;20;11403781711;S
20241111;100746;4495;5;11403781753;S
20241111;100746;4495;2;11403781766;S
20241111;100747;4495;37;11403782060;S
20241111;100747;4495;1;11403782061;S
20241111;100748;4493;1;11403782381;S
20241111;100749;4494;1;11403782837;B
20241111;100750;4494;4;11403783089;B
20241111;100750;4494;1;11403783090;B
20241111;100750;4494;35;11403783091;B
20241111;100751;4494;1;11403783495;B
20241111;100752;4492;2;11403783815;S
20241111;100752;4494;5;11403783906;B
20241111;100752;4494;9;11403783930;B
20241111;100752;4494;4;11403783931;B
20241111;100752;4495;17;11403783932;B
20241111;100754;4495;45;11403784594;B
20241111;100754;4495;25;11403784595;B
20241111;100754;4496;19;11403784596;B
20241111;100754;4496;5;11403784597;B
20241111;100754;4496;17;11403784598;B
20241111;100754;4492;3;11403784754;S
20241111;100754;4495;4;11403784846;B
20241111;100754;4495;1;11403784860;B
20241111;100754;4493;5;11403784892;S
20241111;100755;4492;7;11403785070;S
20241111;100755;4492;5;11403785071;S
20241111;100755;4492;1;11403785072;S
20241111;100755;4492;1;11403785073;S
20241111;100755;4491;13;11403785074;S
20241111;100755;4491;5;11403785075;S
20241111;100755;4491;1;11403785076;S
20241111;100755;4491;1;11403785077;S
20241111;100755;4491;5;11403785078;S
20241111;100755;4491;12;11403785079;S
20241111;100755;4491;1;11403785080;S
20241111;100755;4490;36;11403785081;S
20241111;100755;4490;8;11403785082;S
20241111;100755;4490;10;11403785083;S
20241111;100755;4490;5;11403785084;S
20241111;100755;4490;1;11403785085;S
20241111;100755;4490;3;11403785086;S
20241111;100755;4490;5;11403785087;S
20241111;100755;4490;1;11403785088;S
20241111;100755;4490;11;11403785089;S
20241111;100755;4490;5;11403785090;S
20241111;100755;4489;10;11403785101;S
20241111;100756;4489;2;11403785285;S
20241111;100756;4490;1;11403785351;B
20241111;100756;4489;150;11403785352;S
20241111;100756;4489;5;11403785354;S
20241111;100756;4489;150;11403785434;S
20241111;100756;4489;494;11403785463;S
20241111;100756;4489;1;11403785464;S
20241111;100756;4489;4;11403785482;S
20241111;100756;4489;100;11403785583;S
20241111;100757;4489;50;11403785623;S
20241111;100757;4490;11;11403785806;B
20241111;100757;4490;51;11403785873;B
20241111;100758;4490;5;11403786106;S
20241111;100758;4491;1;11403786109;B
20241111;100758;4490;135;11403786192;S
20241111;100759;4490;5;11403786497;S
20241111;100801;4491;1;11403787221;B
20241111;100801;4492;1;11403787222;B
20241111;100801;4490;50;11403787247;S
20241111;100802;4492;1;11403787488;B
20241111;100802;4492;5;11403787584;B
20241111;100803;4492;3;11403787769;B
20241111;100804;4490;234;11403788191;S
20241111;100804;4490;2;11403788192;S
20241111;100807;4490;1;11403789044;B
20241111;100808;4489;1;11403789380;S
20241111;100808;4490;20;11403789449;B
20241111;100809;4490;1;11403789562;B
20241111;100809;4489;1;11403789689;S
20241111;100809;4489;1;11403789690;S
20241111;100810;4490;1;11403789985;B
20241111;100810;4489;32;11403790216;S
20241111;100810;4489;1;11403790217;S
20241111;100810;4488;1;11403790218;S
20241111;100810;4487;2;11403790219;S
20241111;100810;4486;7;11403790220;S
20241111;100810;4486;40;11403790221;S
20241111;100810;4486;40;11403790222;S
20241111;100810;4486;2;11403790223;S
20241111;100810;4486;17;11403790224;S
20241111;100810;4485;7;11403790225;S
20241111;100810;4485;2;11403790226;S
20241111;100810;4485;1;11403790227;S
20241111;100810;4485;5;11403790228;S
20241111;100810;4485;13;11403790229;S
20241111;100810;4485;6;11403790230;S
20241111;100810;4484;1;11403790231;S
20241111;100810;4484;10;11403790232;S
20241111;100810;4484;50;11403790233;S
20241111;100810;4484;5;11403790234;S
20241111;100810;4484;8;11403790235;S
20241111;100810;4484;10;11403790236;S
20241111;100810;4484;1;11403790237;S
20241111;100810;4483;9;11403790238;S
20241111;100810;4483;1;11403790239;S
20241111;100810;4483;50;11403790240;S
20241111;100810;4483;2;11403790241;S
20241111;100810;4482;11;11403790242;S
20241111;100810;4482;1;11403790243;S
20241111;100810;4482;1;11403790244;S
20241111;100810;4482;50;11403790245;S
20241111;100810;4482;10;11403790246;S
20241111;100810;4482;199;11403790247;S
20241111;100811;4483;6;11403790255;S
20241111;100811;4482;94;11403790256;S
20241111;100811;4489;12;11403790276;B
20241111;100811;4490;5;11403790277;B
20241111;100811;4482;1;11403790376;S
20241111;100812;4488;4;11403790922;B
20241111;100813;4488;6;11403790943;B
20241111;100813;4489;5;11403790944;B
20241111;100814;4488;2;11403791330;B
20241111;100815;4488;1;11403791586;B
20241111;100817;4485;1;11403792227;S
20241111;100817;4484;4;11403792228;S
20241111;100818;4484;3;11403792350;S
20241111;100819;4487;1;11403792757;B
20241111;100820;4484;3;11403792928;S
20241111;100820;4487;1;11403792951;B
20241111;100822;4484;1;11403793652;S
20241111;100822;4484;3;11403793653;S
20241111;100823;4484;7;11403793826;S
20241111;100823;4484;1;11403793827;S
20241111;100823;4484;1;11403793828;S
20241111;100823;4484;1;11403793829;S
20241111;100823;4483;1;11403793834;S
20241111;100823;4483;4;11403793835;S
20241111;100823;4483;5;11403793849;S
20241111;100823;4486;4;11403793857;B
20241111;100823;4487;12;11403793858;B
20241111;100823;4487;3;11403793859;B
20241111;100823;4487;7;11403793860;B
20241111;100823;4488;1;11403793861;B
20241111;100823;4488;2;11403793862;B
20241111;100823;4488;6;11403793863;B
20241111;100825;4485;50;11403794385;S
20241111;100825;4484;1;11403794386;S
20241111;100825;4484;41;11403794442;B
20241111;100825;4485;4;11403794443;B
20241111;100826;4486;1;11403794485;B
20241111;100826;4487;1;11403794486;B
20241111;100826;4485;5;11403794588;S
20241111;100826;4485;1;11403794589;S
20241111;100826;4484;3;11403794590;S
20241111;100826;4484;12;11403794591;S
20241111;100826;4484;26;11403794600;B
20241111;100826;4483;1;11403794931;S
20241111;100826;4483;10;11403794932;S
20241111;100826;4483;1;11403794933;S
20241111;100826;4483;1;11403794934;S
20241111;100826;4482;4;11403794935;S
20241111;100826;4482;10;11403794936;S
20241111;100826;4482;2;11403794937;S
20241111;100826;4481;21;11403794938;S
20241111;100827;4484;6;11403794947;B
20241111;100827;4484;25;11403795172;B
20241111;100827;4485;5;11403795173;B
20241111;100827;4486;5;11403795174;B
20241111;100827;4487;9;11403795175;B
20241111;100827;4487;1;11403795176;B
20241111;100827;4487;12;11403795177;B
20241111;100827;4487;5;11403795178;B
20241111;100827;4487;7;11403795179;B
20241111;100827;4487;5;11403795180;B
20241111;100827;4487;8;11403795181;B
20241111;100827;4487;10;11403795182;B
20241111;100827;4488;19;11403795183;B
20241111;100827;4488;39;11403795184;B
20241111;100827;4488;1;11403795202;B
20241111;100827;4488;1;11403795203;B
20241111;100828;4487;1;11403795620;B
20241111;100829;4483;2;11403795769;S
20241111;100829;4487;1;11403795804;B
20241111;100831;4487;5;11403796223;B
20241111;100831;4487;3;11403796367;B
20241111;100831;4487;2;11403796368;B
20241111;100831;4487;1;11403796369;B
20241111;100831;4487;5;11403796370;B
20241111;100831;4488;1;11403796371;B
20241111;100831;4488;5;11403796372;B
20241111;100831;4489;1;11403796373;B
20241111;100831;4489;5;11403796374;B
20241111;100831;4489;8;11403796375;B
20241111;100834;4486;1;11403797398;S
20241111;100834;4488;3;11403797606;B
20241111;100836;4488;1;11403798165;B
20241111;100837;4486;1;11403798269;S
20241111;100837;4486;8;11403798354;S
20241111;100837;4486;1;11403798355;S
20241111;100837;4486;2;11403798356;S
20241111;100837;4486;3;11403798357;S
