<DATE>;<TIME>;<LAST>;<VOL>;<ID>;<OPER>
20241017;095955;129.92;30;11308041364;S
20241017;095955;129.92;10;11308041365;B
20241017;095955;129.92;10;11308041366;B
20241017;095955;129.92;10;11308041367;S
20241017;095955;129.92;10;11308041368;S
20241017;095955;129.92;10;11308041369;S
20241017;095955;129.92;10;11308041370;S
20241017;095955;129.92;100;11308041371;S
20241017;095955;129.92;40;11308041372;S
20241017;095955;129.92;50;11308041373;S
20241017;095955;129.92;20;11308041374;S
20241017;095955;129.92;10;11308041375;S
20241017;095955;129.92;10;11308041376;S
20241017;095955;129.92;10;11308041377;B
20241017;095955;129.92;10;11308041378;B
20241017;095955;129.92;10;11308041379;B
20241017;095955;129.92;10;11308041380;B
20241017;095955;129.92;20;11308041381;B
20241017;095955;129.92;10;11308041382;B
20241017;095955;129.92;10;11308041383;B
20241017;095955;129.92;10;11308041384;B
20241017;100002;129.9;10;11308043739;S
20241017;100002;129.9;30;11308043740;S
20241017;100002;129.9;10;11308043741;S
20241017;100002;129.86;400;11308043746;S
20241017;100002;129.86;190;11308043747;S
20241017;100002;129.88;40;11308043980;B
20241017;100005;129.86;20;11308046248;S
20241017;100005;129.84;150;11308046249;S
20241017;100005;129.84;50;11308046250;S
20241017;100005;129.82;10;11308046251;S
20241017;100005;129.82;20;11308046252;S
20241017;100005;129.82;10;11308046253;S
20241017;100005;129.82;90;11308046254;S
20241017;100005;129.82;10;11308046255;S
20241017;100005;129.82;130;11308046256;S
20241017;100005;129.8;510;11308046257;S
20241017;100005;129.8;30;11308047213;S
20241017;100005;129.9;10;11308047423;B
20241017;100005;129.9;30;11308047430;B
20241017;100005;129.9;100;11308047484;B
20241017;100006;129.92;70;11308047613;B
20241017;100006;129.84;10;11308048131;S
20241017;100006;129.84;90;11308048132;S
20241017;100006;129.84;10;11308049340;S
20241017;100006;129.8;100;11308049341;S
20241017;100006;129.8;190;11308049342;S
20241017;100007;129.92;10;11308050009;B
20241017;100007;129.92;10;11308050099;B
20241017;100007;129.8;10;11308050338;S
20241017;100007;129.92;50;11308050454;B
20241017;100007;129.92;30;11308050455;B
20241017;100014;129.8;140;11308052324;S
20241017;100014;129.8;500;11308052325;S
20241017;100014;129.8;10;11308052326;S
20241017;100014;129.8;10;11308052327;S
20241017;100014;129.8;20;11308052328;S
20241017;100014;129.8;10;11308052329;S
20241017;100014;129.8;10;11308052330;S
20241017;100027;129.74;10;11308056248;S
20241017;100028;129.74;10;11308056331;B
20241017;100028;129.72;10;11308056332;S
20241017;100028;129.72;30;11308056333;S
20241017;100028;129.72;30;11308056429;S
20241017;100029;129.74;20;11308056463;B
20241017;100029;129.74;30;11308056472;B
20241017;100029;129.74;10;11308056473;B
20241017;100029;129.74;20;11308056490;B
20241017;100029;129.74;1610;11308056491;B
20241017;100029;129.74;20;11308056495;B
20241017;100029;129.74;100;11308056527;B
20241017;100035;129.76;30;11308057757;B
20241017;100040;129.72;10;11308058967;S
20241017;100040;129.72;200;11308058968;S
20241017;100040;129.72;200;11308058969;S
20241017;100040;129.72;10;11308059057;B
20241017;100041;129.7;10;11308059383;S
20241017;100041;129.7;10;11308059384;S
20241017;100042;129.7;10;11308059573;S
20241017;100047;129.72;30;11308060713;B
20241017;100052;129.72;20;11308062012;B
20241017;100052;129.72;10;11308062051;B
20241017;100052;129.7;30;11308062053;S
20241017;100052;129.7;300;11308062054;S
20241017;100052;129.7;10;11308062055;S
20241017;100052;129.7;80;11308062056;S
20241017;100053;129.7;120;11308062133;S
20241017;100053;129.7;50;11308062134;S
20241017;100053;129.7;20;11308062135;S
20241017;100053;129.7;10;11308062136;S
20241017;100053;129.7;20;11308062137;S
20241017;100053;129.7;50;11308062138;S
20241017;100053;129.7;10;11308062139;S
20241017;100053;129.7;10;11308062140;S
20241017;100053;129.7;10;11308062141;S
20241017;100053;129.68;10;11308062142;S
20241017;100053;129.66;500;11308062143;S
20241017;100053;129.64;50;11308062144;S
20241017;100053;129.64;10;11308062145;S
20241017;100053;129.64;870;11308062146;S
20241017;100053;129.72;10;11308062204;B
20241017;100053;129.72;100;11308062214;B
20241017;100053;129.64;40;11308062216;S
20241017;100058;129.7;40;11308063336;B
20241017;100058;129.7;30;11308063337;B
20241017;100058;129.7;30;11308063494;B
20241017;100101;129.68;10;11308064377;S
20241017;100101;129.66;10;11308064378;S
20241017;100101;129.66;10;11308064379;S
20241017;100101;129.66;10;11308064380;S
20241017;100101;129.66;10;11308064381;S
20241017;100101;129.64;20;11308064382;S
20241017;100101;129.64;420;11308064383;S
20241017;100101;129.62;60;11308064384;S
20241017;100101;129.62;10;11308064385;S
20241017;100101;129.62;500;11308064386;S
20241017;100101;129.6;10;11308064387;S
20241017;100101;129.6;10;11308064388;S
20241017;100101;129.6;300;11308064389;S
20241017;100101;129.6;10;11308064390;S
20241017;100101;129.6;100;11308064391;S
20241017;100101;129.6;510;11308064392;S
20241017;100102;129.6;150;11308064422;S
20241017;100102;129.6;40;11308064423;S
20241017;100102;129.6;10;11308064424;S
20241017;100102;129.58;150;11308064546;S
20241017;100102;129.58;10;11308064550;S
20241017;100102;129.68;10;11308064552;B
20241017;100102;129.6;200;11308064620;S
20241017;100103;129.6;10;11308064833;S
20241017;100109;129.62;10;11308066002;S
20241017;100109;129.62;130;11308066003;S
20241017;100109;129.6;40;11308066004;S
20241017;100109;129.6;10;11308066005;S
20241017;100109;129.6;20;11308066006;S
20241017;100109;129.6;790;11308066007;S
20241017;100109;129.6;210;11308066033;S
20241017;100109;129.6;100;11308066034;S
20241017;100110;129.56;10;11308066301;S
20241017;100110;129.56;70;11308066302;S
20241017;100110;129.54;10;11308066303;S
20241017;100110;129.54;500;11308066304;S
20241017;100110;129.54;20;11308066305;S
20241017;100110;129.54;10;11308066306;S
20241017;100110;129.52;400;11308066307;S
20241017;100110;129.52;760;11308066308;S
20241017;100110;129.52;10;11308066309;S
20241017;100110;129.52;10;11308066310;S
20241017;100110;129.52;10;11308066311;S
20241017;100110;129.5;10;11308066312;S
20241017;100110;129.5;1100;11308066313;S
20241017;100110;129.5;110;11308066314;S
20241017;100110;129.5;10;11308066315;S
20241017;100110;129.5;10;11308066316;S
20241017;100110;129.5;100;11308066317;S
20241017;100110;129.5;10;11308066318;S
20241017;100110;129.5;100;11308066319;S
20241017;100110;129.5;10;11308066320;S
20241017;100110;129.5;20;11308066321;S
20241017;100110;129.5;110;11308066322;S
20241017;100110;129.5;10;11308066323;S
20241017;100110;129.5;10;11308066324;S
20241017;100110;129.5;10;11308066325;S
20241017;100110;129.5;10;11308066326;S
20241017;100110;129.5;10;11308066327;S
20241017;100110;129.5;10;11308066328;S
20241017;100110;129.5;10;11308066329;S
20241017;100110;129.5;10;11308066330;S
20241017;100110;129.5;500;11308066331;S
20241017;100110;129.5;10;11308066332;S
20241017;100110;129.5;10;11308066333;S
20241017;100110;129.5;10;11308066334;S
20241017;100110;129.5;90;11308066335;S
20241017;100110;129.48;10;11308066337;S
20241017;100110;129.48;10;11308066338;S
20241017;100110;129.46;10;11308066341;S
20241017;100110;129.48;10;11308066343;B
20241017;100110;129.5;50;11308066367;B
20241017;100110;129.44;50;11308066369;S
20241017;100110;129.46;10;11308066463;B
20241017;100110;129.42;10;11308066465;S
20241017;100110;129.4;10;11308066466;S
20241017;100110;129.4;20;11308066467;S
20241017;100110;129.46;10;11308066478;B
20241017;100110;129.46;10;11308066481;B
20241017;100110;129.4;80;11308066483;S
20241017;100110;129.38;10;11308066484;S
20241017;100110;129.36;100;11308066485;S
20241017;100110;129.36;20;11308066507;S
20241017;100111;129.46;30;11308066531;B
20241017;100111;129.36;20;11308066532;S
20241017;100111;129.34;10;11308066533;S
20241017;100111;129.32;30;11308066534;S
20241017;100111;129.3;10;11308066535;S
20241017;100111;129.28;10;11308066536;S
20241017;100111;129.26;10;11308066537;S
20241017;100111;129.24;540;11308066538;S
20241017;100111;129.22;10;11308066539;S
20241017;100111;129.22;540;11308066540;S
20241017;100111;129.22;1820;11308066541;S
20241017;100111;129.42;200;11308066542;B
20241017;100111;129.24;20;11308066555;S
20241017;100111;129.22;80;11308066556;S
20241017;100111;129.2;40;11308066557;S
20241017;100111;129.2;10;11308066558;S
20241017;100111;129.2;200;11308066559;S
20241017;100111;129.18;50;11308066560;S
20241017;100111;129.4;50;11308066563;B
20241017;100111;129.38;150;11308066566;B
20241017;100111;129.38;10;11308066576;B
20241017;100111;129.36;200;11308066577;B
20241017;100111;129.22;110;11308066591;S
20241017;100111;129.2;50;11308066592;S
20241017;100111;129.18;540;11308066593;S
20241017;100111;129.18;10;11308066597;S
20241017;100111;129.18;330;11308066599;S
20241017;100111;129.18;70;11308066601;S
20241017;100111;129.18;10;11308066602;S
20241017;100111;129.14;10;11308066603;S
20241017;100111;129.14;150;11308066604;S
20241017;100111;129.14;10;11308066607;S
20241017;100111;129.12;150;11308066608;S
20241017;100111;129.12;650;11308066609;S
20241017;100111;129.12;300;11308066610;S
20241017;100111;129.1;50;11308066611;S
20241017;100111;129.34;10;11308066613;B
20241017;100111;129.1;10;11308066614;S
20241017;100111;129.1;10;11308066615;S
20241017;100111;129.08;90;11308066624;S
20241017;100111;129.06;10;11308066625;S
20241017;100111;129.04;120;11308066626;S
20241017;100111;129.28;100;11308066648;B
20241017;100111;129.28;30;11308066655;B
20241017;100111;129.06;130;11308066659;S
20241017;100111;129.04;60;11308066660;S
20241017;100111;129.04;100;11308066661;S
20241017;100111;129.04;140;11308066662;S
20241017;100111;129.04;50;11308066663;S
20241017;100111;129.04;200;11308066664;S
20241017;100111;129.02;10;11308066665;S
20241017;100111;129.02;40;11308066666;S
20241017;100111;129.02;40;11308066667;S
20241017;100111;129.02;650;11308066668;S
20241017;100111;129.02;300;11308066669;S
20241017;100111;129.02;110;11308066670;S
20241017;100111;129;100;11308066671;S
20241017;100111;129;40;11308066672;S
20241017;100111;129;10;11308066673;S
20241017;100111;129;20;11308066674;S
20241017;100111;129.28;50;11308066676;B
20241017;100111;129.02;100;11308066679;S
20241017;100111;129.2;10;11308066703;S
20241017;100111;129.04;50;11308066704;S
20241017;100111;129.02;200;11308066705;S
20241017;100111;129.02;50;11308066706;S
20241017;100111;129;2680;11308066707;S
20241017;100111;129.2;540;11308066723;B
20241017;100111;129.22;260;11308066724;B
20241017;100111;129.02;300;11308066743;S
20241017;100111;129.02;240;11308066744;S
20241017;100111;129;60;11308066745;S
20241017;100111;129;300;11308066746;S
20241017;100111;129.2;50;11308066752;B
20241017;100111;129.02;50;11308066755;S
20241017;100111;129;350;11308066756;S
20241017;100111;129;100;11308066761;S
20241017;100111;129;40;11308066762;S
20241017;100111;129;450;11308066769;S
20241017;100111;129;10;11308066770;S
20241017;100111;129;10;11308066771;S
20241017;100111;129;10;11308066772;S
20241017;100111;129;40;11308066773;S
20241017;100111;129;500;11308066774;S
20241017;100111;129;10;11308066775;S
20241017;100111;129;10;11308066776;S
20241017;100111;129;200;11308066777;S
20241017;100111;129;10;11308066778;S
20241017;100111;129;200;11308066779;S
20241017;100111;129;50;11308066780;S
20241017;100111;129;10;11308066781;S
20241017;100111;129;10;11308066782;S
20241017;100111;129;10;11308066783;S
20241017;100111;129;10;11308066784;S
20241017;100111;129;240;11308066785;S
20241017;100111;129;10;11308066786;S
20241017;100111;129;10;11308066787;S
20241017;100111;129;10;11308066788;S
20241017;100111;129;10;11308066789;S
20241017;100111;129;50;11308066790;S
20241017;100111;129;500;11308066791;S
20241017;100111;129;10;11308066792;S
20241017;100111;129;40;11308066793;S
20241017;100111;129;10;11308066794;S
20241017;100111;129;140;11308066795;S
20241017;100111;129;10;11308066796;S
20241017;100111;129;1100;11308066797;S
20241017;100111;128.92;10;11308066798;S
20241017;100111;128.92;260;11308066799;S
20241017;100111;128.92;10;11308066801;S
20241017;100111;129.1;50;11308066804;B
20241017;100111;129.1;10;11308066806;B
20241017;100111;129.1;10;11308066807;B
20241017;100111;129.08;10;11308066809;B
20241017;100111;128.9;100;11308066818;S
20241017;100111;128.9;20;11308066819;S
20241017;100111;128.88;50;11308066820;S
20241017;100111;128.88;40;11308066821;S
20241017;100111;128.86;20;11308066822;S
20241017;100111;128.8;1170;11308066823;S
20241017;100111;128.8;1330;11308066825;S
20241017;100111;128.76;240;11308066826;S
20241017;100111;128.74;700;11308066827;S
20241017;100111;128.74;240;11308066828;S
20241017;100111;128.7;120;11308066829;S
20241017;100111;128.96;50;11308066830;B
20241017;100111;128.94;70;11308066832;B
20241017;100111;128.98;100;11308066834;B
20241017;100111;128.68;300;11308066835;S
20241017;100111;128.68;30;11308066836;S
20241017;100111;128.64;10;11308066837;S
20241017;100111;128.64;10;11308066838;S
20241017;100111;128.64;50;11308066839;S
20241017;100111;128.64;50;11308066840;S
20241017;100111;128.62;10;11308066841;S
20241017;100111;128.62;770;11308066842;S
20241017;100111;128.6;170;11308066843;S
20241017;100111;128.98;200;11308066847;B
20241017;100111;128.64;190;11308066848;S
20241017;100111;128.94;10;11308066850;B
20241017;100111;128.64;10;11308066851;S
20241017;100111;128.62;300;11308066852;S
20241017;100111;128.6;290;11308066853;S
20241017;100111;128.62;80;11308066854;S
20241017;100111;128.68;10;11308066873;B
20241017;100111;128.6;630;11308066875;S
20241017;100111;128.58;250;11308066876;S
20241017;100111;128.56;300;11308066877;S
20241017;100111;128.52;930;11308066878;S
20241017;100111;128.5;100;11308066879;S
20241017;100111;128.5;10;11308066880;S
20241017;100111;128.5;80;11308066881;S
20241017;100111;128.54;150;11308066884;S
20241017;100111;128.52;300;11308066885;S
20241017;100111;128.5;410;11308066886;S
20241017;100111;128.5;1500;11308066887;S
20241017;100111;128.5;500;11308066888;S
20241017;100111;128.5;10;11308066889;S
20241017;100111;128.4;100;11308066890;S
20241017;100111;128.34;250;11308066891;S
20241017;100111;128.26;10;11308066892;S
20241017;100111;128.24;50;11308066893;S
20241017;100111;128.24;90;11308066894;S
20241017;100111;128.22;100;11308066895;S
20241017;100111;128.2;10;11308066896;S
20241017;100111;128.2;10;11308066897;S
20241017;100111;128.18;260;11308066898;S
20241017;100111;128.14;100;11308066899;S
20241017;100111;128.54;590;11308066900;S
20241017;100112;128.28;40;11308066907;S
20241017;100112;128.54;30;11308066911;B
20241017;100112;128.28;20;11308066912;S
20241017;100112;128.54;10;11308066913;B
20241017;100112;128.54;60;11308066914;B
20241017;100112;128.54;80;11308066917;B
20241017;100112;128.54;140;11308066918;B
20241017;100112;128.28;30;11308066919;S
20241017;100112;128.68;10;11308066924;B
20241017;100112;128.68;10;11308066931;B
20241017;100112;128.74;90;11308066932;B
20241017;100112;128.5;40;11308066933;S
20241017;100112;128.4;40;11308066934;S
20241017;100112;128.7;40;11308066935;B
20241017;100112;128.7;10;11308066937;B
20241017;100112;128.7;10;11308066938;B
20241017;100112;128.7;20;11308066939;B
20241017;100112;128.4;260;11308066940;S
20241017;100112;128.26;120;11308066941;S
20241017;100112;128.28;300;11308066942;S
20241017;100112;128.26;110;11308066943;S
20241017;100112;128.2;10;11308066944;S
20241017;100112;128.18;230;11308066945;S
20241017;100112;128.24;300;11308066950;S
20241017;100112;128.22;180;11308066951;S
20241017;100112;128.18;770;11308066952;S
20241017;100112;128.16;270;11308066953;S
20241017;100112;128.14;600;11308066954;S
20241017;100112;128.12;10;11308066955;S
20241017;100112;128.1;50;11308066956;S
20241017;100112;128.08;50;11308066957;S
20241017;100112;128.04;10;11308066958;S
20241017;100112;128.04;80;11308066959;S
20241017;100112;128.02;30;11308066960;S
20241017;100112;128.02;10;11308066961;S
20241017;100112;128.02;140;11308066962;S
20241017;100112;128.02;50;11308066963;S
20241017;100112;128;80;11308066964;S
20241017;100112;128;10;11308066965;S
20241017;100112;128;50;11308066966;S
20241017;100112;128;1000;11308066967;S
20241017;100112;128;20;11308066968;S
20241017;100112;128;10;11308066969;S
20241017;100112;128;10;11308066970;S
20241017;100112;128;20;11308066971;S
20241017;100112;128;10;11308066972;S
20241017;100112;128;50;11308066973;S
20241017;100112;128;500;11308066974;S
20241017;100112;128;10;11308066975;S
20241017;100112;128;10;11308066976;S
20241017;100112;128;10;11308066977;S
20241017;100112;128;10;11308066978;S
20241017;100112;128;650;11308066979;S
20241017;100112;128.06;300;11308066980;S
20241017;100112;128.04;120;11308066981;S
20241017;100112;128.4;10;11308066982;B
20241017;100112;128.4;530;11308066984;B
20241017;100112;128.42;3000;11308066985;B
20241017;100112;128.48;100;11308066986;B
20241017;100112;128.68;300;11308066987;B
20241017;100112;128.7;770;11308066988;B
20241017;100112;128.72;860;11308066989;B
20241017;100112;128.76;1500;11308066990;B
20241017;100112;128.78;400;11308066991;B
20241017;100112;128.78;2000;11308066992;B
20241017;100112;128.78;60;11308066993;B
20241017;100112;128.88;160;11308066994;B
20241017;100112;129;200;11308066995;B
20241017;100112;129;120;11308066996;B
20241017;100112;128.98;50;11308066997;B
20241017;100112;128.98;10;11308066998;B
20241017;100112;128.96;10;11308067026;B
20241017;100112;128.96;100;11308067027;B
20241017;100112;128.52;40;11308067033;S
20241017;100112;128.52;10;11308067036;S
20241017;100112;128.9;10;11308067127;B
20241017;100112;128.52;70;11308067128;S
20241017;100112;128.54;60;11308067129;S
20241017;100112;128.54;150;11308067133;S
20241017;100112;128.74;130;11308067135;B
20241017;100112;128.54;20;11308067136;S
20241017;100112;128.54;50;11308067137;S
20241017;100112;128.54;80;11308067139;S
20241017;100112;128.54;70;11308067140;S
20241017;100112;128.48;30;11308067141;S
20241017;100112;128.48;300;11308067143;S
20241017;100112;128.64;540;11308067145;B
20241017;100112;128.66;60;11308067146;B
20241017;100112;128.64;50;11308067147;B
20241017;100112;128.64;10;11308067148;B
20241017;100112;128.64;100;11308067149;B
20241017;100112;128.48;50;11308067150;S
20241017;100112;128.64;20;11308067159;B
20241017;100112;128.48;10;11308067164;S
20241017;100112;128.64;150;11308067165;B
20241017;100112;128.64;200;11308067167;B
20241017;100112;128.64;10;11308067169;B
20241017;100112;128.66;990;11308067170;B
20241017;100112;128.46;300;11308067173;S
20241017;100112;128.56;100;11308067174;B
20241017;100112;128.46;100;11308067175;S
20241017;100112;128.56;10;11308067178;B
20241017;100112;128.66;90;11308067179;B
20241017;100112;128.46;60;11308067181;S
20241017;100112;128.46;240;11308067182;S
20241017;100112;128.46;20;11308067183;S
20241017;100112;128.46;10;11308067184;S
20241017;100112;128.46;10;11308067185;S
20241017;100112;128.64;10;11308067187;B
20241017;100112;128.64;270;11308067188;B
20241017;100112;128.64;230;11308067189;B
20241017;100112;128.64;10;11308067190;B
20241017;100112;128.4;30;11308067191;S
20241017;100112;128.4;30;11308067192;S
20241017;100112;128.36;300;11308067193;S
20241017;100112;128.26;40;11308067194;S
20241017;100112;128.18;100;11308067195;S
20241017;100112;128.16;260;11308067196;S
20241017;100112;128.16;770;11308067197;S
20241017;100112;128.14;490;11308067198;S
20241017;100112;128.12;540;11308067199;S
20241017;100112;128.1;320;11308067200;S
20241017;100112;128.1;120;11308067201;S
20241017;100112;128.6;10;11308067212;B
20241017;100112;128.6;30;11308067218;B
20241017;100112;128.6;10;11308067219;B
20241017;100112;128.6;10;11308067226;B
20241017;100112;128.6;10;11308067258;B
20241017;100112;128.42;10;11308067274;S
20241017;100112;128.58;10;11308067277;B
20241017;100112;128.58;40;11308067278;B
20241017;100112;128.42;10;11308067279;S
20241017;100112;128.58;10;11308067284;B
20241017;100112;128.58;20;11308067285;B
20241017;100112;128.58;10;11308067286;B
20241017;100112;128.58;10;11308067293;B
20241017;100112;128.42;80;11308067299;S
20241017;100112;128.4;470;11308067300;S
20241017;100113;128.56;300;11308067304;B
20241017;100113;128.56;100;11308067305;B
20241017;100113;128.56;10;11308067316;B
20241017;100113;128.56;50;11308067321;B
20241017;100113;128.56;20;11308067325;B
20241017;100113;128.52;40;11308067326;S
20241017;100113;128.52;40;11308067327;S
20241017;100113;128.42;480;11308067328;S
20241017;100113;128.38;440;11308067329;S
20241017;100113;128.38;10;11308067338;S
20241017;100113;128.58;50;11308067340;B
20241017;100113;128.38;40;11308067341;S
20241017;100113;128.58;10;11308067344;B
20241017;100113;128.38;100;11308067345;S
20241017;100113;128.38;100;11308067346;S
20241017;100113;128.38;300;11308067348;S
20241017;100113;128.58;30;11308067352;B
20241017;100113;128.58;30;11308067366;B
20241017;100113;128.6;60;11308067367;B
20241017;100113;128.6;30;11308067368;B
20241017;100113;128.6;10;11308067369;B
20241017;100113;128.42;10;11308067377;S
20241017;100113;128.6;10;11308067378;B
20241017;100113;128.6;10;11308067379;B
20241017;100113;128.6;10;11308067384;B
20241017;100113;128.42;400;11308067386;S
20241017;100113;128.4;250;11308067387;S
20241017;100113;128.38;10;11308067388;S
20241017;100113;128.38;20;11308067392;S
20241017;100113;128.6;10;11308067395;B
20241017;100113;128.38;10;11308067396;S
20241017;100113;128.6;300;11308067397;B
20241017;100113;128.4;50;11308067398;S
20241017;100113;128.62;10;11308067401;B
20241017;100113;128.6;10;11308067419;B
20241017;100113;128.6;30;11308067423;B
20241017;100113;128.6;10;11308067424;B
20241017;100113;128.6;10;11308067426;B
20241017;100113;128.42;320;11308067427;S
20241017;100113;128.4;250;11308067428;S
20241017;100113;128.38;30;11308067429;S
20241017;100113;128.56;10;11308067431;B
20241017;100113;128.56;10;11308067434;B
20241017;100113;128.4;10;11308067435;S
20241017;100113;128.56;30;11308067436;B
20241017;100113;128.56;200;11308067437;B
20241017;100113;128.42;20;11308067447;S
20241017;100113;128.56;10;11308067453;B
20241017;100113;128.56;10;11308067463;B
20241017;100113;128.42;100;11308067491;S
20241017;100113;128.56;10;11308067533;B
20241017;100113;128.56;200;11308067541;B
20241017;100113;128.58;10;11308067570;B
20241017;100113;128.5;10;11308067584;S
20241017;100113;128.6;10;11308067592;B
20241017;100113;128.6;50;11308067594;B
20241017;100113;128.62;150;11308067595;B
20241017;100113;128.44;60;11308067601;S
20241017;100113;128.62;100;11308067602;B
20241017;100113;128.44;30;11308067605;S
20241017;100113;128.44;680;11308067607;S
20241017;100113;128.44;20;11308067608;S
20241017;100113;128.6;10;11308067616;B
20241017;100113;128.6;10;11308067617;B
20241017;100113;128.48;10;11308067618;S
20241017;100113;128.46;310;11308067619;S
20241017;100113;128.46;200;11308067621;S
20241017;100113;128.62;100;11308067622;B
20241017;100113;128.54;50;11308067624;S
20241017;100113;128.5;30;11308067625;S
20241017;100113;128.46;30;11308067626;S
20241017;100113;128.44;500;11308067627;S
20241017;100113;128.42;280;11308067628;S
20241017;100113;128.4;260;11308067629;S
20241017;100113;128.38;20;11308067630;S
20241017;100113;128.4;100;11308067631;S
20241017;100113;128.6;20;11308067632;B
20241017;100113;128.6;30;11308067633;B
20241017;100113;128.6;10;11308067635;B
20241017;100113;128.6;10;11308067636;B
20241017;100113;128.6;470;11308067638;B
20241017;100113;128.62;30;11308067639;B
20241017;100113;128.62;10;11308067640;B
20241017;100113;128.62;10;11308067641;B
20241017;100113;128.4;10;11308067642;S
20241017;100113;128.6;10;11308067643;B
20241017;100113;128.62;90;11308067644;B
20241017;100113;128.62;10;11308067645;B
20241017;100113;128.46;30;11308067646;S
20241017;100113;128.4;50;11308067647;S
20241017;100113;128.4;150;11308067648;S
20241017;100113;128.5;250;11308067654;S
20241017;100113;128.62;10;11308067655;B
20241017;100113;128.62;20;11308067662;B
20241017;100113;128.62;10;11308067663;B
20241017;100113;128.5;250;11308067664;S
20241017;100113;128.48;200;11308067665;S
20241017;100113;128.48;100;11308067666;S
20241017;100113;128.48;210;11308067667;S
20241017;100113;128.62;10;11308067678;B
20241017;100113;128.64;50;11308067681;B
20241017;100113;128.64;10;11308067685;B
20241017;100113;128.5;20;11308067691;S
20241017;100113;128.5;20;11308067700;S
20241017;100114;128.64;90;11308067705;B
20241017;100114;128.64;10;11308067706;B
20241017;100114;128.64;30;11308067717;B
20241017;100114;128.54;100;11308067742;S
20241017;100114;128.54;40;11308067765;S
20241017;100114;128.64;100;11308067767;B
20241017;100114;128.52;280;11308067768;S
20241017;100114;128.52;300;11308067769;S
20241017;100114;128.5;10;11308067770;S
20241017;100114;128.48;10;11308067771;S
20241017;100114;128.48;70;11308067772;S
20241017;100114;128.48;100;11308067773;S
20241017;100114;128.48;230;11308067774;S
20241017;100114;128.64;40;11308067775;B
20241017;100114;128.5;10;11308067776;S
20241017;100114;128.64;10;11308067777;B
20241017;100114;128.5;290;11308067778;S
20241017;100114;128.48;540;11308067779;S
20241017;100114;128.48;370;11308067780;S
20241017;100114;128.52;20;11308067781;S
20241017;100114;128.52;150;11308067782;S
20241017;100114;128.52;40;11308067783;S
20241017;100114;128.52;80;11308067788;S
20241017;100114;128.52;300;11308067789;S
20241017;100114;128.5;50;11308067790;S
20241017;100114;128.6;10;11308067816;B
20241017;100114;128.52;20;11308067827;S
20241017;100114;128.5;30;11308067828;S
20241017;100114;128.6;40;11308067910;S
20241017;100114;128.66;50;11308067912;B
20241017;100114;128.6;100;11308067926;S
20241017;100114;128.58;400;11308067927;S
20241017;100114;128.58;50;11308067938;S
20241017;100114;128.58;120;11308067940;S
20241017;100115;128.66;500;11308068002;B
20241017;100115;128.66;40;11308068199;B
20241017;100115;128.66;50;11308068218;B
20241017;100115;128.64;20;11308068222;S
20241017;100115;128.62;10;11308068223;S
20241017;100116;128.62;70;11308068226;S
20241017;100116;128.6;330;11308068227;S
20241017;100116;128.66;10;11308068243;B
20241017;100116;128.6;50;11308068257;S
20241017;100116;128.64;250;11308068264;B
20241017;100116;128.66;1300;11308068265;B
20241017;100116;128.66;10;11308068297;B
20241017;100117;128.66;100;11308068448;B
20241017;100117;128.66;10;11308068465;B
20241017;100117;128.66;120;11308068621;B
20241017;100118;128.66;10;11308068649;B
20241017;100118;128.64;320;11308068808;B
20241017;100118;128.66;180;11308068809;B
20241017;100118;128.66;480;11308068810;B
20241017;100118;128.7;120;11308068811;B
20241017;100118;128.74;400;11308068812;B
20241017;100119;128.64;10;11308068942;S
20241017;100119;128.62;20;11308068969;S
20241017;100119;128.6;10;11308068987;B
20241017;100120;128.58;10;11308069275;S
20241017;100120;128.54;10;11308069276;S
20241017;100121;128.54;90;11308069402;B
20241017;100121;128.6;210;11308069403;B
20241017;100121;128.5;10;11308069405;S
20241017;100121;128.48;20;11308069406;S
20241017;100121;128.42;60;11308069407;S
20241017;100121;128.4;100;11308069408;S
20241017;100121;128.4;30;11308069409;S
20241017;100121;128.38;80;11308069410;S
20241017;100121;128.6;10;11308069448;B
20241017;100122;128.58;20;11308069621;S
20241017;100122;128.4;20;11308069622;S
20241017;100122;128.38;110;11308069623;S
20241017;100122;128.36;450;11308069624;S
20241017;100122;128.38;10;11308069644;S
20241017;100122;128.36;10;11308069853;S
20241017;100122;128.34;500;11308069854;S
20241017;100122;128.32;10;11308069855;S
20241017;100122;128.28;1000;11308069856;S
20241017;100122;128.28;50;11308069857;S
20241017;100122;128.28;50;11308069858;S
20241017;100122;128.24;30;11308069859;S
20241017;100122;128.24;10;11308069860;S
20241017;100122;128.24;1640;11308069861;S
20241017;100122;128.24;360;11308069896;S
20241017;100122;128.2;200;11308069897;S
20241017;100122;128.2;50;11308069898;S
20241017;100122;128.2;10;11308069899;S
20241017;100122;128.18;60;11308069900;S
20241017;100122;128.16;110;11308069901;S
20241017;100123;128.5;20;11308069909;B
20241017;100123;128.46;500;11308069936;B
20241017;100124;128.42;50;11308070155;B
20241017;100124;128.42;20;11308070195;B
20241017;100125;128.46;40;11308070390;B
20241017;100125;128.48;520;11308070391;B
20241017;100125;128.5;300;11308070392;B
20241017;100125;128.52;870;11308070393;B
20241017;100125;128.6;20;11308070394;B
20241017;100125;128.64;400;11308070395;B
20241017;100125;128.66;540;11308070396;B
20241017;100125;128.68;1310;11308070397;B
20241017;100126;128.68;300;11308070662;B
20241017;100126;128.7;110;11308070663;B
20241017;100126;128.74;120;11308070664;B
20241017;100126;128.76;10;11308070665;B
20241017;100126;128.78;10;11308070666;B
20241017;100126;128.8;110;11308070667;B
20241017;100127;128.66;20;11308071079;S
20241017;100127;128.56;430;11308071080;S
20241017;100127;128.5;10;11308071081;S
20241017;100127;128.5;250;11308071082;S
20241017;100128;128.5;10;11308071101;B
20241017;100128;128.5;350;11308071156;B
20241017;100129;128.5;500;11308071352;B
20241017;100129;128.5;100;11308071554;B
20241017;100131;128.46;20;11308071764;S
20241017;100131;128.46;480;11308071765;S
20241017;100132;128.5;20;11308072000;B
20241017;100133;128.5;20;11308072218;B
20241017;100134;128.48;10;11308072580;S
20241017;100135;128.48;20;11308072610;B
20241017;100135;128.48;10;11308072619;B
20241017;100135;128.48;20;11308072761;B
20241017;100136;128.46;50;11308072854;S
20241017;100137;128.48;40;11308073058;B
20241017;100137;128.5;1960;11308073059;B
20241017;100137;128.46;250;11308073238;S
20241017;100137;128.46;10;11308073239;S
20241017;100137;128.42;20;11308073240;S
20241017;100137;128.4;20;11308073241;S
20241017;100137;128.38;20;11308073242;S
20241017;100137;128.36;30;11308073243;S
20241017;100137;128.36;10;11308073244;S
20241017;100137;128.34;60;11308073245;S
20241017;100137;128.32;220;11308073246;S
20241017;100137;128.3;400;11308073247;S
20241017;100137;128.28;540;11308073248;S
20241017;100137;128.26;100;11308073249;S
20241017;100137;128.24;10;11308073250;S
20241017;100137;128.24;30;11308073251;S
20241017;100137;128.22;80;11308073252;S
20241017;100138;128.5;10;11308073339;B
20241017;100138;128.48;10;11308073399;S
20241017;100138;128.5;70;11308073462;B
20241017;100138;128.5;100;11308073496;B
20241017;100138;128.5;60;11308073497;B
20241017;100139;128.5;10;11308073821;B
20241017;100139;128.54;60;11308073822;B
20241017;100139;128.56;30;11308073823;B
20241017;100140;128.58;10;11308074208;B
20241017;100140;128.58;40;11308074209;B
20241017;100141;128.58;150;11308074400;B
20241017;100143;128.5;50;11308075145;S
20241017;100143;128.5;20;11308075146;S
20241017;100144;128.5;80;11308075343;S
20241017;100144;128.5;10;11308075344;S
20241017;100144;128.5;10;11308075345;S
20241017;100145;128.48;30;11308075553;B
20241017;100147;128.56;10;11308075961;S
20241017;100147;128.52;70;11308075962;S
20241017;100147;128.5;20;11308075963;S
20241017;100147;128.6;100;11308076035;B
20241017;100147;128.6;40;11308076177;B
20241017;100148;128.6;50;11308076234;B
20241017;100149;128.5;80;11308076648;S
20241017;100149;128.5;220;11308076649;S
20241017;100149;128.52;100;11308076656;B
20241017;100149;128.6;10;11308076657;B
20241017;100150;128.62;50;11308076690;B
20241017;100150;128.62;80;11308076916;B
20241017;100152;128.6;40;11308077404;S
20241017;100154;128.62;10;11308077838;B
20241017;100157;128.64;100;11308078612;B
20241017;100157;128.62;50;11308078618;S
20241017;100158;128.62;50;11308078895;S
20241017;100158;128.62;50;11308078966;S
20241017;100158;128.62;70;11308079099;S
20241017;100159;128.64;50;11308079312;B
20241017;100159;128.62;400;11308079464;S
20241017;100159;128.62;30;11308079465;S
20241017;100159;128.6;110;11308079466;S
20241017;100201;128.64;350;11308080166;B
20241017;100201;128.64;50;11308080167;B
20241017;100201;128.64;230;11308080168;B
20241017;100201;128.64;370;11308080169;B
20241017;100202;128.64;30;11308080248;B
20241017;100202;128.64;20;11308080317;B
20241017;100202;128.62;80;11308080332;S
20241017;100202;128.6;740;11308080333;S
20241017;100202;128.6;10;11308080334;S
20241017;100202;128.6;1000;11308080335;S
20241017;100202;128.6;10;11308080336;S
20241017;100203;128.6;10;11308080634;B
20241017;100204;128.6;100;11308080858;B
20241017;100205;128.6;50;11308081157;B
20241017;100207;128.64;180;11308081421;B
20241017;100207;128.62;70;11308081425;S
20241017;100207;128.64;30;11308081553;B
20241017;100208;128.64;370;11308081628;B
20241017;100208;128.66;20;11308081634;B
20241017;100210;128.64;30;11308082175;S
20241017;100211;128.66;150;11308082398;B
20241017;100211;128.64;200;11308082595;S
20241017;100212;128.66;620;11308082729;B
20241017;100213;128.64;100;11308082961;S
20241017;100213;128.66;100;11308083201;B
20241017;100214;128.66;1000;11308083279;B
20241017;100214;128.66;50;11308083312;B
20241017;100215;128.64;500;11308083606;S
20241017;100217;128.64;500;11308084093;S
20241017;100217;128.64;10;11308084134;S
20241017;100217;128.66;10;11308084434;B
20241017;100217;128.66;380;11308084435;B
20241017;100218;128.64;290;11308084550;S
20241017;100218;128.64;10;11308084551;S
20241017;100220;128.64;100;11308085296;S
20241017;100220;128.64;150;11308085370;S
20241017;100221;128.64;430;11308085580;S
20241017;100221;128.64;80;11308085605;S
20241017;100223;128.64;100;11308086151;S
20241017;100223;128.64;10;11308086152;S
20241017;100223;128.64;10;11308086153;S
20241017;100223;128.64;100;11308086154;S
20241017;100224;128.64;50;11308086371;S
20241017;100224;128.62;10;11308086372;S
20241017;100224;128.62;770;11308086373;S
20241017;100224;128.62;100;11308086374;S
20241017;100224;128.62;370;11308086375;S
20241017;100225;128.66;500;11308086865;B
20241017;100226;128.64;20;11308086882;S
20241017;100226;128.64;100;11308086883;S
20241017;100226;128.64;10;11308087045;B
20241017;100226;128.64;10;11308087146;B
20241017;100227;128.62;100;11308087148;S
20241017;100227;128.62;10;11308087149;S
20241017;100227;128.6;20;11308087150;S
20241017;100227;128.64;20;11308087182;B
20241017;100227;128.64;20;11308087382;B
20241017;100227;128.62;10;11308087417;S
20241017;100227;128.62;100;11308087418;S
20241017;100229;128.62;10;11308087708;B
20241017;100229;128.62;10;11308087732;B
20241017;100229;128.62;350;11308088000;B
20241017;100231;128.62;50;11308088301;B
20241017;100232;128.62;10;11308088720;B
20241017;100233;128.62;10;11308088864;B
20241017;100234;128.62;50;11308089076;B
20241017;100234;128.62;10;11308089077;B
20241017;100234;128.64;190;11308089078;B
20241017;100236;128.64;130;11308089519;B
20241017;100236;128.64;220;11308089520;B
20241017;100236;128.64;10;11308089681;B
20241017;100237;128.64;10;11308089828;B
20241017;100237;128.62;100;11308090006;S
20241017;100237;128.62;400;11308090007;S
20241017;100238;128.64;10;11308090134;B
20241017;100239;128.64;250;11308090180;B
20241017;100239;128.64;10;11308090181;B
20241017;100239;128.62;10;11308090271;S
20241017;100239;128.62;90;11308090272;S
20241017;100240;128.64;70;11308090396;B
20241017;100241;128.64;20;11308090501;B
20241017;100241;128.66;10;11308090518;B
20241017;100241;128.66;1000;11308090629;B
20241017;100243;128.66;10;11308090760;B
20241017;100243;128.66;740;11308090782;B
20241017;100244;128.66;10;11308090938;B
20241017;100244;128.66;200;11308090948;B
20241017;100246;128.66;2000;11308091313;B
20241017;100246;128.66;620;11308091314;B
20241017;100246;128.66;100;11308091315;B
20241017;100247;128.68;20;11308091545;S
20241017;100248;128.74;200;11308091582;B
20241017;100248;128.78;100;11308091583;B
20241017;100249;128.82;400;11308091708;B
20241017;100249;128.82;30;11308091709;B
20241017;100249;128.82;380;11308091710;B
20241017;100249;128.84;140;11308091711;B
20241017;100249;128.84;50;11308091712;B
20241017;100249;128.84;10;11308091869;B
20241017;100249;128.84;50;11308091878;B
20241017;100253;128.84;100;11308092515;B
20241017;100255;128.74;10;11308092856;S
20241017;100256;128.84;210;11308093029;B
20241017;100256;128.84;100;11308093030;B
20241017;100256;128.84;10;11308093031;B
20241017;100256;128.86;1550;11308093032;B
20241017;100256;128.86;160;11308093033;B
20241017;100256;128.88;90;11308093034;B
20241017;100256;128.9;150;11308093035;B
20241017;100256;128.96;100;11308093036;B
20241017;100256;128.96;540;11308093037;B
20241017;100256;128.96;10;11308093038;B
20241017;100256;128.96;310;11308093039;B
20241017;100256;128.98;780;11308093040;B
20241017;100256;128.98;10;11308093041;B
20241017;100256;129;280;11308093042;B
20241017;100256;129;700;11308093043;B
20241017;100257;128.82;100;11308093072;S
20241017;100257;129;20;11308093083;B
20241017;100258;129;50;11308093323;B
20241017;100301;129;10;11308093686;B
20241017;100302;129;70;11308094005;B
20241017;100303;129;10;11308094081;B
20241017;100303;129;10;11308094099;B
20241017;100304;129;130;11308094234;B
20241017;100304;129;120;11308094235;B
20241017;100304;129;90;11308094236;B
20241017;100304;129;30;11308094237;B
20241017;100304;129;50;11308094238;B
20241017;100306;129;10;11308094762;B
20241017;100307;128.94;50;11308094907;S
20241017;100307;129;140;11308094910;B
20241017;100307;129;90;11308094911;B
20241017;100308;129;10;11308094924;B
20241017;100308;129;210;11308094927;B
20241017;100308;129;100;11308094991;B
20241017;100308;128.94;40;11308094992;S
20241017;100308;128.94;10;11308094996;S
20241017;100308;128.92;30;11308094997;S
20241017;100308;128.9;40;11308095000;S
20241017;100308;128.9;40;11308095003;S
20241017;100308;128.9;20;11308095005;S
20241017;100308;128.9;20;11308095006;S
20241017;100308;128.9;40;11308095008;S
20241017;100308;128.9;40;11308095012;S
20241017;100308;128.9;40;11308095013;S
20241017;100308;128.9;40;11308095017;S
20241017;100308;129;20;11308095021;B
20241017;100308;128.9;40;11308095022;S
20241017;100308;128.9;40;11308095024;S
20241017;100308;128.9;40;11308095025;S
20241017;100308;128.9;40;11308095031;S
20241017;100308;128.9;40;11308095040;S
20241017;100308;128.9;40;11308095045;S
20241017;100308;128.9;40;11308095050;S
20241017;100309;128.9;40;11308095057;S
20241017;100309;128.9;40;11308095061;S
20241017;100309;128.9;20;11308095068;S
20241017;100309;128.88;20;11308095069;S
20241017;100309;128.88;40;11308095070;S
20241017;100309;128.88;40;11308095073;S
20241017;100309;128.88;40;11308095075;S
20241017;100309;128.88;40;11308095079;S
20241017;100309;128.88;20;11308095081;S
20241017;100309;128.88;20;11308095082;S
20241017;100309;128.88;40;11308095086;S
20241017;100309;128.88;40;11308095088;S
20241017;100309;128.88;40;11308095093;S
20241017;100309;128.88;40;11308095095;S
20241017;100309;128.88;40;11308095097;S
20241017;100309;128.88;40;11308095099;S
20241017;100309;129;20;11308095100;B
20241017;100309;128.88;40;11308095101;S
20241017;100309;128.88;40;11308095103;S
20241017;100309;128.88;40;11308095107;S
20241017;100309;128.88;40;11308095110;S
20241017;100309;128.88;40;11308095111;S
20241017;100309;128.88;40;11308095115;S
20241017;100309;128.88;40;11308095118;S
20241017;100309;128.88;40;11308095127;S
20241017;100309;128.88;40;11308095142;S
20241017;100309;128.88;40;11308095161;S
20241017;100309;128.88;40;11308095190;S
20241017;100309;128.88;40;11308095202;S
20241017;100309;128.88;40;11308095205;S
20241017;100309;128.88;40;11308095209;S
20241017;100309;128.88;40;11308095211;S
20241017;100309;128.88;40;11308095214;S
20241017;100309;128.88;40;11308095221;S
20241017;100309;128.88;40;11308095226;S
20241017;100309;128.88;40;11308095227;S
20241017;100309;128.88;40;11308095229;S
20241017;100309;128.88;40;11308095232;S
20241017;100309;128.88;40;11308095239;S
20241017;100309;128.88;40;11308095241;S
20241017;100309;128.88;40;11308095249;S
20241017;100309;128.86;40;11308095252;S
20241017;100309;128.86;40;11308095253;S
20241017;100310;128.86;40;11308095262;S
20241017;100310;128.86;20;11308095265;S
20241017;100310;128.86;20;11308095266;S
20241017;100310;128.86;40;11308095268;S
20241017;100310;128.86;40;11308095269;S
20241017;100310;128.86;40;11308095273;S
20241017;100310;128.86;40;11308095274;S
20241017;100310;128.86;40;11308095275;S
20241017;100310;128.86;40;11308095278;S
20241017;100310;128.86;40;11308095283;S
20241017;100310;128.86;40;11308095288;S
20241017;100310;128.86;40;11308095290;S
20241017;100310;128.86;40;11308095295;S
20241017;100310;128.86;40;11308095298;S
20241017;100310;128.86;40;11308095300;S
20241017;100310;128.86;40;11308095302;S
20241017;100310;128.86;40;11308095306;S
20241017;100310;128.86;20;11308095313;S
20241017;100310;128.86;20;11308095314;S
20241017;100310;128.86;40;11308095315;S
20241017;100310;128.86;40;11308095316;S
20241017;100310;128.86;40;11308095320;S
20241017;100310;128.86;40;11308095322;S
20241017;100310;128.86;40;11308095326;S
20241017;100310;128.86;40;11308095331;S
20241017;100310;128.86;40;11308095338;S
20241017;100310;128.86;40;11308095345;S
20241017;100310;128.86;40;11308095347;S
20241017;100310;128.86;40;11308095349;S
20241017;100310;128.86;40;11308095350;S
20241017;100310;128.86;40;11308095354;S
20241017;100310;128.86;40;11308095355;S
20241017;100310;128.86;40;11308095357;S
20241017;100310;128.86;40;11308095364;S
20241017;100310;128.86;60;11308095369;S
20241017;100310;128.86;400;11308095370;S
20241017;100310;128.86;90;11308095371;S
20241017;100310;128.84;400;11308095372;S
20241017;100310;128.84;50;11308095373;S
20241017;100310;128.84;40;11308095375;S
20241017;100310;128.84;40;11308095377;S
20241017;100310;128.84;40;11308095379;S
20241017;100310;128.84;40;11308095382;S
20241017;100310;128.84;40;11308095384;S
20241017;100310;128.84;40;11308095389;S
20241017;100310;128.84;40;11308095394;S
20241017;100311;128.86;40;11308095399;S
20241017;100311;128.86;40;11308095400;S
20241017;100311;128.86;40;11308095402;S
20241017;100311;128.86;40;11308095406;S
20241017;100311;128.86;40;11308095407;S
20241017;100311;128.86;40;11308095408;S
20241017;100311;128.86;40;11308095409;S
20241017;100311;128.86;40;11308095411;S
20241017;100311;128.86;40;11308095416;S
20241017;100311;128.86;40;11308095418;S
20241017;100311;128.86;40;11308095436;S
20241017;100311;128.86;40;11308095438;S
20241017;100311;128.86;40;11308095444;S
20241017;100311;128.86;40;11308095447;S
20241017;100311;128.86;40;11308095450;S
20241017;100311;128.86;40;11308095451;S
20241017;100311;128.86;40;11308095453;S
20241017;100311;128.86;40;11308095454;S
20241017;100311;128.86;40;11308095455;S
20241017;100311;128.86;40;11308095457;S
20241017;100311;128.86;40;11308095458;S
20241017;100311;128.86;40;11308095481;S
20241017;100311;128.86;40;11308095488;S
20241017;100311;128.86;40;11308095503;S
20241017;100311;128.86;40;11308095523;S
20241017;100311;128.86;40;11308095535;S
20241017;100311;128.86;40;11308095539;S
20241017;100311;128.86;40;11308095541;S
20241017;100311;128.86;40;11308095550;S
20241017;100311;128.86;40;11308095562;S
20241017;100311;128.86;40;11308095564;S
20241017;100311;128.86;40;11308095577;S
20241017;100311;128.86;40;11308095583;S
20241017;100311;128.86;40;11308095589;S
20241017;100311;128.86;40;11308095596;S
20241017;100311;128.86;40;11308095600;S
20241017;100311;128.86;40;11308095601;S
20241017;100311;128.86;40;11308095602;S
20241017;100311;128.86;40;11308095603;S
20241017;100311;128.86;40;11308095611;S
20241017;100312;128.86;40;11308095619;S
20241017;100312;128.86;40;11308095620;S
20241017;100312;128.86;40;11308095624;S
20241017;100312;128.9;10;11308095633;S
20241017;100312;128.86;30;11308095634;S
20241017;100312;128.86;40;11308095635;S
20241017;100312;128.86;40;11308095641;S
20241017;100312;128.86;40;11308095643;S
20241017;100312;128.86;40;11308095647;S
20241017;100312;128.86;40;11308095648;S
20241017;100312;128.86;40;11308095656;S
20241017;100312;128.86;40;11308095661;S
20241017;100312;128.86;40;11308095662;S
20241017;100312;128.86;40;11308095700;S
20241017;100312;128.86;40;11308095730;S
20241017;100312;128.86;40;11308095742;S
20241017;100312;128.86;40;11308095771;S
20241017;100312;128.86;40;11308095782;S
20241017;100312;128.86;40;11308095806;S
20241017;100312;128.86;40;11308095827;S
20241017;100312;128.86;40;11308095858;S
20241017;100312;128.86;40;11308095879;S
20241017;100312;128.86;40;11308095898;S
20241017;100312;128.86;40;11308095906;S
20241017;100312;128.86;40;11308095912;S
20241017;100312;128.86;40;11308095917;S
20241017;100312;128.86;40;11308095920;S
20241017;100312;128.86;40;11308095932;S
20241017;100312;128.86;40;11308095933;S
20241017;100312;128.86;40;11308095934;S
20241017;100312;128.86;10;11308095935;S
20241017;100312;128.86;40;11308095936;S
20241017;100312;128.86;40;11308095937;S
20241017;100312;128.86;40;11308095948;S
20241017;100312;128.86;40;11308095950;S
20241017;100312;128.86;40;11308095956;S
20241017;100312;128.86;40;11308095957;S
20241017;100312;128.86;40;11308095960;S
20241017;100312;128.86;40;11308095961;S
20241017;100312;128.96;50;11308095965;B
20241017;100312;128.86;40;11308095970;S
20241017;100312;128.86;40;11308095978;S
20241017;100313;128.86;40;11308095983;S
20241017;100313;128.86;40;11308095997;S
20241017;100313;128.86;40;11308096018;S
20241017;100313;128.86;40;11308096022;S
20241017;100313;128.86;40;11308096027;S
20241017;100313;128.86;40;11308096029;S
20241017;100313;128.86;40;11308096031;S
20241017;100313;128.86;40;11308096045;S
20241017;100313;128.86;40;11308096052;S
20241017;100313;128.86;40;11308096058;S
20241017;100313;128.86;40;11308096061;S
20241017;100313;128.86;40;11308096063;S
20241017;100313;128.86;40;11308096065;S
20241017;100313;128.86;40;11308096069;S
20241017;100313;128.86;40;11308096081;S
20241017;100313;128.86;40;11308096085;S
20241017;100313;128.86;40;11308096087;S
20241017;100313;128.86;40;11308096093;S
20241017;100313;128.96;40;11308096098;B
20241017;100313;128.86;40;11308096099;S
20241017;100313;128.86;40;11308096101;S
20241017;100313;128.86;40;11308096104;S
20241017;100313;128.86;40;11308096116;S
20241017;100313;128.86;40;11308096137;S
20241017;100313;128.86;40;11308096147;S
20241017;100313;128.86;40;11308096153;S
20241017;100313;128.86;40;11308096160;S
20241017;100313;128.86;40;11308096163;S
20241017;100313;128.86;40;11308096168;S
20241017;100313;128.86;40;11308096174;S
20241017;100313;128.86;40;11308096185;S
20241017;100313;128.86;40;11308096187;S
20241017;100313;128.86;40;11308096189;S
20241017;100313;128.86;40;11308096193;S
20241017;100313;128.84;500;11308096194;S
20241017;100313;128.86;40;11308096196;S
20241017;100313;128.86;20;11308096199;B
20241017;100313;128.86;40;11308096202;S
20241017;100313;128.86;40;11308096204;S
20241017;100313;128.86;40;11308096205;S
20241017;100313;128.86;40;11308096208;S
20241017;100313;128.86;40;11308096211;S
20241017;100314;128.86;40;11308096216;S
20241017;100314;128.86;40;11308096218;S
20241017;100314;128.86;40;11308096220;S
20241017;100314;128.92;10;11308096258;B
20241017;100316;128.92;40;11308096744;B
20241017;100316;128.94;50;11308096745;B
20241017;100318;128.86;20;11308097447;S
20241017;100318;128.94;100;11308097466;B
20241017;100321;128.94;50;11308097882;B
20241017;100321;128.94;70;11308097964;B
20241017;100321;128.98;40;11308097965;B
20241017;100321;129;90;11308097966;B
20241017;100322;128.94;10;11308098267;S
20241017;100322;128.9;10;11308098268;S
20241017;100322;128.9;40;11308098269;S
20241017;100323;129;140;11308098303;B
20241017;100323;129;70;11308098304;B
20241017;100325;129.04;50;11308098667;B
20241017;100325;129;10;11308098687;S
20241017;100327;129;20;11308099079;S
20241017;100327;129.04;10;11308099105;B
20241017;100329;129;170;11308099380;S
20241017;100329;129.04;10;11308099408;B
20241017;100329;129;760;11308099439;S
20241017;100335;129.02;10;11308100622;B
20241017;100336;129.02;10;11308100891;S
20241017;100336;129.02;30;11308100892;S
20241017;100336;129.02;40;11308100896;S
20241017;100336;129.02;40;11308100899;S
20241017;100338;129.04;10;11308101100;B
20241017;100340;129.04;40;11308101620;B
20241017;100345;129.04;10;11308102758;B
20241017;100345;129.04;10;11308102780;B
20241017;100345;129;80;11308102846;S
20241017;100346;129.02;10;11308103076;S
20241017;100346;129.02;30;11308103077;S
20241017;100347;129;590;11308103142;S
20241017;100347;129.04;140;11308103213;B
20241017;100348;129.02;40;11308103540;S
20241017;100348;129.02;40;11308103545;S
20241017;100348;129.02;40;11308103549;S
20241017;100348;129.02;30;11308103551;S
20241017;100348;129.02;10;11308103552;S
20241017;100348;129.02;40;11308103559;S
20241017;100348;129.02;40;11308103561;S
20241017;100348;129.02;40;11308103566;S
20241017;100348;129.02;40;11308103569;S
20241017;100348;129.02;40;11308103570;S
20241017;100349;129.02;40;11308103579;S
20241017;100349;129.02;40;11308103580;S
20241017;100349;129.02;40;11308103595;S
20241017;100349;129.02;40;11308103606;S
20241017;100349;129.02;40;11308103607;S
20241017;100349;129.02;40;11308103610;S
20241017;100349;129.02;40;11308103613;S
20241017;100349;129.02;40;11308103616;S
20241017;100349;129.02;40;11308103617;S
20241017;100349;129.02;40;11308103629;S
20241017;100349;129.02;40;11308103635;S
20241017;100349;129.02;40;11308103636;S
20241017;100349;129.02;40;11308103639;S
20241017;100349;129.02;40;11308103640;S
20241017;100349;129.02;40;11308103644;S
20241017;100349;129.02;40;11308103646;S
20241017;100351;129.04;90;11308104091;B
20241017;100353;129.04;10;11308104389;B
20241017;100354;129.04;620;11308104471;B
20241017;100354;129.04;100;11308104472;B
20241017;100354;129.04;10;11308104473;B
20241017;100354;129.08;100;11308104474;B
20241017;100354;129.08;290;11308104475;B
20241017;100354;129.08;10;11308104476;B
20241017;100354;129.12;10;11308104477;B
20241017;100354;129.12;310;11308104478;B
20241017;100354;129.12;100;11308104479;B
20241017;100354;129.1;770;11308104481;B
20241017;100354;129.1;770;11308104482;B
20241017;100354;129.12;870;11308104483;B
20241017;100354;129.12;310;11308104484;B
20241017;100355;129.16;10;11308104765;B
20241017;100355;129.16;10;11308104766;B
20241017;100359;129.16;200;11308105481;B
20241017;100359;129.16;10;11308105492;B
20241017;100400;129.08;10;11308105546;S
20241017;100405;129.1;150;11308106469;B
20241017;100405;129.1;850;11308106470;B
20241017;100410;129.1;100;11308107420;B
20241017;100411;129.1;100;11308107492;B
20241017;100412;129.08;10;11308107719;B
20241017;100412;129.08;90;11308107751;B
20241017;100412;129.1;950;11308107752;B
20241017;100412;129.16;330;11308107754;B
20241017;100412;129.18;410;11308107755;B
20241017;100413;129.18;420;11308107784;S
20241017;100413;129.2;10;11308107788;B
20241017;100413;129.2;40;11308107789;B
20241017;100414;129.12;10;11308107917;S
20241017;100415;129.2;10;11308108133;B
20241017;100415;129.18;10;11308108156;B
20241017;100415;129.2;10;11308108269;B
20241017;100417;129.14;20;11308108623;S
20241017;100417;129.12;10;11308108624;S
20241017;100420;129.18;770;11308109313;B
20241017;100420;129.18;310;11308109314;B
20241017;100420;129.2;340;11308109315;B
20241017;100420;129.22;250;11308109316;B
20241017;100420;129.24;30;11308109317;B
20241017;100420;129.24;500;11308109318;B
20241017;100420;129.24;10;11308109319;B
20241017;100420;129.24;400;11308109320;B
20241017;100420;129.24;120;11308109321;S
20241017;100421;129.1;10;11308109402;S
20241017;100424;129.08;10;11308109858;S
20241017;100426;129.1;10;11308110195;B
20241017;100426;129.18;20;11308110196;B
20241017;100430;129.1;30;11308111183;B
20241017;100436;129.1;70;11308112347;B
20241017;100436;129.1;30;11308112348;B
20241017;100440;129.1;10;11308113124;B
20241017;100442;129.18;230;11308113362;B
20241017;100442;129.2;110;11308113364;B
20241017;100442;129.2;100;11308113365;B
20241017;100442;129.26;100;11308113366;B
20241017;100442;129.26;100;11308113367;B
20241017;100442;129.26;540;11308113368;B
20241017;100442;129.28;10;11308113369;B
20241017;100442;129.28;300;11308113370;B
20241017;100442;129.3;90;11308113371;B
20241017;100442;129.3;180;11308113372;B
20241017;100442;129.28;30;11308113459;B
20241017;100442;129.3;10;11308113562;B
20241017;100448;129.3;200;11308114890;B
20241017;100450;129.3;10;11308115255;B
20241017;100451;129.3;10;11308115327;B
20241017;100451;129.3;10;11308115381;B
20241017;100452;129.24;40;11308115651;S
20241017;100455;129.32;10;11308116155;B
20241017;100457;129.32;10;11308116735;B
20241017;100500;129.32;10;11308117354;B
20241017;100502;129.3;40;11308117614;B
20241017;100504;129.3;10;11308118593;B
20241017;100506;129.26;100;11308119212;S
20241017;100510;129.24;50;11308119893;B
20241017;100510;129.26;50;11308119894;B
20241017;100510;129.26;90;11308120148;B
20241017;100510;129.3;300;11308120149;B
20241017;100511;129.32;10;11308120320;B
20241017;100514;129.3;80;11308120737;S
20241017;100514;129.3;70;11308120893;B
20241017;100517;129.24;80;11308121544;S
20241017;100517;129.24;10;11308121545;S
20241017;100517;129.24;770;11308121546;S
20241017;100517;129.22;70;11308121547;S
20241017;100517;129.22;430;11308121548;S
20241017;100517;129.22;370;11308121550;S
20241017;100517;129.22;540;11308121551;S
20241017;100517;129.2;140;11308121552;S
20241017;100517;129.2;3000;11308121553;S
20241017;100517;129.2;70;11308121554;S
20241017;100517;129.18;70;11308121555;S
20241017;100517;129.14;100;11308121556;S
20241017;100517;129.1;520;11308121557;S
20241017;100517;129.12;60;11308121583;S
20241017;100517;129.12;40;11308121584;S
20241017;100519;129.12;10;11308121935;S
20241017;100519;129.12;50;11308122004;S
20241017;100520;129.12;50;11308122235;S
20241017;100520;129.22;140;11308122280;B
20241017;100520;129.22;210;11308122281;B
20241017;100521;129.22;10;11308122432;B
20241017;100522;129.22;10;11308122562;B
20241017;100523;129.12;100;11308122804;S
20241017;100524;129.1;10;11308123128;S
20241017;100525;129.1;50;11308123171;S
20241017;100527;129.12;10;11308123526;S
20241017;100527;129.1;990;11308123527;S
20241017;100528;129.1;10;11308123788;S
20241017;100528;129.12;100;11308123804;B
20241017;100534;129.1;280;11308124743;S
20241017;100534;129.1;90;11308124774;S
20241017;100535;129.12;10;11308124822;B
20241017;100537;129.1;40;11308125049;S
20241017;100537;129.1;40;11308125050;S
20241017;100539;129.1;10;11308125298;S
20241017;100539;129.1;50;11308125356;B
20241017;100543;129.1;160;11308126754;B
20241017;100547;129.1;10;11308127385;B
20241017;100547;129.1;10;11308127545;B
20241017;100553;129.1;20;11308128523;B
20241017;100555;129.1;20;11308128748;B
20241017;100557;129.1;100;11308129314;B
20241017;100558;129.1;20;11308129403;B
20241017;100559;129.04;1000;11308129502;S
20241017;100600;129.08;50;11308129845;B
20241017;100601;129.04;100;11308130078;S
20241017;100601;129.04;10;11308130079;S
20241017;100601;129.04;80;11308130098;B
20241017;100610;129.02;10;11308132489;S
20241017;100610;129.02;20;11308132490;S
20241017;100610;129.02;20;11308132491;S
20241017;100610;129;10;11308132492;S
20241017;100610;129;10;11308132493;S
20241017;100610;129;1000;11308132494;S
20241017;100610;129;50;11308132495;S
20241017;100610;129;180;11308132496;S
20241017;100611;129.04;10;11308132640;B
20241017;100611;129;220;11308132672;S
20241017;100611;129;10;11308132673;S
20241017;100611;129;160;11308132674;S
20241017;100612;129.06;50;11308133005;B
20241017;100612;129;20;11308133027;S
20241017;100613;129.08;20;11308133182;B
20241017;100618;129.08;20;11308134290;B
20241017;100621;129.02;30;11308134913;S
20241017;100621;129.02;10;11308134924;B
20241017;100621;129;520;11308134986;S
20241017;100621;129;50;11308134987;S
20241017;100621;129;10;11308134988;S
20241017;100621;129;10;11308134989;S
20241017;100621;129;10;11308134990;S
20241017;100621;129;10;11308134991;S
20241017;100621;129;50;11308134992;S
20241017;100621;129;10;11308134993;S
20241017;100621;129;10;11308134994;S
20241017;100621;128.92;200;11308134995;S
20241017;100621;128.92;60;11308134996;S
20241017;100621;128.92;60;11308134997;S
20241017;100621;128.9;60;11308134998;S
20241017;100621;128.9;10;11308134999;S
20241017;100621;128.9;10;11308135000;S
20241017;100621;128.9;70;11308135001;S
20241017;100621;128.88;10;11308135002;S
20241017;100621;128.86;100;11308135003;S
20241017;100621;128.86;20;11308135004;S
20241017;100621;128.86;10;11308135005;S
20241017;100621;128.84;110;11308135006;S
20241017;100622;128.92;20;11308135196;B
20241017;100622;128.94;10;11308135230;B
20241017;100623;129;10;11308135353;B
20241017;100623;128.98;20;11308135511;B
20241017;100625;128.98;10;11308135684;B
20241017;100627;128.96;20;11308136233;B
20241017;100633;128.96;10;11308137531;S
20241017;100637;128.98;50;11308138369;B
20241017;100637;128.98;10;11308138451;B
20241017;100640;128.98;380;11308139146;B
20241017;100643;128.98;10;11308139682;S
20241017;100645;128.94;10;11308140263;S
20241017;100650;128.94;50;11308141469;B
20241017;100651;128.96;2000;11308141539;B
20241017;100651;129;80;11308141540;B
20241017;100651;129;240;11308141541;B
20241017;100655;128.9;10;11308142272;S
20241017;100655;128.86;90;11308142273;S
20241017;100655;128.84;60;11308142274;S
20241017;100655;128.84;50;11308142275;S
20241017;100655;128.84;10;11308142276;S
20241017;100655;128.82;10;11308142277;S
20241017;100655;128.82;20;11308142278;S
20241017;100703;128.8;10;11308143742;S
20241017;100705;128.98;380;11308144095;B
20241017;100708;128.98;10;11308144532;B
20241017;100710;128.82;20;11308144778;S
20241017;100710;128.8;10;11308144779;S
20241017;100710;128.8;20;11308144780;S
20241017;100710;128.8;10;11308144781;S
20241017;100710;128.8;50;11308144782;S
20241017;100710;128.78;10;11308144783;S
20241017;100710;128.78;80;11308144784;S
20241017;100711;128.98;20;11308145036;B
20241017;100711;128.98;770;11308145037;B
20241017;100711;128.98;10;11308145038;B
20241017;100711;128.98;230;11308145039;B
20241017;100711;129;470;11308145040;B
20241017;100712;129;60;11308145094;B
20241017;100714;128.98;20;11308145396;S
20241017;100714;128.98;10;11308145399;S
20241017;100714;128.98;10;11308145445;S
20241017;100714;128.98;50;11308145461;S
20241017;100721;129;10;11308146408;B
20241017;100728;129;20;11308147448;B
20241017;100730;129;50;11308147781;B
20241017;100735;129;100;11308148383;B
20241017;100735;128.98;40;11308148459;S
20241017;100737;128.98;100;11308148718;S
20241017;100738;129;10;11308148798;B
20241017;100738;129;10;11308148855;B
20241017;100744;129;30;11308149866;B
20241017;100745;129;50;11308150027;B
20241017;100746;129;10;11308150235;B
20241017;100751;129;10;11308150845;B
20241017;100754;129;10;11308151397;B
20241017;100756;129;10;11308151660;B
20241017;100800;129;50;11308152231;B
20241017;100801;128.98;60;11308152429;S
20241017;100801;128.98;10;11308152430;S
20241017;100801;128.98;50;11308152431;S
20241017;100801;128.98;200;11308152432;S
20241017;100805;128.98;10;11308152995;B
20241017;100808;128.98;50;11308153342;B
20241017;100810;128.94;100;11308153739;S
20241017;100822;128.94;10;11308155786;S
20241017;100824;128.98;150;11308156120;B
20241017;100826;128.94;40;11308156435;S
20241017;100826;128.94;60;11308156436;S
20241017;100829;128.98;10;11308156780;B
20241017;100835;128.98;50;11308157619;B
20241017;100836;128.94;350;11308157831;S
20241017;100836;128.94;10;11308157896;S
20241017;100842;128.98;10;11308158853;B
20241017;100843;128.98;20;11308158905;B
20241017;100844;128.98;10;11308159168;B
20241017;100849;128.98;10;11308160008;B
20241017;100856;128.96;50;11308161053;S
20241017;100900;128.96;10;11308161728;B
20241017;100902;128.96;10;11308162058;B
20241017;100902;128.98;30;11308162059;B
20241017;100902;128.98;300;11308162140;B
20241017;100905;128.98;30;11308162465;B
20241017;100905;128.98;20;11308162466;B
20241017;100906;128.98;50;11308162808;B
20241017;100907;128.98;80;11308163007;B
20241017;100919;128.98;10;11308165338;B
20241017;100923;128.98;20;11308166173;B
20241017;100928;128.98;50;11308167007;B
20241017;100933;128.98;70;11308167900;B
20241017;100934;128.98;10;11308167948;B
20241017;100935;128.98;10;11308168133;B
20241017;100938;128.98;80;11308168586;B
20241017;100939;128.96;10;11308168629;S
20241017;100942;128.98;150;11308169114;B
20241017;100942;129;10;11308169143;B
20241017;100943;129;20;11308169352;B
20241017;100944;128.98;100;11308169396;S
20241017;100944;128.98;300;11308169397;S
20241017;100944;128.98;10;11308169398;S
20241017;100949;128.98;50;11308170076;B
20241017;100950;128.98;30;11308170283;B
20241017;100957;128.96;100;11308171029;S
20241017;100957;128.96;10;11308171030;S
20241017;100957;128.98;10;11308171117;B
20241017;101000;128.98;100;11308171585;B
20241017;101001;128.98;50;11308171735;S
20241017;101002;129;60;11308171950;B
20241017;101002;129;50;11308171951;B
20241017;101002;129;50;11308171952;B
20241017;101002;129;50;11308171953;B
20241017;101002;129;50;11308171954;B
20241017;101013;129;80;11308173458;S
20241017;101016;129.02;10;11308173746;B
20241017;101024;129.02;150;11308175169;B
20241017;101029;129.06;50;11308175976;S
20241017;101030;129.04;10;11308176169;S
20241017;101031;129.08;10;11308176634;B
20241017;101033;129.08;190;11308176897;B
20241017;101033;129.1;60;11308176898;B
20241017;101033;129.12;90;11308176899;B
20241017;101033;129.12;70;11308176900;B
20241017;101033;129.14;70;11308176901;B
20241017;101033;129.16;290;11308176902;B
20241017;101033;129.2;460;11308176903;B
20241017;101033;129.24;20;11308176904;B
20241017;101033;129.26;310;11308176905;B
20241017;101033;129.3;540;11308176906;B
20241017;101033;129.3;400;11308176907;B
20241017;101033;129.32;100;11308176908;B
20241017;101033;129.36;10;11308176909;B
20241017;101033;129.36;70;11308176910;B
20241017;101033;129.38;320;11308176911;B
20241017;101035;129.24;10;11308177419;S
20241017;101039;129.24;30;11308178228;S
20241017;101039;129.22;30;11308178229;S
20241017;101039;129.22;100;11308178230;S
20241017;101039;129.1;20;11308178231;S
20241017;101044;129.36;10;11308179141;B
20241017;101107;129.26;40;11308182916;S
20241017;101107;129.14;40;11308182917;S
20241017;101109;129.32;10;11308183433;B
20241017;101109;129.32;10;11308183434;B
20241017;101109;129.34;130;11308183435;B
20241017;101114;129.2;10;11308184129;S
20241017;101115;129.16;50;11308184302;S
20241017;101116;129.3;10;11308184334;B
20241017;101116;129.34;40;11308184335;B
20241017;101118;129.32;100;11308184613;B
20241017;101124;129.32;70;11308185504;B
20241017;101125;129.32;100;11308185758;B
20241017;101134;129.18;140;11308186910;S
20241017;101134;129.18;10;11308186911;S
20241017;101134;129.18;50;11308186912;S
20241017;101134;129.16;50;11308186913;S
20241017;101134;129.14;20;11308186914;S
20241017;101134;129.14;350;11308186915;S
20241017;101135;129.26;20;11308187101;B
20241017;101135;129.28;80;11308187102;B
20241017;101136;129.28;10;11308187306;B
20241017;101150;129.28;50;11308189094;B
20241017;101150;129.28;10;11308189095;B
20241017;101150;129.3;30;11308189096;B
20241017;101204;129.18;20;11308191459;S
20241017;101204;129.18;20;11308191460;S
20241017;101204;129.18;40;11308191461;S
20241017;101204;129.16;20;11308191464;S
20241017;101204;129.16;30;11308191465;S
20241017;101204;129.16;10;11308191466;S
20241017;101204;129.16;90;11308191485;S
20241017;101204;129.16;540;11308191486;S
20241017;101204;129.14;20;11308191487;S
20241017;101204;129.14;300;11308191488;S
20241017;101204;129.1;200;11308191489;S
20241017;101204;129.1;50;11308191490;S
20241017;101204;129.08;400;11308191491;S
20241017;101204;129.08;20;11308191492;S
20241017;101204;129.06;400;11308191493;S
20241017;101204;129.06;20;11308191494;S
20241017;101204;129.04;540;11308191495;S
20241017;101204;129.04;770;11308191496;S
20241017;101204;129.02;10;11308191497;S
20241017;101204;129.02;370;11308191498;S
20241017;101204;129.02;870;11308191499;S
20241017;101204;129.06;60;11308191500;S
20241017;101204;129.02;130;11308191501;S
20241017;101204;129.02;110;11308191502;S
20241017;101209;129.18;160;11308192444;B
20241017;101221;129.06;10;11308194587;S
20241017;101221;129.06;50;11308194588;S
20241017;101221;129.06;140;11308194589;S
20241017;101231;129.18;10;11308196201;B
20241017;101231;129.2;50;11308196202;B
20241017;101231;129.2;60;11308196203;B
20241017;101231;129.22;100;11308196204;B
20241017;101243;129.22;30;11308197615;B
20241017;101247;129.24;150;11308198061;B
20241017;101248;129.2;100;11308198166;S
20241017;101249;129.2;40;11308198314;S
20241017;101307;129.12;40;11308200082;S
20241017;101318;129.12;50;11308201661;S
20241017;101325;129.1;30;11308202775;S
20241017;101325;129.1;50;11308202776;S
20241017;101325;129.1;30;11308202777;S
20241017;101325;129.08;10;11308202778;S
20241017;101325;129.08;20;11308202779;S
20241017;101325;129.08;30;11308202780;S
20241017;101325;129.06;130;11308202781;S
20241017;101325;129.04;260;11308202782;S
20241017;101325;129.02;100;11308202783;S
20241017;101325;129.02;10;11308202784;S
20241017;101325;129.02;50;11308202785;S
20241017;101325;129.02;40;11308202786;S
20241017;101325;129.02;50;11308202787;S
20241017;101325;129.02;10;11308202788;S
20241017;101325;129.02;100;11308202789;S
20241017;101325;129;10;11308202790;S
20241017;101325;129;10;11308202791;S
20241017;101325;129;200;11308202792;S
20241017;101325;129;50;11308202793;S
20241017;101325;129;10;11308202794;S
20241017;101325;129;20;11308202795;S
20241017;101325;129;400;11308202796;S
20241017;101326;129.18;50;11308202813;B
20241017;101326;129.2;50;11308202814;B
20241017;101326;129.2;50;11308202815;B
20241017;101330;129.16;40;11308203353;B
20241017;101330;129.18;10;11308203354;B
20241017;101331;129.02;70;11308203383;S
20241017;101331;129.02;50;11308203384;S
20241017;101331;129.02;60;11308203385;S
20241017;101338;129.18;40;11308204485;B
20241017;101338;129.18;10;11308204486;B
20241017;101345;129.18;10;11308205547;B
20241017;101348;129.18;40;11308206058;B
20241017;101348;129.18;60;11308206059;B
20241017;101348;129.18;50;11308206060;B
20241017;101352;129.2;50;11308206669;B
20241017;101352;129.2;20;11308206670;B
20241017;101356;129.2;80;11308207367;B
20241017;101401;129.2;40;11308207951;B
20241017;101401;129.2;10;11308207952;B
20241017;101402;129.2;20;11308208183;S
20241017;101407;129.06;50;11308208942;S
20241017;101407;129.06;30;11308208943;S
20241017;101407;129.04;770;11308208944;S
20241017;101407;129.04;50;11308208945;S
20241017;101407;129.02;10;11308208946;S
20241017;101410;129.1;20;11308209280;S
20241017;101416;129.16;30;11308209957;B
20241017;101416;129.16;10;11308209958;B
20241017;101416;129.16;40;11308209962;B
20241017;101416;129.16;40;11308209966;B
20241017;101416;129.16;40;11308209970;B
20241017;101427;129.16;10;11308211528;B
20241017;101437;129.16;40;11308213085;B
20241017;101437;129.16;30;11308213086;B
20241017;101437;129.18;80;11308213087;B
20241017;101440;129.06;10;11308213460;S
20241017;101440;129.04;20;11308213461;S
20241017;101440;129.04;20;11308213462;S
20241017;101440;129.02;10;11308213463;S
20241017;101440;129.02;140;11308213464;S
20241017;101440;129.02;50;11308213465;S
20241017;101440;129.02;20;11308213466;S
20241017;101440;129.02;10;11308213467;S
20241017;101440;129.02;50;11308213468;S
20241017;101440;129.02;10;11308213469;S
20241017;101440;129.02;350;11308213470;S
20241017;101440;129.02;20;11308213471;S
20241017;101440;129;100;11308213472;S
20241017;101440;129;70;11308213473;S
20241017;101440;129;1000;11308213474;S
20241017;101440;129;10;11308213475;S
20241017;101440;129;100;11308213476;S
20241017;101440;129;20;11308213477;S
20241017;101440;129;40;11308213478;S
20241017;101440;129;10;11308213479;S
20241017;101440;129;250;11308213480;S
20241017;101440;129;3070;11308213481;S
20241017;101440;129;50;11308213482;S
20241017;101440;129;100;11308213483;S
20241017;101440;129;40;11308213484;S
20241017;101440;129;40;11308213485;S
20241017;101440;129;200;11308213486;S
20241017;101440;129;10;11308213487;S
20241017;101440;129;100;11308213488;S
20241017;101440;129.02;20;11308213504;S
20241017;101440;129;80;11308213505;S
20241017;101443;129.06;180;11308213812;S
20241017;101443;129.02;40;11308213813;S
20241017;101443;129;4920;11308213814;S
20241017;101443;129;10;11308213815;S
20241017;101443;129;40;11308213816;S
20241017;101444;129;730;11308213949;S
20241017;101446;129.1;10;11308214176;B
20241017;101456;129;1950;11308215392;S
20241017;101456;129;10;11308215393;S
20241017;101456;129;40;11308215394;S
20241017;101500;129;240;11308215825;S
20241017;101502;129;10;11308216215;S
20241017;101502;129;120;11308216216;S
20241017;101510;129.08;10;11308218095;B
20241017;101511;129.02;10;11308218380;S
20241017;101515;129.08;10;11308219978;B
20241017;101516;129.04;10;11308220282;S
20241017;101516;129.02;10;11308220283;S
20241017;101516;129.02;30;11308220284;S
20241017;101516;129;10;11308220285;S
20241017;101517;129.08;20;11308220752;B
20241017;101517;129.1;40;11308220753;B
20241017;101517;129.16;60;11308220755;B
20241017;101517;129.14;60;11308220756;B
20241017;101517;129.14;40;11308220757;B
20241017;101517;129.16;20;11308220758;B
20241017;101517;129.18;60;11308220760;B
20241017;101517;129.18;30;11308220761;B
20241017;101517;129.2;30;11308220762;B
20241017;101517;129.2;60;11308220763;B
20241017;101517;129.2;10;11308220764;B
20241017;101517;129.24;10;11308220765;B
20241017;101517;129.24;40;11308220766;B
20241017;101518;129.24;60;11308221048;B
20241017;101518;129.24;10;11308221049;B
20241017;101518;129.24;50;11308221051;B
20241017;101518;129.24;40;11308221054;B
20241017;101518;129.24;60;11308221058;B
20241017;101518;129.24;60;11308221060;B
20241017;101518;129.24;60;11308221063;B
20241017;101518;129.06;40;11308221068;S
20241017;101518;129.24;60;11308221069;B
20241017;101520;129.24;60;11308221452;B
20241017;101520;129.24;60;11308221454;B
20241017;101520;129.24;20;11308221455;B
20241017;101520;129.24;20;11308221456;B
20241017;101520;129.24;60;11308221457;B
20241017;101520;129.24;60;11308221458;B
20241017;101520;129.06;40;11308221459;S
20241017;101520;129.24;60;11308221462;B
20241017;101520;129.24;60;11308221463;B
20241017;101520;129.26;60;11308221465;B
20241017;101520;129.06;20;11308221467;S
20241017;101520;129.06;20;11308221468;S
20241017;101521;129.26;40;11308221959;B
20241017;101521;129.28;20;11308221960;B
20241017;101521;129.28;60;11308221961;B
20241017;101521;129.28;60;11308221962;B
20241017;101521;129.28;60;11308221964;B
20241017;101521;129.28;60;11308221966;B
20241017;101521;129.28;60;11308221967;B
20241017;101521;129.28;60;11308221968;B
20241017;101521;129.28;60;11308221969;B
20241017;101522;129.06;10;11308222140;S
20241017;101526;129.28;40;11308223204;B
20241017;101526;129.28;20;11308223205;B
20241017;101526;129.28;60;11308223206;B
20241017;101526;129.28;60;11308223207;B
20241017;101526;129.28;20;11308223208;B
20241017;101526;129.3;20;11308223209;B
20241017;101526;129.28;60;11308223210;B
20241017;101530;129.3;10;11308224192;B
20241017;101530;129.3;60;11308224258;B
20241017;101530;129.3;60;11308224259;B
20241017;101530;129.3;60;11308224261;B
20241017;101530;129.24;10;11308224262;S
20241017;101530;129.14;30;11308224263;S
20241017;101530;129.14;40;11308224297;S
20241017;101530;129.26;40;11308224298;B
20241017;101530;129.26;60;11308224299;B
20241017;101530;129.26;60;11308224300;B
20241017;101530;129.26;60;11308224301;B
20241017;101531;129.14;30;11308224305;S
20241017;101532;129.3;40;11308224601;B
20241017;101532;129.3;60;11308224602;B
20241017;101532;129.3;60;11308224603;B
20241017;101532;129.3;60;11308224604;B
20241017;101532;129.12;10;11308224605;S
20241017;101532;129.12;40;11308224612;S
20241017;101532;129.3;40;11308224613;B
20241017;101532;129.3;60;11308224614;B
20241017;101532;129.3;60;11308224615;B
20241017;101538;129.3;20;11308226096;B
20241017;101541;129.26;60;11308226876;B
20241017;101541;129.26;40;11308226877;B
20241017;101541;129.28;60;11308226879;B
20241017;101541;129.28;60;11308226883;B
20241017;101541;129.14;40;11308226884;S
20241017;101541;129.14;40;11308226891;S
20241017;101541;129.28;40;11308226893;B
20241017;101541;129.28;60;11308226894;B
20241017;101541;129.28;60;11308226895;B
20241017;101541;129.14;40;11308226899;S
20241017;101541;129.28;10;11308227018;B
20241017;101541;129.14;10;11308227020;S
20241017;101542;129.28;10;11308227094;B
20241017;101542;129.26;40;11308227137;B
20241017;101542;129.26;20;11308227138;B
20241017;101542;129.26;60;11308227140;B
20241017;101542;129.26;60;11308227144;B
20241017;101542;129.26;40;11308227145;B
20241017;101542;129.26;60;11308227146;B
20241017;101542;129.26;60;11308227149;B
20241017;101542;129.26;60;11308227153;B
20241017;101542;129.12;40;11308227164;S
20241017;101548;129.24;40;11308228567;B
20241017;101548;129.24;20;11308228568;B
20241017;101548;129.28;50;11308228570;B
20241017;101548;129.28;10;11308228571;B
20241017;101548;129.12;40;11308228573;S
20241017;101548;129.28;60;11308228574;B
20241017;101548;129.28;60;11308228578;B
20241017;101548;129.28;60;11308228579;B
20241017;101548;129.28;60;11308228584;B
20241017;101548;129.28;60;11308228585;B
20241017;101548;129.12;10;11308228586;S
20241017;101548;129.1;30;11308228587;S
20241017;101550;129.26;30;11308228768;B
20241017;101550;129.26;30;11308228769;B
20241017;101550;129.26;60;11308228771;B
20241017;101550;129.26;40;11308228772;B
20241017;101550;129.26;60;11308228773;B
20241017;101550;129.3;60;11308228775;B
20241017;101550;129.3;60;11308228776;B
20241017;101550;129.12;40;11308228777;S
20241017;101550;129.12;10;11308228781;S
20241017;101550;129.12;30;11308228782;S
20241017;101550;129.3;40;11308228783;B
20241017;101551;129.28;40;11308228973;B
20241017;101551;129.12;40;11308229031;S
20241017;101551;129.12;40;11308229033;S
20241017;101551;129.28;40;11308229034;B
20241017;101551;129.12;40;11308229054;S
20241017;101551;129.28;40;11308229056;B
20241017;101551;129.12;30;11308229060;S
20241017;101551;129.1;10;11308229061;S
20241017;101551;129.26;40;11308229063;B
20241017;101551;129.26;20;11308229065;B
20241017;101551;129.28;40;11308229066;B
20241017;101552;129.12;40;11308229328;S
20241017;101552;129.28;40;11308229332;B
20241017;101552;129.12;30;11308229338;S
20241017;101552;129.1;10;11308229339;S
20241017;101552;129.3;40;11308229342;B
20241017;101557;129.28;20;11308230118;B
20241017;101605;129.1;20;11308231766;S
20241017;101605;129.1;20;11308231767;S
20241017;101605;129.26;40;11308231770;B
20241017;101616;129.22;20;11308233584;B
20241017;101616;129.24;30;11308233585;B
20241017;101617;129.14;20;11308233652;S
20241017;101617;129.12;10;11308233653;S
20241017;101617;129.08;10;11308233654;S
20241017;101617;129.24;40;11308233655;B
20241017;101619;129.24;30;11308233972;B
20241017;101624;129.12;10;11308234760;S
20241017;101624;129.1;20;11308234761;S
20241017;101624;129.1;10;11308234762;S
20241017;101624;129.26;20;11308234765;B
20241017;101624;129.26;20;11308234766;B
20241017;101624;129.24;10;11308234813;B
20241017;101624;129.08;10;11308234814;S
20241017;101624;129.08;50;11308234815;S
20241017;101624;129.06;140;11308234816;S
20241017;101624;129.06;10;11308234817;S
20241017;101624;129.06;30;11308234818;S
20241017;101624;129.04;10;11308234819;S
20241017;101624;129.04;10;11308234820;S
20241017;101624;129.04;30;11308234821;S
20241017;101624;129.04;100;11308234822;S
20241017;101624;129.02;540;11308234823;S
20241017;101624;129.02;50;11308234824;S
20241017;101624;129.02;20;11308234825;S
20241017;101625;129.04;30;11308234867;S
20241017;101625;129.02;20;11308234868;S
20241017;101625;129.02;540;11308234869;S
20241017;101625;129.02;770;11308234870;S
20241017;101625;129;70;11308234871;S
20241017;101625;129;10;11308234872;S
20241017;101625;129;640;11308234873;S
20241017;101625;129.04;10;11308234903;S
20241017;101625;129.02;20;11308234904;S
20241017;101625;129;10;11308234905;S
20241017;101625;129.18;40;11308234907;B
20241017;101627;129.12;60;11308235162;B
20241017;101627;129.14;140;11308235163;B
20241017;101627;129.02;10;11308235170;S
20241017;101627;129.02;30;11308235171;S
20241017;101627;129.1;20;11308235172;B
20241017;101627;129.14;10;11308235173;B
20241017;101627;129.16;10;11308235174;B
20241017;101627;129.08;30;11308235178;S
20241017;101627;129.04;10;11308235179;S
20241017;101627;129.16;10;11308235180;B
20241017;101627;129.16;10;11308235181;B
20241017;101627;129.18;20;11308235182;B
20241017;101627;129.18;20;11308235183;B
20241017;101627;129.18;10;11308235185;B
20241017;101627;129.2;30;11308235186;B
20241017;101627;129.02;30;11308235191;S
20241017;101627;129.02;10;11308235192;S
20241017;101627;129.18;10;11308235193;B
20241017;101627;129.2;30;11308235194;B
20241017;101628;129.2;60;11308235356;B
20241017;101628;129.2;50;11308235357;B
20241017;101628;129.04;20;11308235359;S
20241017;101628;129.04;20;11308235360;S
20241017;101630;129.24;30;11308235591;B
20241017;101633;129.06;10;11308236181;S
20241017;101642;129.16;10;11308237586;B
20241017;101642;129.2;10;11308237587;B
20241017;101642;129.2;180;11308237588;B
20241017;101645;129.06;20;11308238125;S
20241017;101645;129.06;20;11308238126;S
20241017;101645;129.06;10;11308238127;S
20241017;101645;129.06;20;11308238128;S
20241017;101645;129.06;50;11308238129;S
20241017;101645;129.04;20;11308238130;S
20241017;101645;129.04;30;11308238131;S
20241017;101645;129.04;50;11308238132;S
20241017;101645;129.02;140;11308238133;S
20241017;101645;129.02;20;11308238134;S
20241017;101645;129.02;30;11308238135;S
20241017;101645;129.02;770;11308238136;S
20241017;101645;129.02;270;11308238137;S
20241017;101645;129.02;40;11308238138;B
20241017;101645;129.02;20;11308238147;B
20241017;101647;129.02;50;11308238693;B
20241017;101655;129.02;100;11308239528;B
20241017;101700;129.02;110;11308240072;B
20241017;101701;129.02;10;11308240156;B
20241017;101702;129.02;170;11308240340;B
20241017;101703;129.02;500;11308240406;B
20241017;101710;129.02;30;11308241038;B
20241017;101716;129;90;11308241683;S
20241017;101718;129.02;1000;11308241923;B
20241017;101719;129.02;150;11308241974;B
20241017;101720;129;20;11308242163;S
20241017;101722;129;240;11308242348;S
20241017;101722;129;50;11308242349;S
20241017;101722;129;110;11308242350;S
20241017;101728;129;80;11308243468;S
20241017;101728;129;10;11308243469;S
20241017;101728;129;10;11308243470;S
20241017;101728;129;10;11308243471;S
20241017;101728;129;100;11308243472;S
20241017;101728;129;10;11308243473;S
20241017;101728;129;10;11308243474;S
20241017;101728;129;100;11308243475;S
20241017;101728;129;670;11308243476;S
20241017;101732;129.02;10;11308243997;B
20241017;101732;129;230;11308244123;S
20241017;101744;129.02;10;11308246007;B
20241017;101746;129.02;10;11308246241;B
20241017;101750;129.02;10;11308246780;B
20241017;101751;129.02;10;11308246945;B
20241017;101754;129;100;11308247445;S
20241017;101754;129;400;11308247446;S
20241017;101754;129;340;11308247447;S
20241017;101754;129;100;11308247448;S
20241017;101754;129;1240;11308247449;S
20241017;101754;129;10;11308247450;S
20241017;101754;129;10;11308247451;S
20241017;101754;129;100;11308247452;S
20241017;101754;129;10;11308247453;S
20241017;101754;129;10;11308247454;S
20241017;101755;129.02;20;11308247558;B
20241017;101758;129.02;10;11308248008;B
20241017;101758;129;540;11308248039;S
20241017;101801;129.02;10;11308248553;B
20241017;101804;129.02;10;11308249129;B
20241017;101808;129.02;100;11308249635;B
20241017;101809;129.02;470;11308249875;B
20241017;101817;129;40;11308251346;S
20241017;101825;129.02;10;11308252961;B
20241017;101825;129.02;10;11308252976;B
20241017;101826;129.02;430;11308253184;B
20241017;101827;129.02;20;11308253276;B
20241017;101831;129.02;20;11308253821;B
20241017;101831;129.02;30;11308253995;B
20241017;101832;129.02;10;11308254150;B
20241017;101832;129.02;170;11308254153;B
20241017;101833;129;180;11308254396;S
20241017;101833;129;10;11308254397;S
20241017;101833;129;30;11308254398;S
20241017;101833;129;10;11308254399;S
20241017;101833;129;70;11308254400;S
20241017;101833;129;10;11308254401;S
20241017;101835;129;260;11308254678;S
20241017;101837;129;90;11308254848;S
20241017;101842;129.02;10;11308255878;B
20241017;101844;129;40;11308256074;S
20241017;101844;129;610;11308256075;S
20241017;101844;129;10;11308256076;S
20241017;101844;129;90;11308256077;S
20241017;101844;129;40;11308256083;S
20241017;101844;129;40;11308256085;S
20241017;101844;129.02;20;11308256086;B
20241017;101846;129.02;170;11308256348;B
20241017;101846;129.02;40;11308256349;S
20241017;101846;129.08;20;11308256350;B
20241017;101846;129.08;20;11308256351;B
20241017;101846;129.02;40;11308256353;S
20241017;101846;129.1;40;11308256355;B
20241017;101846;129.02;40;11308256356;S
20241017;101846;129.1;40;11308256357;B
20241017;101846;129.02;40;11308256358;S
20241017;101846;129.1;40;11308256359;B
20241017;101846;129.1;20;11308256484;B
20241017;101846;129.1;10;11308256485;B
20241017;101846;129.1;970;11308256486;B
20241017;101847;129.1;40;11308256505;B
20241017;101847;129.02;40;11308256507;S
20241017;101847;129.02;40;11308256510;S
20241017;101847;129.1;40;11308256512;B
20241017;101847;129.02;40;11308256518;S
20241017;101847;129.1;40;11308256523;B
20241017;101848;129.1;40;11308256657;B
20241017;101848;129.02;30;11308256668;S
20241017;101848;129.02;10;11308256669;S
20241017;101848;129.02;40;11308256694;S
20241017;101848;129.1;40;11308256700;B
20241017;101848;129.02;40;11308256717;S
20241017;101848;129.1;40;11308256720;B
20241017;101849;129.1;40;11308256904;B
20241017;101849;129.02;40;11308256905;S
20241017;101849;129.02;40;11308256907;S
20241017;101849;129.1;40;11308256908;B
20241017;101849;129.02;40;11308256911;S
20241017;101849;129.1;40;11308256912;B
20241017;101850;129.1;40;11308257133;B
20241017;101850;129.02;40;11308257134;S
20241017;101850;129.02;40;11308257135;S
20241017;101850;129.1;40;11308257136;B
20241017;101850;129.02;40;11308257139;S
20241017;101850;129.1;40;11308257141;B
20241017;101851;129.1;40;11308257239;B
20241017;101851;129.02;40;11308257240;S
20241017;101851;129.02;40;11308257247;S
20241017;101851;129.1;40;11308257248;B
20241017;101855;129.1;20;11308257843;B
20241017;101856;129.1;10;11308258222;B
20241017;101859;129.08;40;11308258651;B
20241017;101859;129.1;10;11308258652;B
20241017;101901;129.1;200;11308258892;B
20241017;101904;129.1;70;11308259572;B
20241017;101910;129.1;50;11308260489;B
20241017;101914;129.1;10;11308261072;B
20241017;101945;129.1;10;11308266219;B
20241017;101956;129.1;50;11308268471;B
20241017;102009;129.08;50;11308271155;B
20241017;102014;129.04;10;11308272202;S
20241017;102014;129.04;370;11308272203;S
20241017;102015;129.08;10;11308272374;B
20241017;102016;129.08;10;11308272683;B
20241017;102022;129.08;10;11308274336;B
20241017;102028;129.08;100;11308276143;B
20241017;102039;129.08;10;11308280245;B
20241017;102044;129.04;230;11308281785;S
20241017;102044;129.04;10;11308281786;S
20241017;102044;129.04;10;11308281787;S
20241017;102044;129.04;10;11308281788;S
20241017;102044;129.04;10;11308281789;S
20241017;102044;129.02;10;11308281790;S
20241017;102044;129.02;10;11308281791;S
20241017;102044;129.02;90;11308281792;S
20241017;102045;129.08;100;11308282013;B
20241017;102045;129.08;10;11308282014;B
20241017;102054;129.08;10;11308284748;B
20241017;102054;129.08;290;11308284749;B
20241017;102054;129.08;30;11308284977;B
20241017;102103;129.02;700;11308287996;S
20241017;102105;129.08;50;11308288148;B
20241017;102109;129.08;30;11308289365;B
20241017;102114;129.08;10;11308290533;B
20241017;102119;129.02;50;11308291748;S
20241017;102120;129.08;40;11308292118;B
20241017;102123;129.08;30;11308292608;B
20241017;102129;129.06;500;11308294282;S
20241017;102129;129.06;400;11308294283;S
20241017;102129;129.02;1160;11308294284;S
20241017;102129;129.02;10;11308294285;S
20241017;102129;129.02;110;11308294286;S
20241017;102129;129.02;100;11308294287;S
20241017;102129;129.02;100;11308294288;S
20241017;102129;129.02;20;11308294289;S
20241017;102129;129;130;11308294290;S
20241017;102129;129;1300;11308294291;S
20241017;102129;129;140;11308294292;S
20241017;102129;129;10;11308294293;S
20241017;102129;129;20;11308294294;S
20241017;102129;129;40;11308294295;S
20241017;102129;129;500;11308294296;S
20241017;102129;129;360;11308294297;S
20241017;102129;129;100;11308294298;S
20241017;102130;129.08;10;11308294666;B
20241017;102138;129.08;10;11308296657;B
20241017;102146;129;10;11308299017;S
20241017;102146;129;500;11308299073;S
20241017;102148;129;9470;11308299514;S
20241017;102148;129;10;11308299515;S
20241017;102148;129;20;11308299516;S
20241017;102148;129;20;11308299517;S
20241017;102158;129.08;10;11308302805;B
20241017;102158;129.08;90;11308302940;B
20241017;102158;129.08;20;11308302941;B
20241017;102158;129.1;40;11308302942;B
20241017;102158;129.1;140;11308302943;B
20241017;102158;129.12;500;11308302944;B
20241017;102158;129.14;210;11308302945;B
20241017;102228;129.14;10;11308312255;B
20241017;102239;129.14;30;11308315324;B
20241017;102245;129.02;10;11308316787;S
20241017;102307;129.1;10;11308322427;B
20241017;102318;129.1;10;11308325408;B
20241017;102320;129.1;10;11308326114;B
20241017;102320;129.12;1000;11308326115;B
20241017;102320;129.12;10;11308326116;B
20241017;102320;129.14;10;11308326117;B
20241017;102320;129.14;300;11308326118;B
20241017;102320;129.16;20;11308326119;B
20241017;102320;129.18;10;11308326120;B
20241017;102320;129.2;140;11308326121;B
20241017;102331;129.2;10;11308328993;B
20241017;102337;129.18;40;11308330548;S
20241017;102337;129.18;40;11308330571;S
20241017;102337;129.24;20;11308330575;B
20241017;102337;129.22;300;11308330721;B
20241017;102348;129.22;20;11308334505;B
20241017;102355;129.22;280;11308335781;B
20241017;102355;129.22;20;11308335782;B
20241017;102404;129.22;40;11308337426;B
20241017;102406;129.22;10;11308337796;B
20241017;102423;129.18;10;11308341012;S
20241017;102426;129.18;10;11308341430;S
20241017;102426;129.14;50;11308341431;S
20241017;102426;129.12;50;11308341432;S
20241017;102426;129.12;190;11308341433;S
20241017;102426;129.1;50;11308341434;S
20241017;102426;129.1;20;11308341435;S
20241017;102426;129.06;70;11308341436;S
20241017;102426;129.06;20;11308341437;S
20241017;102426;129.06;20;11308341438;S
20241017;102426;129.04;1000;11308341439;S
20241017;102426;129.04;10;11308341440;S
20241017;102426;129.04;10;11308341441;S
20241017;102426;129.04;50;11308341442;S
20241017;102426;129.02;100;11308341443;S
20241017;102426;129.02;100;11308341444;S
20241017;102426;129.02;100;11308341445;S
20241017;102426;129.02;20;11308341446;S
20241017;102426;129.02;50;11308341447;S
20241017;102426;129;46940;11308341448;S
20241017;102426;129;1080;11308341449;S
20241017;102426;129;10;11308341450;S
20241017;102426;129;10;11308341451;S
20241017;102426;129;10;11308341452;S
20241017;102426;129;10;11308341453;S
20241017;102426;129;20;11308341454;S
20241017;102428;129.02;30;11308341718;S
20241017;102428;129;470;11308341719;S
20241017;102434;129.1;10;11308342617;B
20241017;102434;129.1;10;11308342618;B
20241017;102434;129.12;80;11308342619;B
20241017;102443;129.04;10;11308344195;B
20241017;102443;129.02;500;11308344306;S
20241017;102449;129.02;160;11308345165;B
20241017;102449;129.02;20;11308345166;B
20241017;102449;129.04;20;11308345167;B
20241017;102503;129.1;30;11308347052;B
20241017;102503;129.12;110;11308347053;B
20241017;102503;129.12;30;11308347054;B
20241017;102503;129.16;330;11308347055;B
20241017;102554;129.14;10;11308352875;B
20241017;102555;129.16;20;11308352951;B
20241017;102555;129.14;10;11308352954;B
20241017;102603;129.18;100;11308354093;B
20241017;102614;129.18;80;11308355486;B
20241017;102617;129.18;320;11308355926;B
20241017;102623;129.2;100;11308356807;B
20241017;102632;129.18;250;11308358138;S
20241017;102637;129.2;10;11308358729;B
20241017;102639;129.2;50;11308359170;B
20241017;102644;129.2;140;11308359699;B
20241017;102648;129.22;100;11308360094;B
20241017;102648;129.22;250;11308360095;B
20241017;102648;129.22;30;11308360101;S
20241017;102648;129.2;10;11308360102;S
20241017;102648;129.24;40;11308360103;B
20241017;102650;129.2;50;11308360474;S
20241017;102658;129.2;30;11308361448;B
20241017;102701;129.18;430;11308361861;S
20241017;102701;129.18;150;11308361862;S
20241017;102706;129.18;400;11308362701;S
20241017;102717;129.18;570;11308363997;B
20241017;102738;129.18;30;11308366624;B
20241017;102748;129.18;20;11308368131;B
20241017;102748;129.18;10;11308368132;B
20241017;102748;129.2;10;11308368141;B
20241017;102749;129.2;40;11308368182;B
20241017;102750;129.2;10;11308368285;B
20241017;102757;129.18;10;11308369176;S
20241017;102811;129.2;60;11308370967;B
20241017;102811;129.2;200;11308370968;B
20241017;102811;129.2;30;11308370969;B
20241017;102811;129.2;780;11308370970;B
20241017;102817;129.2;200;11308371823;S
20241017;102820;129.24;30;11308372285;B
20241017;102820;129.28;370;11308372286;B
20241017;102825;129.2;80;11308373117;S
20241017;102833;129.3;10;11308374077;B
20241017;102834;129.24;300;11308374095;S
20241017;102856;129.3;50;11308376700;B
20241017;102902;129.3;340;11308377472;B
20241017;102902;129.3;100;11308377473;B
20241017;102902;129.32;400;11308377474;B
20241017;102902;129.32;160;11308377475;B
20241017;102902;129.32;770;11308377476;B
20241017;102902;129.34;200;11308377477;B
20241017;102902;129.34;70;11308377478;B
20241017;102902;129.34;830;11308377479;B
20241017;102902;129.36;10;11308377480;B
20241017;102902;129.36;850;11308377481;B
20241017;102902;129.36;300;11308377482;B
20241017;102902;129.38;360;11308377483;B
20241017;102903;129.3;10;11308377531;B
20241017;102903;129.3;20;11308377576;B
20241017;102903;129.32;770;11308377577;B
20241017;102903;129.34;100;11308377578;B
20241017;102903;129.34;40;11308377579;S
20241017;102903;129.36;40;11308377580;B
20241017;102903;129.34;40;11308377585;S
20241017;102903;129.34;40;11308377589;S
20241017;102903;129.34;40;11308377590;S
20241017;102903;129.34;40;11308377594;S
20241017;102903;129.34;40;11308377600;S
20241017;102903;129.34;40;11308377609;S
20241017;102903;129.36;40;11308377612;B
20241017;102903;129.34;40;11308377614;S
20241017;102903;129.36;40;11308377615;B
20241017;102903;129.34;40;11308377619;S
20241017;102903;129.36;40;11308377620;B
20241017;102905;129.38;40;11308377757;B
20241017;102905;129.34;40;11308377759;S
20241017;102905;129.34;40;11308377760;S
20241017;102905;129.36;40;11308377761;B
20241017;102905;129.34;40;11308377762;S
20241017;102905;129.36;40;11308377763;B
20241017;102906;129.38;40;11308377887;B
20241017;102906;129.34;40;11308377888;S
20241017;102906;129.34;40;11308377890;S
20241017;102906;129.36;40;11308377891;B
20241017;102906;129.34;40;11308377893;S
20241017;102906;129.36;40;11308377897;B
20241017;102907;129.38;40;11308377994;B
20241017;102907;129.34;40;11308377995;S
20241017;102909;129.38;20;11308378243;B
20241017;102909;129.38;210;11308378283;B
20241017;102914;129.38;40;11308378759;B
20241017;102920;129.36;20;11308379520;S
20241017;102920;129.36;20;11308379521;S
20241017;102920;129.36;20;11308379522;S
20241017;102920;129.36;20;11308379523;S
20241017;102920;129.36;20;11308379524;S
20241017;102923;129.38;10;11308379828;B
20241017;102938;129.38;50;11308382069;B
20241017;102941;129.34;390;11308382305;S
20241017;102941;129.34;110;11308382306;S
20241017;102945;129.3;10;11308382696;S
20241017;102958;129.3;10;11308384424;S
20241017;102958;129.3;10;11308384513;S
20241017;102959;129.36;10;11308384566;B
20241017;102959;129.36;10;11308384632;B
20241017;103003;129.36;10;11308385945;B
20241017;103013;129.36;240;11308388841;B
20241017;103013;129.36;770;11308388842;B
20241017;103013;129.38;340;11308388843;B
20241017;103021;129.3;10;11308390085;S
20241017;103021;129.3;20;11308390086;S
20241017;103021;129.3;120;11308390087;S
20241017;103022;129.36;20;11308390176;B
20241017;103022;129.36;100;11308390206;B
20241017;103035;129.36;10;11308392113;B
20241017;103035;129.36;10;11308392114;B
20241017;103035;129.38;980;11308392115;B
20241017;103040;129.36;60;11308392676;B
20241017;103053;129.36;10;11308394296;B
20241017;103102;129.36;10;11308395248;B
20241017;103102;129.36;20;11308395319;B
20241017;103102;129.36;20;11308395320;B
20241017;103102;129.38;10;11308395321;B
20241017;103104;129.36;20;11308395521;B
20241017;103121;129.3;10;11308397660;S
20241017;103121;129.3;80;11308397661;S
20241017;103121;129.28;120;11308397662;S
20241017;103121;129.26;190;11308397663;S
20241017;103121;129.26;60;11308397664;S
20241017;103121;129.26;120;11308397665;S
20241017;103121;129.24;220;11308397666;S
20241017;103126;129.36;10;11308398214;B
20241017;103126;129.36;140;11308398215;B
20241017;103126;129.36;110;11308398216;B
20241017;103126;129.38;460;11308398217;B
20241017;103126;129.38;2060;11308398218;B
20241017;103134;129.36;50;11308399358;B
20241017;103134;129.36;20;11308399359;B
20241017;103134;129.38;50;11308399360;B
20241017;103134;129.38;40;11308399361;B
20241017;103134;129.38;100;11308399362;B
20241017;103134;129.38;50;11308399363;B
20241017;103134;129.38;10;11308399364;B
20241017;103134;129.38;80;11308399365;B
20241017;103136;129.38;100;11308399489;S
20241017;103143;129.38;500;11308400261;S
20241017;103143;129.32;70;11308400280;S
20241017;103143;129.3;140;11308400281;S
20241017;103143;129.3;70;11308400282;S
20241017;103143;129.26;300;11308400283;S
20241017;103143;129.24;80;11308400284;S
20241017;103143;129.24;350;11308400285;S
20241017;103143;129.22;400;11308400286;S
20241017;103143;129.22;100;11308400287;S
20241017;103143;129.2;20;11308400288;S
20241017;103143;129.2;140;11308400289;S
20241017;103143;129.2;10;11308400290;S
20241017;103143;129.2;100;11308400291;S
20241017;103143;129.2;500;11308400292;S
20241017;103143;129.18;100;11308400293;S
20241017;103143;129.14;10;11308400294;S
20241017;103143;129.14;10;11308400295;S
20241017;103152;129.34;10;11308401403;B
20241017;103207;129.18;10;11308403451;S
20241017;103220;129.32;10;11308404934;B
20241017;103225;129.16;40;11308405484;S
20241017;103225;129.14;10;11308405485;S
20241017;103232;129.18;40;11308406127;S
20241017;103238;129.32;50;11308406780;B
20241017;103238;129.34;50;11308406781;B
20241017;103252;129.32;10;11308408172;B
20241017;103255;129.18;10;11308408501;S
20241017;103313;129.32;100;11308410476;B
20241017;103339;129.3;30;11308413851;B
20241017;103339;129.34;10;11308413852;B
20241017;103344;129.2;40;11308414546;S
20241017;103349;129.2;10;11308415479;B
20241017;103352;129.18;20;11308416006;S
20241017;103352;129.18;20;11308416007;S
20241017;103352;129.18;10;11308416008;S
20241017;103352;129.16;20;11308416009;S
20241017;103353;129.14;30;11308416022;S
20241017;103353;129.14;20;11308416025;S
20241017;103353;129.14;10;11308416026;S
20241017;103353;129.14;20;11308416027;S
20241017;103353;129.14;10;11308416028;S
20241017;103353;129.14;10;11308416029;S
20241017;103353;129.14;40;11308416030;S
20241017;103353;129.2;100;11308416048;B
20241017;103353;129.14;10;11308416061;S
20241017;103353;129.14;20;11308416062;S
20241017;103353;129.14;350;11308416063;S
20241017;103353;129.14;220;11308416066;S
20241017;103353;129.14;300;11308416069;S
20241017;103353;129.12;20;11308416070;S
20241017;103353;129.12;20;11308416071;S
20241017;103353;129.12;100;11308416072;S
20241017;103353;129.12;50;11308416073;S
20241017;103353;129.1;100;11308416074;S
20241017;103353;129.1;40;11308416075;S
20241017;103353;129.1;20;11308416076;S
20241017;103353;129.1;50;11308416077;S
20241017;103354;129.1;30;11308416170;B
20241017;103355;129.1;10;11308416255;B
20241017;103359;129.08;20;11308416805;S
20241017;103400;129.1;1000;11308416919;B
20241017;103405;129.1;10;11308417461;B
20241017;103407;129.1;340;11308417916;B
20241017;103407;129.1;660;11308417917;B
20241017;103410;129.1;10;11308418187;B
20241017;103411;129.1;50;11308418290;B
20241017;103411;129.1;90;11308418297;B
20241017;103411;129.1;10;11308418298;B
20241017;103416;129.1;1820;11308418776;B
20241017;103416;129.1;180;11308418777;B
20241017;103419;129.1;10;11308419096;B
20241017;103421;129.1;10;11308419470;B
20241017;103422;129.1;250;11308419531;B
20241017;103427;129.1;10;11308420591;B
20241017;103431;129.08;30;11308421132;S
20241017;103431;129.08;10;11308421133;S
20241017;103431;129.08;310;11308421134;S
20241017;103431;129.1;390;11308421184;B
20241017;103431;129.1;210;11308421185;B
20241017;103438;129.1;300;11308422392;B
20241017;103438;129.1;20;11308422393;B
20241017;103443;129.1;10;11308423249;B
20241017;103447;129.08;120;11308423910;S
20241017;103447;129.08;70;11308423911;S
20241017;103447;129.08;70;11308423912;S
20241017;103447;129.06;570;11308423913;S
20241017;103447;129.06;20;11308423914;S
20241017;103447;129.06;380;11308423915;S
20241017;103447;129.06;10;11308423916;S
20241017;103447;129.06;300;11308423917;S
20241017;103447;129.06;70;11308423918;S
20241017;103447;129.04;10;11308423919;S
20241017;103447;129.04;30;11308423920;S
20241017;103447;129.04;10;11308423921;S
20241017;103447;129.04;30;11308423922;S
20241017;103447;129.04;20;11308423923;S
20241017;103447;129.04;20;11308423924;S
20241017;103447;129.04;20;11308423925;S
20241017;103447;129.04;150;11308423926;S
20241017;103450;129.1;50;11308424297;B
20241017;103500;129.1;150;11308426382;B
20241017;103512;129.08;50;11308428426;S
20241017;103521;129.1;10;11308429761;B
20241017;103521;129.16;40;11308429762;B
20241017;103527;129.18;60;11308430617;B
20241017;103527;129.22;40;11308430618;B
20241017;103527;129.24;100;11308430619;B
20241017;103527;129.24;40;11308430620;B
20241017;103527;129.26;60;11308430621;B
20241017;103527;129.26;50;11308430622;B
20241017;103527;129.28;10;11308430623;B
20241017;103527;129.28;20;11308430624;B
20241017;103527;129.28;420;11308430625;B
20241017;103546;129.14;10;11308432914;S
20241017;103546;129.12;180;11308432915;S
20241017;103546;129.12;10;11308432916;S
20241017;103546;129.1;10;11308432917;S
20241017;103546;129.1;10;11308432918;S
20241017;103546;129.1;420;11308432919;S
20241017;103546;129.1;490;11308432920;S
20241017;103546;129.08;770;11308432921;S
20241017;103546;129.08;1000;11308432922;S
20241017;103546;129.08;300;11308432923;S
20241017;103546;129.08;100;11308432924;S
20241017;103546;129.04;150;11308432925;S
20241017;103546;129.04;10;11308432926;S
20241017;103546;129.04;10;11308432927;S
20241017;103546;129.04;20;11308432928;S
20241017;103546;129.04;10;11308432929;S
20241017;103546;129.04;10;11308432930;S
20241017;103546;129.04;50;11308432931;S
20241017;103546;129.02;20;11308432932;S
20241017;103546;129.02;10;11308432933;S
20241017;103546;129.02;10;11308432934;S
20241017;103546;129.02;2500;11308432935;S
20241017;103546;129.02;13900;11308432936;S
20241017;103546;129.04;220;11308432937;S
20241017;103546;129.04;300;11308432938;S
20241017;103546;129.04;100;11308432939;S
20241017;103619;129.12;50;11308439753;B
20241017;103619;129.14;10;11308439754;B
20241017;103619;129.14;10;11308439755;B
20241017;103620;129.16;10;11308439857;B
20241017;103639;129.16;100;11308442278;B
20241017;103703;129.18;10;11308444685;B
20241017;103708;129.2;10;11308445301;B
20241017;103717;129.2;10;11308446336;B
20241017;103744;129.2;10;11308449749;B
20241017;103804;129.12;30;11308452296;S
20241017;103804;129.12;10;11308452297;S
20241017;103808;129.1;10;11308452759;S
20241017;103808;129.1;10;11308452795;S
20241017;103808;129.1;20;11308452796;S
