<DATE>;<TIME>;<LAST>;<VOL>;<ID>;<OPER>
20241021;095936;125.98;10;11318102843;B
20241021;095936;125.98;10;11318102844;B
20241021;095936;125.98;10;11318102845;B
20241021;095936;125.98;10;11318102846;B
20241021;095936;125.98;300;11318102847;S
20241021;095936;125.98;100;11318102848;S
20241021;095936;125.98;200;11318102849;S
20241021;095936;125.98;20;11318102850;B
20241021;095936;125.98;50;11318102851;B
20241021;095936;125.98;230;11318102852;S
20241021;095936;125.98;20;11318102853;S
20241021;095936;125.98;70;11318102854;S
20241021;095936;125.98;10;11318102855;S
20241021;095936;125.98;1550;11318102856;S
20241021;095936;125.98;8370;11318102857;S
20241021;095936;125.98;10;11318102858;S
20241021;095936;125.98;30;11318102859;S
20241021;095936;125.98;5000;11318102860;S
20241021;095936;125.98;80;11318102861;S
20241021;095936;125.98;10;11318102862;S
20241021;095936;125.98;800;11318102863;S
20241021;095936;125.98;10;11318102864;S
20241021;095936;125.98;500;11318102865;S
20241021;095936;125.98;10;11318102866;S
20241021;095936;125.98;10;11318102867;S
20241021;095936;125.98;710;11318102868;S
20241021;095936;125.98;20;11318102869;S
20241021;095936;125.98;10;11318102870;S
20241021;095936;125.98;10;11318102871;S
20241021;095936;125.98;10;11318102872;S
20241021;095936;125.98;150;11318102873;S
20241021;095936;125.98;100;11318102874;S
20241021;095936;125.98;30;11318102875;S
20241021;095936;125.98;10;11318102876;S
20241021;095936;125.98;90;11318102877;S
20241021;095936;125.98;10;11318102878;S
20241021;095936;125.98;10;11318102879;S
20241021;095936;125.98;20;11318102880;S
20241021;095936;125.98;10;11318102881;S
20241021;095936;125.98;100;11318102882;S
20241021;095936;125.98;10;11318102883;S
20241021;095936;125.98;10;11318102884;S
20241021;095936;125.98;7860;11318102885;S
20241021;095936;125.98;200;11318102886;B
20241021;095936;125.98;10;11318102887;B
20241021;095936;125.98;10;11318102888;B
20241021;095936;125.98;10;11318102889;B
20241021;095936;125.98;20;11318102890;B
20241021;095936;125.98;20;11318102891;B
20241021;095936;125.98;20;11318102892;B
20241021;095936;125.98;420;11318102893;B
20241021;095936;125.98;20;11318102894;B
20241021;095936;125.98;30;11318102895;B
20241021;095936;125.98;30;11318102896;B
20241021;095936;125.98;30;11318102897;B
20241021;095936;125.98;10;11318102898;S
20241021;095936;125.98;2810;11318102899;S
20241021;095936;125.98;250;11318102900;S
20241021;095936;125.98;10;11318102901;S
20241021;095936;125.98;250;11318102902;S
20241021;095936;125.98;60;11318102903;S
20241021;095936;125.98;2000;11318102904;S
20241021;095936;125.98;10;11318102905;S
20241021;095936;125.98;10;11318102906;S
20241021;095936;125.98;10;11318102907;S
20241021;095936;125.98;20;11318102908;S
20241021;095936;125.98;10;11318102909;S
20241021;095936;125.98;10;11318102910;S
20241021;100000;125.98;10;11318112028;B
20241021;100000;125.84;10;11318112157;S
20241021;100000;125.84;30;11318112158;S
20241021;100001;125.96;60;11318112596;B
20241021;100001;125.98;660;11318112734;B
20241021;100001;125.98;700;11318112739;B
20241021;100001;125.88;10;11318112768;S
20241021;100001;125.98;1870;11318112816;B
20241021;100001;126;100;11318112817;B
20241021;100001;126;10;11318112818;B
20241021;100001;126.1;20;11318112819;B
20241021;100005;126.1;10;11318117462;B
20241021;100005;126.1;10;11318117468;B
20241021;100006;126;10;11318120300;S
20241021;100006;126.1;10;11318122531;B
20241021;100007;126;40;11318123140;S
20241021;100007;125.92;460;11318123141;S
20241021;100007;126.1;10;11318123146;B
20241021;100007;126.1;100;11318123152;B
20241021;100007;125.88;50;11318126896;S
20241021;100009;126.1;10;11318131398;B
20241021;100009;125.88;30;11318131403;S
20241021;100009;125.84;30;11318131404;S
20241021;100009;125.68;60;11318131999;S
20241021;100009;125.68;140;11318132011;S
20241021;100009;126.08;30;11318133009;B
20241021;100010;126.08;500;11318133092;B
20241021;100010;125.64;10;11318134124;S
20241021;100010;126.08;10;11318134767;B
20241021;100010;125.64;780;11318134936;S
20241021;100010;125.64;550;11318134937;S
20241021;100010;125.62;10;11318134938;S
20241021;100010;125.62;70;11318134939;S
20241021;100010;125.68;390;11318134983;S
20241021;100011;125.68;350;11318135111;S
20241021;100013;125.62;140;11318135895;S
20241021;100014;126.06;70;11318136099;B
20241021;100014;126.08;560;11318136100;B
20241021;100014;126.1;220;11318136101;B
20241021;100014;126.1;10;11318136102;B
20241021;100014;126.1;300;11318136103;B
20241021;100014;126.1;300;11318136104;B
20241021;100014;126.16;120;11318136105;B
20241021;100014;125.88;10;11318136455;B
20241021;100016;125.76;310;11318136832;S
20241021;100016;125.74;90;11318136833;S
20241021;100018;125.88;250;11318137300;B
20241021;100019;125.74;310;11318137489;S
20241021;100019;125.72;60;11318137490;S
20241021;100019;125.68;80;11318137491;S
20241021;100019;125.66;10;11318137492;S
20241021;100019;125.64;790;11318137493;S
20241021;100019;125.64;560;11318137494;S
20241021;100019;125.62;400;11318137495;S
20241021;100019;125.62;160;11318137496;S
20241021;100019;125.6;1000;11318137497;S
20241021;100019;125.6;30;11318137498;S
20241021;100019;125.58;10;11318137499;S
20241021;100019;125.54;190;11318137500;S
20241021;100019;125.68;790;11318137557;S
20241021;100019;125.66;1920;11318137558;S
20241021;100022;125.62;10;11318138919;S
20241021;100022;125.64;400;11318138952;S
20241021;100022;125.62;300;11318138953;S
20241021;100022;125.6;20;11318138954;S
20241021;100022;125.52;80;11318138955;S
20241021;100022;125.5;10;11318138956;S
20241021;100022;125.5;190;11318138957;S
20241021;100023;125.52;200;11318139194;S
20241021;100023;125.52;100;11318139407;S
20241021;100023;125.52;10;11318139430;S
20241021;100023;125.52;10;11318139459;S
20241021;100024;125.6;230;11318139629;S
20241021;100026;125.58;50;11318140355;S
20241021;100027;125.84;10;11318140592;B
20241021;100028;125.58;50;11318140937;S
20241021;100028;125.78;560;11318141058;B
20241021;100028;125.8;400;11318141059;B
20241021;100028;125.8;60;11318141060;B
20241021;100029;125.88;20;11318141082;B
20241021;100029;125.86;1000;11318141092;S
20241021;100029;125.88;400;11318141098;B
20241021;100031;125.88;250;11318141926;B
20241021;100032;125.88;160;11318142058;B
20241021;100033;125.92;90;11318142281;S
20241021;100033;125.9;10;11318142282;S
20241021;100034;125.94;20;11318142930;S
20241021;100036;125.98;30;11318143258;B
20241021;100036;126;20;11318143259;B
20241021;100038;126;10;11318143757;B
20241021;100039;125.96;50;11318143986;S
20241021;100039;125.94;620;11318143987;S
20241021;100041;126;10;11318144848;B
20241021;100043;125.92;3950;11318145098;S
20241021;100043;125.88;70;11318145099;S
20241021;100043;125.88;690;11318145100;S
20241021;100043;125.98;100;11318145376;B
20241021;100043;126;460;11318145377;B
20241021;100043;126;40;11318145378;B
20241021;100043;126;490;11318145379;B
20241021;100043;126.06;60;11318145380;B
20241021;100043;126.08;790;11318145381;B
20241021;100043;126.1;100;11318145382;B
20241021;100043;126.1;360;11318145383;B
20241021;100043;126.12;310;11318145384;B
20241021;100043;126.12;160;11318145385;B
20241021;100043;126.12;30;11318145386;B
20241021;100044;125.96;20;11318145517;S
20241021;100048;126.12;100;11318146727;B
20241021;100050;126;30;11318147836;S
20241021;100052;126.06;30;11318148453;S
20241021;100054;126.16;40;11318148880;B
20241021;100055;126.16;190;11318149176;B
20241021;100057;126.16;50;11318149897;B
20241021;100058;126.16;20;11318150238;B
20241021;100059;126.16;150;11318150478;B
20241021;100059;126.14;30;11318150725;S
20241021;100100;126.14;20;11318150915;S
20241021;100100;126.14;100;11318150916;S
20241021;100100;126.12;380;11318150917;S
20241021;100100;126.16;230;11318150926;B
20241021;100102;126.24;1000;11318151416;B
20241021;100104;126.24;30;11318152259;B
20241021;100104;126.28;60;11318152260;B
20241021;100104;126.28;20;11318152261;B
20241021;100104;126.3;100;11318152262;B
20241021;100104;126.3;230;11318152263;B
20241021;100104;126.32;370;11318152264;B
20241021;100104;126.34;190;11318152265;B
20241021;100105;126.34;40;11318152363;B
20241021;100105;126.24;40;11318152409;S
20241021;100105;126.26;280;11318152445;S
20241021;100107;126.24;10;11318153012;S
20241021;100107;126.24;90;11318153013;S
20241021;100108;126.3;10;11318153267;B
20241021;100108;126.34;4270;11318153268;B
20241021;100108;126.34;150;11318153269;B
20241021;100108;126.48;10;11318153332;B
20241021;100108;126.5;100;11318153333;B
20241021;100108;126.5;10;11318153334;B
20241021;100108;126.54;380;11318153335;B
20241021;100109;126.4;100;11318153583;S
20241021;100111;126.52;30;11318153902;B
20241021;100112;126.52;10;11318154267;B
20241021;100117;126.5;400;11318155138;S
20241021;100118;126.52;20;11318155494;B
20241021;100120;126.5;380;11318155940;S
20241021;100120;126.5;150;11318156026;S
20241021;100121;126.52;40;11318156101;B
20241021;100121;126.54;120;11318156102;B
20241021;100121;126.62;100;11318156103;B
20241021;100121;126.64;100;11318156104;B
20241021;100121;126.64;400;11318156105;B
20241021;100121;126.66;1000;11318156106;B
20241021;100121;126.68;310;11318156107;B
20241021;100121;126.7;80;11318156108;B
20241021;100121;126.7;10;11318156109;B
20241021;100121;126.8;110;11318156110;B
20241021;100121;126.8;100;11318156111;B
20241021;100121;126.8;10;11318156112;B
20241021;100121;126.84;10;11318156113;B
20241021;100121;126.84;10;11318156114;B
20241021;100121;126.84;100;11318156115;B
20241021;100122;126.56;560;11318156324;S
20241021;100122;126.56;790;11318156325;S
20241021;100122;126.54;530;11318156326;S
20241021;100122;126.52;90;11318156327;S
20241021;100122;126.5;70;11318156328;S
20241021;100122;126.5;10;11318156329;S
20241021;100122;126.5;90;11318156330;S
20241021;100123;126.5;20;11318156515;B
20241021;100123;126.5;1000;11318156627;B
20241021;100123;126.5;10000;11318156703;B
20241021;100123;126.5;200;11318156706;B
20241021;100124;126.5;710;11318156825;B
20241021;100124;126.48;70;11318156853;S
20241021;100125;126.48;30;11318157000;B
20241021;100125;126.5;930;11318157148;B
20241021;100125;126.5;70;11318157149;B
20241021;100125;126.5;100;11318157150;B
20241021;100126;126.5;100;11318157262;B
20241021;100128;126.5;90;11318157789;B
20241021;100132;126.42;20;11318158606;S
20241021;100133;126.42;40;11318158640;S
20241021;100134;126.44;10;11318158928;B
20241021;100141;126.44;90;11318160272;B
20241021;100142;126.48;90;11318160393;S
20241021;100142;126.4;10;11318160394;S
20241021;100143;126.4;10;11318160912;S
20241021;100146;126.48;20;11318161506;B
20241021;100146;126.5;140;11318161507;B
20241021;100146;126.5;100;11318161508;B
20241021;100146;126.5;190;11318161509;B
20241021;100147;126.5;100;11318161695;B
20241021;100147;126.5;10;11318161803;B
20241021;100149;126.4;10;11318162355;S
20241021;100150;126.4;200;11318162440;S
20241021;100150;126.38;60;11318162441;S
20241021;100150;126.36;90;11318162442;S
20241021;100151;126.5;100;11318162627;B
20241021;100151;126.38;10;11318162782;S
20241021;100152;126.38;100;11318162862;S
20241021;100153;126.38;10;11318163098;S
20241021;100156;126.42;10;11318163718;S
20241021;100158;126.52;10;11318164206;B
20241021;100159;126.38;40;11318164593;S
20241021;100200;126.46;10;11318164648;B
20241021;100200;126.48;560;11318164649;B
20241021;100200;126.5;5060;11318164650;B
20241021;100200;126.5;140;11318164652;B
20241021;100200;126.52;90;11318164671;B
20241021;100200;126.58;60;11318164672;B
20241021;100200;126.6;100;11318164673;B
20241021;100200;126.64;10;11318164674;B
20241021;100200;126.68;310;11318164675;B
20241021;100200;126.68;380;11318164676;B
20241021;100200;126.7;850;11318164677;B
20241021;100200;126.72;100;11318164678;B
20241021;100200;126.76;100;11318164679;B
20241021;100200;126.78;150;11318164680;B
20241021;100200;126.8;10;11318164681;B
20241021;100200;126.82;100;11318164682;B
20241021;100200;126.86;10;11318164683;B
20241021;100200;126.86;100;11318164684;B
20241021;100200;126.88;10;11318164685;B
20241021;100201;126.52;10;11318165011;B
20241021;100203;126.62;10;11318165459;S
20241021;100208;126.54;10;11318166483;S
20241021;100211;126.72;20;11318167170;B
20241021;100211;126.72;100;11318167204;B
20241021;100211;126.74;10;11318167205;B
20241021;100211;126.74;40;11318167206;B
20241021;100211;126.76;310;11318167207;B
20241021;100211;126.8;430;11318167208;B
20241021;100211;126.86;10;11318167209;B
20241021;100211;126.86;790;11318167210;B
20241021;100211;126.88;20;11318167211;B
20241021;100211;126.88;100;11318167212;B
20241021;100211;126.88;100;11318167213;B
20241021;100211;126.88;400;11318167214;B
20241021;100211;126.9;50;11318167215;B
20241021;100211;126.9;140;11318167216;B
20241021;100213;126.62;150;11318167701;B
20241021;100213;126.82;210;11318167702;B
20241021;100213;126.84;740;11318167703;B
20241021;100214;126.72;100;11318167928;B
20241021;100214;126.84;110;11318167929;B
20241021;100214;126.86;500;11318167930;B
20241021;100214;126.88;100;11318167931;B
20241021;100214;126.9;160;11318167932;B
20241021;100214;126.9;10;11318167933;B
20241021;100214;126.9;150;11318167934;B
20241021;100214;126.9;70;11318167935;B
20241021;100215;126.62;90;11318168401;S
20241021;100221;126.86;20;11318169817;B
20241021;100221;126.86;20;11318169879;B
20241021;100222;126.84;20;11318169907;B
20241021;100222;126.86;20;11318169922;B
20241021;100222;126.82;20;11318169941;S
20241021;100222;126.8;20;11318169942;S
20241021;100223;126.58;840;11318170256;S
20241021;100223;126.58;400;11318170257;S
20241021;100223;126.58;60;11318170258;S
20241021;100223;126.52;310;11318170259;S
20241021;100223;126.5;160;11318170260;S
20241021;100223;126.48;10;11318170261;S
20241021;100223;126.44;560;11318170262;S
20241021;100223;126.44;160;11318170263;S
20241021;100223;126.7;20;11318170286;B
20241021;100223;126.7;20;11318170359;B
20241021;100224;126.7;20;11318170395;B
20241021;100224;126.54;250;11318170451;S
20241021;100225;126.62;10;11318170704;S
20241021;100225;126.52;90;11318170705;S
20241021;100226;126.56;20;11318170970;S
20241021;100233;126.58;10;11318172711;S
20241021;100237;126.6;10;11318173389;B
20241021;100237;126.58;490;11318173434;S
20241021;100237;126.56;30;11318173435;S
20241021;100237;126.54;30;11318173436;S
20241021;100237;126.5;280;11318173437;S
20241021;100237;126.48;170;11318173438;S
20241021;100242;126.58;10;11318174371;B
20241021;100242;126.58;390;11318174419;B
20241021;100246;126.64;10;11318175172;B
20241021;100247;126.64;10;11318175421;S
20241021;100249;126.66;10;11318175752;B
20241021;100249;126.66;10;11318175753;B
20241021;100249;126.7;10;11318175754;B
20241021;100250;126.64;50;11318175930;S
20241021;100252;126.64;10;11318176193;B
20241021;100253;126.6;210;11318176333;S
20241021;100253;126.54;140;11318176334;S
20241021;100253;126.52;650;11318176335;S
20241021;100253;126.62;20;11318176430;B
20241021;100254;126.54;10;11318176544;S
20241021;100257;126.54;60;11318177142;S
20241021;100259;126.54;10;11318177459;B
20241021;100304;126.52;40;11318178467;S
20241021;100304;126.5;160;11318178468;S
20241021;100309;126.54;30;11318179543;B
20241021;100309;126.56;460;11318179544;B
20241021;100309;126.56;150;11318179545;B
20241021;100309;126.58;40;11318179546;B
20241021;100309;126.6;20;11318179547;B
20241021;100309;126.6;90;11318179548;B
20241021;100309;126.6;200;11318179549;B
20241021;100313;126.58;90;11318180720;S
20241021;100313;126.6;50;11318180881;B
20241021;100313;126.62;50;11318180882;B
20241021;100314;126.58;10;11318181322;S
20241021;100314;126.56;20;11318181323;S
20241021;100314;126.56;20;11318181324;S
20241021;100319;126.6;100;11318182716;S
20241021;100319;126.58;90;11318182717;S
20241021;100321;126.54;10;11318183238;S
20241021;100321;126.52;230;11318183239;S
20241021;100321;126.5;760;11318183240;S
20241021;100323;126.58;210;11318183972;B
20241021;100323;126.58;110;11318183973;B
20241021;100323;126.6;10;11318183974;B
20241021;100328;126.64;10;11318185362;B
20241021;100332;126.64;10;11318186501;B
20241021;100336;126.64;450;11318187490;B
20241021;100337;126.6;500;11318187934;S
20241021;100339;126.62;10;11318188257;S
20241021;100339;126.6;20;11318188258;S
20241021;100345;126.6;110;11318189633;B
20241021;100347;126.54;20;11318190273;S
20241021;100350;126.52;10;11318191137;S
20241021;100350;126.52;60;11318191138;S
20241021;100351;126.54;90;11318191633;B
20241021;100351;126.54;10;11318191634;B
20241021;100351;126.56;60;11318191635;B
20241021;100351;126.58;640;11318191636;B
20241021;100354;126.52;250;11318192424;S
20241021;100356;126.54;30;11318192965;B
20241021;100356;126.54;110;11318192992;B
20241021;100356;126.58;120;11318192993;B
20241021;100358;126.6;10;11318193492;B
20241021;100358;126.6;500;11318193561;B
20241021;100400;126.6;550;11318193907;B
20241021;100400;126.6;150;11318193908;B
20241021;100400;126.6;60;11318193910;B
20241021;100400;126.54;200;11318193911;S
20241021;100408;126.52;290;11318195797;S
20241021;100408;126.52;790;11318195798;S
20241021;100409;126.6;10;11318195965;B
20241021;100414;126.6;50;11318197213;B
20241021;100420;126.52;200;11318198565;S
20241021;100425;126.58;100;11318199581;B
20241021;100425;126.6;50;11318199582;B
20241021;100425;126.6;250;11318199583;B
20241021;100425;126.6;100;11318199584;B
20241021;100425;126.6;70;11318199585;B
20241021;100425;126.52;20;11318199625;S
20241021;100425;126.5;260;11318199626;S
20241021;100425;126.5;220;11318199627;S
20241021;100428;126.5;2800;11318200214;S
20241021;100430;126.5;150;11318200669;S
20241021;100431;126.62;30;11318200858;B
20241021;100432;126.52;200;11318201056;B
20241021;100433;126.62;10;11318201247;B
20241021;100433;126.54;180;11318201298;S
20241021;100433;126.52;20;11318201299;S
20241021;100435;126.6;80;11318201705;B
20241021;100435;126.62;20;11318201886;B
20241021;100435;126.62;100;11318201887;B
20241021;100435;126.64;50;11318201888;B
20241021;100435;126.64;50;11318201889;B
20241021;100435;126.64;140;11318201890;B
20241021;100435;126.7;50;11318201891;B
20241021;100437;126.7;100;11318202247;S
20241021;100439;126.7;80;11318202705;S
20241021;100439;126.74;140;11318202750;B
20241021;100439;126.76;110;11318202751;B
20241021;100439;126.7;100;11318202763;S
20241021;100442;126.7;90;11318203476;S
20241021;100442;126.76;100;11318203523;B
20241021;100442;126.78;450;11318203524;B
20241021;100446;126.7;600;11318204445;S
20241021;100446;126.7;120;11318204465;S
20241021;100446;126.64;30;11318204466;S
20241021;100447;126.76;50;11318204719;B
20241021;100449;126.64;20;11318205075;S
20241021;100449;126.62;40;11318205076;S
20241021;100454;126.7;810;11318206394;B
20241021;100454;126.7;70;11318206395;B
20241021;100454;126.72;70;11318206396;B
20241021;100454;126.78;50;11318206397;B
20241021;100500;126.6;10;11318207527;B
20241021;100501;126.6;190;11318207812;B
20241021;100501;126.64;60;11318207813;B
20241021;100501;126.66;60;11318207814;B
20241021;100501;126.68;50;11318207815;B
20241021;100501;126.68;790;11318207816;B
20241021;100501;126.7;850;11318207817;B
20241021;100501;126.74;500;11318207818;B
20241021;100501;126.78;100;11318207819;B
20241021;100501;126.78;400;11318207820;B
20241021;100501;126.8;100;11318207821;B
20241021;100501;126.82;160;11318207822;B
20241021;100501;126.84;500;11318207823;B
20241021;100501;126.84;310;11318207824;B
20241021;100501;126.86;140;11318207825;B
20241021;100501;126.88;100;11318207826;B
20241021;100501;126.9;500;11318207827;B
20241021;100501;126.9;250;11318207828;B
20241021;100501;126.92;10;11318207829;B
20241021;100501;126.94;560;11318207830;B
20241021;100501;126.96;1000;11318207831;B
20241021;100501;126.98;140;11318207832;B
20241021;100501;126.98;100;11318207833;B
20241021;100501;126.98;1500;11318207834;B
20241021;100501;127;200;11318207835;B
20241021;100501;127;200;11318207836;B
20241021;100501;127;10;11318207837;B
20241021;100501;127;1920;11318207838;B
20241021;100501;127;50;11318207839;B
20241021;100501;127;70;11318207840;B
20241021;100501;127;70;11318207841;B
20241021;100501;127;500;11318207842;B
20241021;100501;127;500;11318207843;B
20241021;100501;127.04;100;11318207844;B
20241021;100501;127.04;100;11318207845;B
20241021;100501;127.08;20;11318207846;B
20241021;100501;127.1;10;11318207847;B
20241021;100501;127.1;150;11318207848;B
20241021;100501;127.1;140;11318207849;B
20241021;100501;127.14;1090;11318207850;B
20241021;100501;127.1;70;11318207853;B
20241021;100501;127.04;10;11318207877;B
20241021;100503;126.8;30;11318208159;S
20241021;100504;126.8;60;11318208428;S
20241021;100504;126.68;220;11318208429;S
20241021;100505;126.98;10;11318208565;B
20241021;100507;126.98;40;11318209079;B
20241021;100507;126.98;310;11318209080;B
20241021;100510;126.94;20;11318209945;B
20241021;100511;126.76;400;11318210122;S
20241021;100511;126.66;240;11318210123;S
20241021;100512;126.9;240;11318210307;B
20241021;100512;126.9;760;11318210308;B
20241021;100513;126.9;50;11318210518;B
20241021;100515;126.9;40;11318211030;B
20241021;100515;126.94;790;11318211096;B
20241021;100515;126.96;10;11318211097;B
20241021;100515;126.96;200;11318211098;B
20241021;100516;126.92;200;11318211203;B
20241021;100517;126.96;440;11318211568;B
20241021;100517;126.98;560;11318211569;B
20241021;100517;126.78;10;11318211577;S
20241021;100519;126.78;40;11318211967;S
20241021;100519;126.72;360;11318211968;S
20241021;100527;126.9;110;11318213749;B
20241021;100527;126.92;50;11318213750;B
20241021;100527;126.94;220;11318213751;B
20241021;100527;126.96;140;11318213752;B
20241021;100528;126.94;20;11318213850;B
20241021;100528;126.74;200;11318213913;S
20241021;100530;126.94;10;11318214167;S
20241021;100531;126.96;100;11318214496;B
20241021;100531;126.98;250;11318214497;B
20241021;100531;126.98;100;11318214498;B
20241021;100531;127;10;11318214499;B
20241021;100531;127;50;11318214500;B
20241021;100531;127;700;11318214501;B
20241021;100531;127;10;11318214502;B
20241021;100531;127.02;60;11318214503;B
20241021;100531;127.04;310;11318214504;B
20241021;100531;127.1;400;11318214505;B
20241021;100531;127.12;240;11318214506;B
20241021;100531;127.16;690;11318214507;B
20241021;100531;127.16;10;11318214508;B
20241021;100531;127.2;30;11318214509;B
20241021;100531;127.2;500;11318214510;B
20241021;100531;127.28;170;11318214511;B
20241021;100531;127.28;790;11318214512;B
20241021;100531;127.28;220;11318214513;B
20241021;100531;127.28;420;11318214514;B
20241021;100531;127.3;500;11318214515;B
20241021;100531;127.32;1000;11318214516;B
20241021;100531;127.34;770;11318214517;B
20241021;100531;127.36;2730;11318214518;B
20241021;100531;127.38;500;11318214519;B
20241021;100531;127.38;10;11318214520;B
20241021;100531;127.38;10;11318214521;B
20241021;100531;127.38;40;11318214522;B
20241021;100531;127.38;10;11318214523;B
20241021;100531;127.38;4730;11318214524;B
20241021;100531;127.38;100;11318214525;B
20241021;100531;127.4;600;11318214526;B
20241021;100531;127.4;3940;11318214527;B
20241021;100531;127.36;60;11318214529;B
20241021;100531;127.34;60;11318214530;B
20241021;100531;126.96;10;11318214531;S
20241021;100532;127;10;11318214593;S
20241021;100532;127.28;10;11318214609;B
20241021;100532;127.3;10;11318214610;B
20241021;100532;127.3;500;11318214611;B
20241021;100532;127.32;310;11318214612;B
20241021;100532;127.38;60;11318214613;B
20241021;100532;127.38;100;11318214629;B
20241021;100532;127.36;50;11318214680;B
20241021;100532;127.38;150;11318214681;B
20241021;100532;127.4;60;11318214682;B
20241021;100532;127.4;330;11318214683;B
20241021;100533;127.32;10;11318214701;S
20241021;100533;127.32;10;11318214748;S
20241021;100533;127.32;10;11318214799;S
20241021;100534;127.32;10;11318214814;S
20241021;100534;127.32;10;11318214847;S
20241021;100535;127.32;100;11318215080;S
20241021;100536;127.36;10;11318215118;B
20241021;100536;127.38;120;11318215119;B
20241021;100536;127.38;20;11318215120;B
20241021;100536;127.4;420;11318215121;B
20241021;100536;127.4;250;11318215122;B
20241021;100536;127.4;1000;11318215123;B
20241021;100536;127.4;10;11318215124;B
20241021;100536;127.4;120;11318215125;B
20241021;100536;127.44;70;11318215144;B
20241021;100536;127.44;10;11318215145;B
20241021;100536;127.42;10;11318215160;S
20241021;100536;127.48;10;11318215166;B
20241021;100536;127.48;10;11318215184;B
20241021;100536;127.48;300;11318215195;B
20241021;100537;127.48;10;11318215238;B
20241021;100537;127.48;670;11318215288;B
20241021;100537;127.48;330;11318215289;B
20241021;100537;127.48;300;11318215313;B
20241021;100537;127.48;70;11318215314;B
20241021;100537;127.5;10;11318215326;B
20241021;100537;127.5;10;11318215340;B
20241021;100537;127.5;200;11318215341;B
20241021;100537;127.5;200;11318215342;B
20241021;100537;127.5;10;11318215343;B
20241021;100537;127.5;50;11318215344;B
20241021;100537;127.5;10;11318215345;B
20241021;100537;127.5;1000;11318215346;B
20241021;100537;127.62;530;11318215347;B
20241021;100537;127.64;990;11318215348;B
20241021;100537;127.64;10;11318215349;B
20241021;100538;127.68;50;11318215440;S
20241021;100538;127.58;20;11318215486;S
20241021;100542;127.7;10;11318216065;B
20241021;100542;127.74;40;11318216066;B
20241021;100542;127.74;100;11318216067;B
20241021;100542;127.78;10;11318216068;B
20241021;100542;127.8;40;11318216069;B
20241021;100542;127.8;100;11318216070;B
20241021;100542;127.78;10;11318216071;B
20241021;100542;127.8;50;11318216072;B
20241021;100542;127.8;1850;11318216073;B
20241021;100542;127.8;1090;11318216074;B
20241021;100542;127.8;110;11318216136;S
20241021;100542;127.8;40;11318216137;S
20241021;100542;127.72;100;11318216138;S
20241021;100542;127.7;50;11318216147;S
20241021;100542;127.82;10;11318216152;B
20241021;100542;127.84;10;11318216153;B
20241021;100542;127.84;1000;11318216154;B
20241021;100542;127.86;150;11318216155;S
20241021;100543;127.8;500;11318216328;S
20241021;100543;127.88;310;11318216329;B
20241021;100543;127.9;20;11318216330;B
20241021;100543;127.94;100;11318216331;B
20241021;100543;127.96;150;11318216332;B
20241021;100543;127.96;250;11318216333;B
20241021;100543;127.98;40;11318216334;B
20241021;100543;127.98;130;11318216335;B
20241021;100544;127.78;10;11318216434;S
20241021;100544;127.84;10;11318216436;S
20241021;100545;127.84;310;11318216640;B
20241021;100545;127.86;10;11318216641;B
20241021;100545;127.86;120;11318216642;B
20241021;100545;127.88;50;11318216643;B
20241021;100545;127.88;290;11318216644;B
20241021;100546;127.84;310;11318216758;B
20241021;100546;127.86;60;11318216759;B
20241021;100546;127.86;1990;11318216760;B
20241021;100546;127.86;620;11318216761;B
20241021;100546;127.9;1000;11318216762;B
20241021;100546;127.92;430;11318216774;S
20241021;100546;127.92;100;11318216775;S
20241021;100546;127.96;10;11318216819;B
20241021;100547;127.98;300;11318216897;B
20241021;100549;127.94;260;11318217157;S
20241021;100549;127.92;140;11318217158;S
20241021;100549;127.98;10;11318217204;B
20241021;100550;127.98;340;11318217270;B
20241021;100550;127.98;310;11318217271;B
20241021;100550;128;10;11318217272;B
20241021;100550;128;10;11318217273;B
20241021;100550;128;200;11318217274;B
20241021;100550;128;20;11318217275;B
20241021;100550;128;200;11318217276;B
20241021;100550;128;70;11318217277;B
20241021;100550;127.94;520;11318217282;S
20241021;100551;127.98;200;11318217569;B
20241021;100551;127.98;10;11318217625;B
20241021;100552;127.96;30;11318217756;B
20241021;100552;127.98;100;11318217757;B
20241021;100552;127.98;10;11318217758;B
20241021;100552;128;60;11318217759;B
20241021;100553;128;370;11318217904;B
20241021;100553;128;30;11318217905;B
20241021;100553;128;1120;11318217906;B
20241021;100553;128;10;11318217907;B
20241021;100553;128;20;11318217908;B
20241021;100553;128;50;11318217909;B
20241021;100553;128;50;11318217910;B
20241021;100553;128;1350;11318217911;B
20241021;100553;128;400;11318217928;B
20241021;100553;128;150;11318217929;B
20241021;100553;128;60;11318217930;B
20241021;100553;128;100;11318217931;B
20241021;100554;128.04;10;11318218042;B
20241021;100554;128.16;10;11318218090;B
20241021;100554;128.16;20;11318218091;B
20241021;100554;128.18;310;11318218092;B
20241021;100554;128.2;20;11318218093;B
20241021;100554;128.24;20;11318218098;B
20241021;100554;128.24;10;11318218099;B
20241021;100554;128.26;20;11318218133;B
20241021;100555;128.28;60;11318218144;B
20241021;100555;128.26;100;11318218147;S
20241021;100555;128.3;50;11318218173;B
20241021;100555;128.3;10;11318218174;B
20241021;100555;128.3;40;11318218175;B
20241021;100555;128.38;50;11318218180;B
20241021;100555;128.24;90;11318218183;S
20241021;100555;128.38;30;11318218207;B
20241021;100555;128.26;20;11318218214;S
20241021;100555;128.26;80;11318218215;S
20241021;100555;128.24;10;11318218216;S
20241021;100555;128.24;290;11318218217;S
20241021;100555;128.24;20;11318218218;S
20241021;100556;128.24;50;11318218254;S
20241021;100556;128.24;80;11318218255;S
20241021;100556;128.36;310;11318218287;B
20241021;100556;128.38;440;11318218288;B
20241021;100556;128.4;750;11318218289;B
20241021;100556;128.38;10;11318218327;B
20241021;100556;128.38;100;11318218384;B
20241021;100557;128.28;200;11318218441;S
20241021;100557;128.28;360;11318218456;S
20241021;100557;128.26;140;11318218457;S
20241021;100557;128.24;390;11318218480;S
20241021;100557;128.22;110;11318218481;S
20241021;100558;128.2;190;11318218685;S
20241021;100558;128.18;10;11318218686;S
20241021;100559;128.32;10;11318218786;B
20241021;100559;128.32;90;11318218787;B
20241021;100559;128.2;100;11318218811;S
20241021;100559;128.18;300;11318218812;S
20241021;100601;128.2;50;11318219306;S
20241021;100601;128.18;50;11318219307;S
20241021;100602;128.2;20;11318219362;S
20241021;100602;128.18;10;11318219363;S
20241021;100603;128.2;10;11318219708;S
20241021;100603;128.2;100;11318219709;S
20241021;100603;128.18;890;11318219710;S
20241021;100604;128.2;10;11318219795;S
20241021;100604;128.18;140;11318219796;S
20241021;100605;128.24;10;11318220114;B
20241021;100605;128.26;120;11318220115;B
20241021;100605;128.28;10;11318220116;B
20241021;100605;128.28;110;11318220117;B
20241021;100605;128.28;310;11318220118;B
20241021;100605;128.36;560;11318220119;B
20241021;100605;128.38;30;11318220120;B
20241021;100605;128.38;300;11318220121;B
20241021;100605;128.4;780;11318220122;B
20241021;100605;128.42;10;11318220123;B
20241021;100605;128.48;10;11318220124;B
20241021;100605;128.5;60;11318220125;B
20241021;100605;128.28;500;11318220180;S
20241021;100605;128.28;10;11318220201;S
20241021;100605;128.26;90;11318220202;S
20241021;100606;128.44;20;11318220348;B
20241021;100606;128.44;290;11318220462;B
20241021;100606;128.46;20;11318220463;B
20241021;100606;128.48;10;11318220464;B
20241021;100606;128.5;40;11318220465;B
20241021;100606;128.5;130;11318220466;B
20241021;100606;128.5;10;11318220467;B
20241021;100606;128.5;30;11318220468;B
20241021;100606;128.56;880;11318220469;B
20241021;100606;128.58;300;11318220470;B
20241021;100606;128.58;80;11318220471;B
20241021;100607;128.56;310;11318220594;B
20241021;100607;128.58;190;11318220595;B
20241021;100608;128.38;50;11318220678;S
20241021;100608;128.56;310;11318220903;B
20241021;100608;128.58;730;11318220904;B
20241021;100608;128.6;10;11318220905;B
20241021;100608;128.6;10;11318220906;B
20241021;100608;128.64;10;11318220907;B
20241021;100608;128.68;10;11318220908;B
20241021;100609;128.48;560;11318221148;S
20241021;100609;128.48;100;11318221149;S
20241021;100609;128.46;340;11318221150;S
20241021;100610;128.58;310;11318221335;B
20241021;100610;128.58;560;11318221336;B
20241021;100610;128.6;610;11318221337;B
20241021;100610;128.64;390;11318221338;B
20241021;100610;128.7;250;11318221339;B
20241021;100610;128.74;10;11318221340;B
20241021;100610;128.74;10;11318221341;B
20241021;100610;128.76;360;11318221342;B
20241021;100610;128.74;310;11318221373;B
20241021;100610;128.74;190;11318221374;B
20241021;100610;128.62;20;11318221408;B
20241021;100610;128.5;20;11318221446;S
20241021;100612;128.48;60;11318221660;S
20241021;100612;128.46;160;11318221661;S
20241021;100612;128.46;280;11318221662;S
20241021;100614;128.56;40;11318222148;S
20241021;100614;128.58;310;11318222151;B
20241021;100614;128.58;210;11318222152;B
20241021;100614;128.6;500;11318222153;B
20241021;100614;128.64;250;11318222154;B
20241021;100614;128.7;60;11318222155;B
20241021;100614;128.74;300;11318222156;B
20241021;100614;128.76;140;11318222157;B
20241021;100614;128.76;160;11318222158;B
20241021;100614;128.76;300;11318222159;B
20241021;100614;128.78;590;11318222160;B
20241021;100614;128.8;30;11318222161;B
20241021;100614;128.82;270;11318222162;B
20241021;100614;128.82;140;11318222163;B
20241021;100614;128.62;50;11318222612;S
20241021;100615;128.8;310;11318222635;B
20241021;100615;128.82;160;11318222636;B
20241021;100615;128.86;10;11318222637;B
20241021;100615;128.86;10;11318222638;B
20241021;100615;128.86;110;11318222639;B
20241021;100615;128.88;2000;11318222640;B
20241021;100615;128.88;10;11318222641;B
20241021;100615;128.9;10;11318222642;B
20241021;100615;128.94;150;11318222643;B
20241021;100615;128.94;10;11318222644;B
20241021;100615;128.96;250;11318222645;B
20241021;100615;128.98;10;11318222646;B
20241021;100615;128.98;10;11318222647;B
20241021;100615;128.98;500;11318222648;B
20241021;100615;129;1000;11318222649;B
20241021;100615;129;10;11318222650;B
20241021;100615;129;10;11318222651;B
20241021;100615;129;10;11318222652;B
20241021;100615;129;200;11318222653;B
20241021;100615;129;2200;11318222654;B
20241021;100615;129;10;11318222655;B
20241021;100615;129;50;11318222656;B
20241021;100615;129;50;11318222657;B
20241021;100615;129;40;11318222658;B
20241021;100615;129;500;11318222659;B
20241021;100615;129;100;11318222660;B
20241021;100615;129.04;10;11318222661;B
20241021;100615;129.06;10;11318222662;B
20241021;100615;129.1;1500;11318222663;B
20241021;100615;129.2;750;11318222664;B
20241021;100615;128.7;20;11318222740;S
20241021;100616;128.72;10;11318222925;S
20241021;100616;128.86;190;11318222927;B
20241021;100616;128.86;10;11318222939;B
20241021;100616;128.7;60;11318223134;S
20241021;100616;128.64;540;11318223135;S
20241021;100616;128.62;250;11318223136;S
20241021;100616;128.62;100;11318223137;S
20241021;100616;128.58;400;11318223138;S
20241021;100616;128.56;60;11318223139;S
20241021;100616;128.56;160;11318223140;S
20241021;100616;128.56;740;11318223141;S
20241021;100617;128.72;130;11318223258;B
20241021;100617;128.74;310;11318223353;B
20241021;100617;128.76;400;11318223354;B
20241021;100617;128.8;420;11318223355;B
20241021;100617;128.86;160;11318223356;B
20241021;100617;128.88;30;11318223357;B
20241021;100617;128.88;30;11318223358;B
20241021;100617;128.9;10;11318223359;B
20241021;100617;128.9;10;11318223360;B
20241021;100617;128.92;370;11318223361;B
20241021;100617;129;260;11318223362;B
20241021;100618;128.42;10;11318223794;S
20241021;100619;128.42;40;11318223802;S
20241021;100619;128.34;400;11318223803;S
20241021;100619;128.32;60;11318223804;S
20241021;100619;128.24;400;11318223877;S
20241021;100620;128.24;240;11318223996;S
20241021;100620;128.22;160;11318223997;S
20241021;100620;128.44;100;11318224203;B
20241021;100621;128.44;330;11318224393;B
20241021;100621;128.48;10;11318224394;B
20241021;100621;128.5;310;11318224395;B
20241021;100621;128.6;10;11318224396;B
20241021;100621;128.7;40;11318224397;B
20241021;100622;128.46;10;11318224704;B
20241021;100624;128.28;10;11318224977;S
20241021;100625;128.42;30;11318225333;S
20241021;100626;128.42;270;11318225625;S
20241021;100626;128.34;50;11318225626;S
20241021;100626;128.32;50;11318225627;S
20241021;100626;128.26;160;11318225628;S
20241021;100626;128.26;1020;11318225629;B
20241021;100627;128.24;320;11318225696;S
20241021;100627;128.22;50;11318225697;S
20241021;100627;128.22;30;11318225698;S
20241021;100627;128.2;100;11318225699;S
20241021;100627;128.2;10;11318225707;S
20241021;100628;128.46;10;11318225864;B
20241021;100629;128.44;10;11318226296;B
20241021;100629;128.46;30;11318226297;B
20241021;100629;128.46;60;11318226298;B
20241021;100629;128.2;150;11318226300;S
20241021;100629;128.18;560;11318226301;S
20241021;100629;128.16;290;11318226302;S
20241021;100629;128.48;560;11318226322;B
20241021;100629;128.48;310;11318226323;B
20241021;100629;128.48;160;11318226324;B
20241021;100629;128.5;450;11318226325;B
20241021;100629;128.52;100;11318226326;B
20241021;100629;128.52;200;11318226327;B
20241021;100629;128.52;10;11318226328;B
20241021;100629;128.66;210;11318226329;B
20241021;100630;128.28;150;11318226499;S
20241021;100631;128.56;150;11318226683;B
20241021;100631;128.58;310;11318226684;B
20241021;100631;128.64;540;11318226685;B
20241021;100631;128.62;100;11318226715;B
20241021;100631;128.6;10;11318226748;B
20241021;100631;128.44;60;11318226767;S
20241021;100632;128.44;50;11318227269;S
20241021;100634;128.62;10;11318227428;B
20241021;100635;128.4;800;11318228264;S
20241021;100635;128.26;20;11318228265;S
20241021;100635;128.22;80;11318228266;S
20241021;100635;128.2;130;11318228459;S
20241021;100635;128.18;170;11318228460;S
20241021;100636;128.2;60;11318228797;S
20241021;100636;128.18;390;11318228798;S
20241021;100636;128.18;440;11318228799;B
20241021;100636;128.18;660;11318228800;B
20241021;100636;128.36;460;11318228886;B
20241021;100637;128.38;10;11318229033;B
20241021;100640;128.26;460;11318229833;S
20241021;100640;128.26;350;11318229834;B
20241021;100640;128.26;890;11318229835;B
20241021;100644;128.24;50;11318230880;S
20241021;100645;128.24;1000;11318231031;S
20241021;100645;128.26;20;11318231090;B
20241021;100646;128.26;10;11318231099;B
20241021;100647;128.24;200;11318231696;S
20241021;100648;128.24;180;11318231941;S
20241021;100648;128.18;10;11318231942;S
20241021;100648;128.18;10;11318231943;S
20241021;100650;128.16;200;11318232434;S
20241021;100651;128.2;10;11318232489;B
20241021;100653;128.16;50;11318232978;S
20241021;100654;128.2;1000;11318233081;B
20241021;100654;128.16;250;11318233181;S
20241021;100655;128.18;20;11318233249;S
20241021;100655;128.16;30;11318233250;S
20241021;100656;128.16;180;11318233555;S
20241021;100658;128.16;10;11318233922;B
20241021;100659;128.16;10;11318234004;B
20241021;100659;128.16;10;11318234005;B
20241021;100700;128.16;200;11318234188;B
20241021;100701;128.06;20;11318234324;B
20241021;100701;128.16;180;11318234325;B
20241021;100701;128.18;80;11318234326;B
20241021;100701;128.18;520;11318234327;B
20241021;100702;127.98;100;11318234784;S
20241021;100702;127.98;100;11318234785;S
20241021;100702;128.18;30;11318234807;B
20241021;100702;128.18;560;11318234808;B
20241021;100702;128.18;20;11318234809;B
20241021;100702;128.2;2540;11318234810;B
20241021;100702;128.2;1850;11318234811;B
20241021;100703;128.02;100;11318234836;S
20241021;100703;128.02;560;11318234837;S
20241021;100703;128;310;11318234838;S
20241021;100703;127.98;230;11318234839;S
20241021;100704;128.14;10;11318235012;B
20241021;100704;128.1;200;11318235082;S
20241021;100705;128.1;300;11318235186;S
20241021;100705;128.04;30;11318235187;S
20241021;100708;128.16;10;11318235965;B
20241021;100708;128.18;120;11318235979;B
20241021;100709;128.18;430;11318236022;B
20241021;100709;128.18;570;11318236023;B
20241021;100710;128.2;10;11318236361;B
20241021;100711;128.08;50;11318236491;S
20241021;100711;128.2;60;11318236493;B
20241021;100711;128.2;10;11318236497;B
20241021;100712;128.08;410;11318236660;S
20241021;100712;128.06;260;11318236661;S
20241021;100712;128.06;400;11318236662;S
20241021;100712;128.04;100;11318236663;S
20241021;100713;128;10;11318236947;S
20241021;100714;128.04;10;11318237082;B
20241021;100715;128;40;11318237218;S
20241021;100717;128;210;11318237559;S
20241021;100717;127.92;400;11318237560;S
20241021;100717;127.92;310;11318237561;S
20241021;100717;127.9;40;11318237562;S
20241021;100717;127.88;100;11318237563;S
20241021;100717;127.84;10;11318237564;S
20241021;100717;127.82;230;11318237565;S
20241021;100717;127.8;560;11318237566;S
20241021;100717;127.8;160;11318237567;S
20241021;100717;127.8;400;11318237568;S
20241021;100717;127.78;1750;11318237569;S
20241021;100717;127.96;560;11318237596;B
20241021;100717;127.98;760;11318237597;B
20241021;100717;128;160;11318237598;B
20241021;100717;128.02;400;11318237599;B
20241021;100717;128.02;400;11318237600;B
20241021;100717;128.02;60;11318237601;B
20241021;100717;128.04;240;11318237602;B
20241021;100717;128.14;160;11318237603;B
20241021;100717;128.16;1260;11318237604;B
20241021;100717;128.14;10;11318237659;S
20241021;100718;127.94;310;11318237668;S
20241021;100718;127.92;60;11318237669;S
20241021;100718;128.18;10;11318237844;B
20241021;100718;127.9;50;11318237881;S
20241021;100720;128.08;10;11318238081;B
20241021;100723;127.8;60;11318238992;S
20241021;100723;127.76;140;11318238993;S
20241021;100725;127.86;10;11318239233;B
20241021;100726;127.76;100;11318239591;S
20241021;100726;127.74;60;11318239592;S
20241021;100726;127.74;560;11318239593;S
20241021;100726;127.72;310;11318239594;S
20241021;100726;127.72;60;11318239595;S
20241021;100726;127.7;100;11318239596;S
20241021;100726;127.7;400;11318239597;S
20241021;100726;127.68;1200;11318239598;S
20241021;100726;127.66;210;11318239599;S
20241021;100728;127.84;30;11318239908;B
20241021;100729;127.84;210;11318240371;B
20241021;100729;127.9;180;11318240372;S
20241021;100730;127.58;300;11318240464;S
20241021;100730;127.56;230;11318240512;S
20241021;100730;127.86;50;11318240548;B
20241021;100730;127.9;60;11318240549;B
20241021;100730;127.92;560;11318240550;B
20241021;100730;127.94;430;11318240551;B
20241021;100730;127.98;50;11318240552;B
20241021;100730;128;300;11318240553;B
20241021;100730;128;1000;11318240554;B
20241021;100730;128;1560;11318240555;B
20241021;100730;128;110;11318240556;B
20241021;100730;128;310;11318240557;B
20241021;100730;128;1270;11318240559;S
20241021;100730;128;1450;11318240560;S
20241021;100730;128;2200;11318240561;S
20241021;100730;128;650;11318240563;S
20241021;100730;127.98;50;11318240704;B
20241021;100731;127.78;310;11318240869;S
20241021;100731;127.78;60;11318240870;S
20241021;100731;127.72;100;11318240871;S
20241021;100731;127.7;560;11318240872;S
20241021;100731;127.68;670;11318240873;S
20241021;100731;127.68;400;11318240874;S
20241021;100731;127.68;50;11318240875;S
20241021;100731;127.58;560;11318240876;S
20241021;100731;127.58;820;11318240877;S
20241021;100732;127.68;330;11318241096;S
20241021;100732;127.66;100;11318241097;S
20241021;100732;127.64;310;11318241098;S
20241021;100732;127.58;160;11318241099;S
20241021;100732;127.56;100;11318241100;S
20241021;100732;127.84;10;11318241178;B
20241021;100734;127.64;50;11318241469;S
20241021;100735;127.84;50;11318241701;B
20241021;100735;127.88;50;11318241818;B
20241021;100736;127.82;20;11318242073;B
20241021;100737;127.68;10;11318242146;S
20241021;100738;127.86;100;11318242322;B
20241021;100738;127.88;440;11318242323;B
20241021;100738;127.9;740;11318242324;B
20241021;100738;127.94;320;11318242325;B
20241021;100738;127.8;200;11318242359;B
20241021;100739;127.78;370;11318242547;B
20241021;100739;127.8;1130;11318242548;B
20241021;100739;127.8;10;11318242749;B
20241021;100740;127.66;80;11318242964;S
20241021;100740;127.66;190;11318242965;S
20241021;100741;127.66;10;11318243243;S
20241021;100745;127.76;10;11318244123;B
20241021;100745;127.8;20;11318244124;B
20241021;100745;127.68;90;11318244278;S
20241021;100747;127.66;100;11318244573;S
20241021;100747;127.66;220;11318244579;S
20241021;100747;127.64;310;11318244580;S
20241021;100747;127.64;250;11318244581;S
20241021;100747;127.56;220;11318244582;S
20241021;100747;127.78;180;11318244897;B
20241021;100747;127.8;600;11318244898;B
20241021;100749;127.8;1220;11318245451;B
20241021;100749;127.9;100;11318245452;B
20241021;100750;127.9;10;11318245488;S
20241021;100753;127.8;70;11318246526;B
20241021;100753;127.78;50;11318246534;S
20241021;100753;127.78;470;11318246535;S
20241021;100753;127.76;310;11318246536;S
20241021;100753;127.68;100;11318246537;S
20241021;100753;127.66;90;11318246538;S
20241021;100758;127.62;740;11318247752;S
20241021;100758;127.62;270;11318247753;S
20241021;100759;127.74;10;11318247942;B
20241021;100801;127.58;20;11318248644;S
20241021;100803;127.58;10;11318249054;S
20241021;100803;127.58;100;11318249225;S
20241021;100805;127.66;10;11318249627;B
20241021;100805;127.58;180;11318249637;S
20241021;100805;127.58;370;11318249638;S
20241021;100805;127.56;260;11318249639;S
20241021;100807;127.6;190;11318249952;S
20241021;100807;127.58;110;11318249953;S
20241021;100809;127.56;50;11318250524;S
20241021;100809;127.6;50;11318250563;B
20241021;100813;127.58;250;11318251330;B
20241021;100813;127.56;20;11318251331;S
20241021;100814;127.56;300;11318251546;S
20241021;100814;127.56;50;11318251547;S
20241021;100814;127.56;10;11318251548;S
20241021;100814;127.56;10;11318251549;S
20241021;100814;127.58;50;11318251594;B
20241021;100816;127.58;300;11318251910;B
20241021;100817;127.58;10;11318251993;B
20241021;100817;127.56;30;11318252096;S
20241021;100817;127.52;20;11318252097;S
20241021;100817;127.58;100;11318252103;B
20241021;100817;127.58;20;11318252108;B
20241021;100827;127.58;10;11318254019;B
20241021;100830;127.52;90;11318254696;S
20241021;100830;127.52;60;11318254697;S
20241021;100830;127.52;50;11318254698;S
20241021;100834;127.58;50;11318255322;B
20241021;100835;127.54;50;11318255506;S
20241021;100835;127.52;450;11318255507;S
20241021;100839;127.58;50;11318256171;B
20241021;100840;127.56;10;11318256208;B
20241021;100840;127.58;160;11318256209;B
20241021;100840;127.58;380;11318256210;B
20241021;100840;127.58;50;11318256211;B
20241021;100840;127.54;20;11318256332;S
20241021;100840;127.52;280;11318256333;S
20241021;100840;127.52;50;11318256334;S
20241021;100842;127.52;50;11318256714;B
20241021;100850;127.5;50;11318258113;S
20241021;100850;127.5;150;11318258114;S
20241021;100850;127.5;20;11318258115;S
20241021;100851;127.5;190;11318258257;S
20241021;100854;127.5;50;11318258919;S
20241021;100855;127.52;130;11318259241;B
20241021;100855;127.5;10;11318259242;S
20241021;100856;127.52;10;11318259325;B
20241021;100856;127.52;10;11318259463;B
20241021;100858;127.5;1000;11318259877;S
20241021;100859;127.5;100;11318260010;S
20241021;100901;127.52;10;11318260419;B
20241021;100901;127.5;10;11318260474;S
20241021;100902;127.5;50;11318260737;S
20241021;100902;127.52;10;11318260784;B
20241021;100903;127.5;140;11318260908;S
20241021;100903;127.5;600;11318261008;S
20241021;100904;127.52;10;11318261035;B
20241021;100906;127.5;680;11318261627;S
20241021;100906;127.5;50;11318261628;S
20241021;100906;127.5;10;11318261629;S
20241021;100906;127.5;300;11318261630;S
20241021;100906;127.5;600;11318261631;S
20241021;100906;127.5;100;11318261632;S
20241021;100906;127.5;810;11318261633;S
20241021;100906;127.5;50;11318261634;S
20241021;100906;127.48;100;11318261635;S
20241021;100906;127.44;10;11318261636;S
20241021;100906;127.44;50;11318261637;S
20241021;100906;127.38;100;11318261638;S
20241021;100906;127.32;920;11318261639;S
20241021;100906;127.3;500;11318261640;S
20241021;100906;127.3;310;11318261641;S
20241021;100906;127.28;50;11318261642;S
20241021;100906;127.28;250;11318261643;S
20241021;100906;127.22;200;11318261644;S
20241021;100906;127.2;160;11318261645;S
20241021;100906;127.16;40;11318261646;S
20241021;100906;127.14;10;11318261647;S
20241021;100906;127.12;700;11318261648;S
20241021;100906;127.16;100;11318261700;S
20241021;100907;127.36;10;11318261799;B
20241021;100911;127.2;10;11318262720;B
20241021;100911;127.24;10;11318262721;B
20241021;100911;127.24;10;11318262761;S
20241021;100912;127.24;10;11318262928;B
20241021;100912;127.24;10;11318263019;S
20241021;100913;127.24;10;11318263078;S
20241021;100913;127.24;300;11318263081;S
20241021;100913;127.24;10;11318263181;S
20241021;100913;127.24;50;11318263247;S
20241021;100914;127.26;10;11318263325;S
20241021;100914;127.3;10;11318263426;S
20241021;100914;127.3;90;11318263427;S
20241021;100914;127.28;10;11318263454;S
20241021;100916;127.3;10;11318263774;S
20241021;100916;127.28;10;11318263837;S
20241021;100917;127.28;10;11318263902;S
20241021;100918;127.28;10;11318264180;S
20241021;100918;127.42;10;11318264187;B
20241021;100918;127.3;10;11318264289;B
20241021;100919;127.28;100;11318264416;S
20241021;100920;127.32;10;11318264555;B
20241021;100920;127.4;560;11318264556;B
20241021;100920;127.42;50;11318264557;B
20241021;100920;127.42;880;11318264558;B
20241021;100920;127.46;390;11318264559;B
20241021;100920;127.48;160;11318264560;B
20241021;100920;127.5;100;11318264561;B
20241021;100920;127.52;2340;11318264562;B
20241021;100920;127.52;10;11318264563;B
20241021;100920;127.52;10;11318264649;B
20241021;100922;127.42;60;11318265041;B
20241021;100922;127.52;10;11318265096;B
20241021;100924;127.52;770;11318265742;B
20241021;100925;127.52;100;11318265979;S
20241021;100925;127.58;1000;11318266072;B
20241021;100925;127.6;10;11318266097;B
20241021;100925;127.64;160;11318266098;B
20241021;100925;127.66;200;11318266099;B
20241021;100925;127.68;820;11318266100;B
20241021;100925;127.7;1000;11318266101;B
20241021;100925;127.7;1810;11318266102;B
20241021;100927;127.7;1000;11318266611;B
20241021;100927;127.7;1190;11318266617;B
20241021;100927;127.7;40;11318266618;B
20241021;100927;127.7;60;11318266619;B
20241021;100927;127.7;20;11318266620;B
20241021;100928;127.78;10;11318266762;B
20241021;100928;127.8;60;11318266763;B
20241021;100928;127.8;30;11318266764;B
20241021;100928;127.8;30;11318266820;B
20241021;100929;127.8;140;11318267046;B
20241021;100930;128;10;11318267308;B
20241021;100935;127.8;100;11318268306;S
20241021;100935;127.78;100;11318268307;S
20241021;100935;127.74;300;11318268308;S
20241021;100935;127.94;50;11318268465;B
20241021;100936;127.94;100;11318268680;B
20241021;100939;127.6;410;11318269067;S
20241021;100939;127.58;310;11318269068;S
20241021;100939;127.58;400;11318269069;S
20241021;100939;127.54;60;11318269070;S
20241021;100939;127.54;100;11318269071;S
20241021;100939;127.52;430;11318269072;S
20241021;100939;127.4;790;11318269073;S
20241021;100942;127.44;50;11318269608;S
20241021;100945;127.46;150;11318270057;S
20241021;100953;127.52;50;11318271350;S
20241021;100957;127.72;10;11318271985;B
20241021;100957;127.72;10;11318271986;B
20241021;101000;127.8;70;11318272584;B
20241021;101000;127.8;60;11318272585;B
20241021;101000;127.82;100;11318272586;B
20241021;101000;127.88;260;11318272587;B
20241021;101004;127.84;300;11318273267;B
20241021;101004;127.86;50;11318273268;B
20241021;101004;127.86;100;11318273269;B
20241021;101004;127.88;50;11318273270;B
20241021;101004;127.9;440;11318273271;B
20241021;101004;127.92;60;11318273272;B
20241021;101012;127.78;10;11318274474;S
20241021;101017;127.86;10;11318275467;B
20241021;101017;127.88;10;11318275468;B
20241021;101028;127.84;30;11318277680;B
20241021;101028;127.84;90;11318277681;B
20241021;101030;127.84;130;11318277888;B
20241021;101030;127.84;170;11318277889;B
20241021;101031;127.84;10;11318278349;B
20241021;101038;127.8;10;11318279764;S
20241021;101039;127.8;10;11318280045;S
20241021;101039;127.78;60;11318280046;S
20241021;101039;127.76;20;11318280047;S
20241021;101039;127.74;10;11318280048;S
20241021;101043;127.76;10;11318280935;B
20241021;101043;127.76;40;11318280936;B
20241021;101044;127.78;10;11318281241;B
20241021;101044;127.78;40;11318281242;B
20241021;101050;127.68;10;11318282595;S
20241021;101052;127.68;20;11318282979;S
20241021;101059;127.6;250;11318285365;S
20241021;101107;127.68;10;11318286825;B
20241021;101122;127.62;10;11318289168;S
20241021;101123;127.62;110;11318289275;S
20241021;101126;127.62;130;11318289665;S
20241021;101126;127.6;10;11318289666;S
20241021;101126;127.6;80;11318289667;S
20241021;101126;127.58;10;11318289668;S
20241021;101126;127.58;80;11318289669;S
20241021;101126;127.58;310;11318289670;S
20241021;101126;127.56;10;11318289671;S
20241021;101126;127.56;680;11318289672;S
20241021;101129;127.54;50;11318290092;S
20241021;101130;127.54;10;11318290381;S
20241021;101130;127.54;40;11318290382;S
20241021;101142;127.56;310;11318292475;S
20241021;101142;127.56;430;11318292476;S
20241021;101142;127.54;80;11318292477;S
20241021;101147;127.54;200;11318293473;B
20241021;101147;127.52;10;11318293497;S
20241021;101147;127.52;270;11318293498;S
20241021;101151;127.54;10;11318294522;B
20241021;101154;127.52;40;11318295069;S
20241021;101154;127.52;90;11318295070;S
20241021;101156;127.52;100;11318295584;S
20241021;101158;127.52;20;11318296033;S
20241021;101158;127.52;310;11318296034;S
20241021;101158;127.5;10;11318296035;S
20241021;101158;127.5;10;11318296036;S
20241021;101158;127.5;110;11318296037;S
20241021;101158;127.5;10;11318296038;S
20241021;101158;127.5;1030;11318296039;S
20241021;101159;127.52;30;11318296066;S
20241021;101203;127.52;20;11318297022;S
20241021;101215;127.52;60;11318299797;S
20241021;101215;127.5;10;11318299798;S
20241021;101216;127.52;50;11318300091;S
20241021;101222;127.52;50;11318301465;B
20241021;101223;127.54;10;11318301502;B
20241021;101225;127.54;190;11318301932;B
20241021;101225;127.54;10;11318301933;B
20241021;101225;127.56;50;11318301934;B
20241021;101225;127.52;90;11318301949;S
20241021;101232;127.52;160;11318303272;S
20241021;101233;127.54;10;11318303499;B
20241021;101234;127.52;60;11318303677;S
20241021;101234;127.52;30;11318303678;S
20241021;101234;127.52;330;11318303679;S
20241021;101238;127.5;60;11318304462;S
20241021;101240;127.52;250;11318304710;B
20241021;101243;127.52;150;11318305129;B
20241021;101244;127.5;140;11318305452;S
20241021;101245;127.5;250;11318305825;S
20241021;101246;127.52;50;11318305851;B
20241021;101248;127.5;680;11318306309;S
20241021;101249;127.5;60;11318306452;S
20241021;101249;127.5;2000;11318306563;S
20241021;101252;127.52;100;11318307095;B
20241021;101257;127.5;900;11318308183;S
20241021;101259;127.5;80;11318308573;S
20241021;101300;127.52;100;11318308601;B
20241021;101300;127.5;30;11318308622;S
20241021;101302;127.5;20;11318308998;S
20241021;101302;127.5;60;11318309015;S
20241021;101306;127.52;300;11318309722;B
20241021;101306;127.5;1000;11318309792;S
20241021;101316;127.5;500;11318311950;S
20241021;101316;127.5;50;11318311951;S
20241021;101321;127.52;500;11318312816;B
20241021;101323;127.5;20;11318313162;S
20241021;101327;127.5;100;11318314030;S
20241021;101328;127.52;730;11318314231;B
20241021;101328;127.52;100;11318314232;B
20241021;101328;127.52;410;11318314233;B
20241021;101328;127.54;1000;11318314234;B
20241021;101328;127.54;260;11318314235;B
20241021;101330;127.52;10;11318314651;S
20241021;101332;127.52;10;11318314982;S
20241021;101339;127.52;10;11318316196;S
20241021;101339;127.5;40;11318316197;S
20241021;101340;127.5;450;11318316546;S
20241021;101340;127.5;1000;11318316660;S
20241021;101347;127.5;1010;11318318089;S
20241021;101347;127.5;200;11318318094;S
20241021;101347;127.5;310;11318318095;S
20241021;101348;127.5;200;11318318109;S
20241021;101348;127.5;20;11318318110;S
20241021;101348;127.5;90;11318318111;S
20241021;101348;127.5;60;11318318112;S
20241021;101348;127.5;60;11318318113;S
20241021;101349;127.5;40;11318318307;S
20241021;101349;127.5;50;11318318308;S
20241021;101349;127.48;160;11318318309;S
20241021;101352;127.48;170;11318319042;S
20241021;101354;127.48;10;11318319366;S
20241021;101354;127.48;80;11318319485;S
20241021;101354;127.48;10;11318319514;S
20241021;101400;127.5;340;11318320526;B
20241021;101401;127.48;10;11318320703;S
20241021;101406;127.48;10;11318321405;S
20241021;101410;127.48;50;11318321944;S
20241021;101413;127.44;20;11318322294;S
20241021;101417;127.48;20;11318322895;B
20241021;101417;127.48;30;11318322896;B
20241021;101439;127.4;200;11318326909;S
20241021;101439;127.4;60;11318326910;S
20241021;101439;127.38;180;11318326911;S
20241021;101439;127.36;180;11318326912;S
20241021;101439;127.32;310;11318326913;S
20241021;101439;127.3;200;11318326914;S
20241021;101439;127.28;690;11318326915;S
20241021;101439;127.26;160;11318326916;S
20241021;101439;127.2;390;11318326917;S
20241021;101443;127.38;50;11318327697;B
20241021;101445;127.38;20;11318328031;B
20241021;101446;127.22;50;11318328247;S
20241021;101447;127.36;560;11318328330;B
20241021;101447;127.36;100;11318328331;B
20241021;101447;127.38;210;11318328332;B
20241021;101452;127.3;10;11318329367;S
20241021;101454;127.3;90;11318329661;S
20241021;101454;127.28;70;11318329662;S
20241021;101456;127.4;20;11318329988;B
20241021;101502;127.36;100;11318331567;B
20241021;101503;127.36;10;11318331886;B
20241021;101505;127.32;50;11318332997;S
20241021;101505;127.3;30;11318332998;S
20241021;101507;127.36;10;11318333607;B
20241021;101508;127.36;10;11318334137;B
20241021;101512;127.36;10;11318335752;B
20241021;101512;127.36;10;11318336006;B
20241021;101513;127.36;10;11318336074;B
20241021;101513;127.36;10;11318336250;B
20241021;101514;127.36;10;11318336590;B
20241021;101515;127.36;10;11318336900;B
20241021;101516;127.36;10;11318337123;B
20241021;101519;127.4;10;11318338410;B
20241021;101520;127.4;10;11318338658;B
20241021;101520;127.36;30;11318338787;S
20241021;101520;127.34;20;11318338788;S
20241021;101520;127.32;10;11318338789;S
20241021;101523;127.32;240;11318339850;S
20241021;101528;127.4;10;11318341335;B
20241021;101528;127.32;70;11318341517;S
20241021;101528;127.3;10;11318341518;S
20241021;101528;127.3;40;11318341519;S
20241021;101528;127.28;40;11318341520;S
20241021;101528;127.28;300;11318341521;S
20241021;101528;127.28;30;11318341522;S
20241021;101528;127.24;50;11318341523;S
20241021;101528;127.22;180;11318341524;S
20241021;101528;127.2;50;11318341525;S
20241021;101528;127.2;560;11318341526;S
20241021;101528;127.18;600;11318341527;S
20241021;101528;127.18;100;11318341528;S
20241021;101528;127.18;100;11318341529;S
20241021;101528;127.16;2000;11318341530;S
20241021;101528;127.16;40;11318341531;S
20241021;101528;127.12;250;11318341532;S
20241021;101528;127.12;2000;11318341533;S
20241021;101528;127.12;50;11318341534;S
20241021;101528;127.1;10;11318341535;S
20241021;101528;127.1;10;11318341536;S
20241021;101528;127.08;900;11318341537;S
20241021;101529;127.12;310;11318341588;S
20241021;101529;127.12;100;11318341589;S
20241021;101529;127.12;350;11318341590;S
20241021;101529;127.1;30;11318341591;S
20241021;101529;127.16;100;11318341708;S
20241021;101533;127.3;10;11318342913;B
20241021;101533;127.3;10;11318342914;B
20241021;101533;127.32;30;11318342915;B
20241021;101533;127.32;50;11318343025;B
20241021;101533;127.32;10;11318343107;B
20241021;101533;127.32;50;11318343185;B
20241021;101539;127.32;10;11318344772;B
20241021;101541;127.32;10;11318345494;B
20241021;101542;127.22;30;11318345681;S
20241021;101542;127.22;280;11318345728;S
20241021;101542;127.2;40;11318345729;S
20241021;101542;127.18;30;11318345730;S
20241021;101542;127.18;150;11318345731;B
20241021;101546;127.32;10;11318347039;B
20241021;101549;127.22;310;11318347804;S
20241021;101549;127.2;30;11318347805;S
20241021;101549;127.18;30;11318347806;S
20241021;101549;127.16;10;11318347807;S
20241021;101549;127.14;500;11318347808;S
20241021;101549;127.1;50;11318347809;S
20241021;101549;127.08;250;11318347810;S
20241021;101549;127.08;160;11318347811;S
20241021;101549;127.06;80;11318347812;S
20241021;101554;127.12;200;11318349292;S
20241021;101556;127.12;100;11318349943;S
20241021;101557;127.3;10;11318350340;B
20241021;101600;127.3;20;11318351078;B
20241021;101600;127.32;10;11318351125;B
20241021;101606;127.32;10;11318352926;B
20241021;101608;127.3;250;11318353536;B
20241021;101608;127.32;240;11318353537;B
20241021;101608;127.34;20;11318353538;B
20241021;101608;127.34;50;11318353539;B
20241021;101608;127.36;50;11318353540;B
20241021;101610;127.36;60;11318354046;S
20241021;101612;127.36;330;11318354748;S
20241021;101619;127.3;40;11318357034;S
20241021;101620;127.3;60;11318357329;S
20241021;101621;127.34;10;11318357483;B
20241021;101622;127.34;10;11318357703;B
20241021;101622;127.3;10;11318357798;S
20241021;101622;127.3;40;11318357839;S
20241021;101623;127.3;100;11318357903;S
20241021;101623;127.28;60;11318357904;S
20241021;101623;127.26;60;11318357905;S
20241021;101623;127.22;130;11318357906;S
20241021;101627;127.2;50;11318359453;S
20241021;101627;127.2;150;11318359454;S
20241021;101631;127.14;20;11318360364;S
20241021;101631;127.14;10;11318360365;S
20241021;101631;127.12;10;11318360366;S
20241021;101631;127.12;310;11318360367;S
20241021;101631;127.12;40;11318360368;S
20241021;101632;127.16;10;11318360784;B
20241021;101633;127.14;10;11318360855;S
20241021;101633;127.12;10;11318360995;S
20241021;101634;127.16;10;11318361129;B
20241021;101634;127.12;300;11318361149;S
20241021;101634;127.1;10;11318361150;S
20241021;101634;127.1;10;11318361151;S
20241021;101634;127.1;10;11318361152;S
20241021;101634;127.1;10;11318361153;S
20241021;101634;127.12;10;11318361287;S
20241021;101635;127.12;10;11318361339;S
20241021;101636;127.12;200;11318361776;S
20241021;101637;127.12;10;11318361829;S
20241021;101637;127.12;10;11318361834;S
20241021;101637;127.22;10;11318361871;B
20241021;101637;127.14;10;11318361983;B
20241021;101638;127.12;10;11318362211;B
20241021;101638;127.16;10;11318362301;B
20241021;101638;127.16;10;11318362352;S
20241021;101639;127.16;10;11318362479;S
20241021;101639;127.16;20;11318362510;S
20241021;101639;127.14;30;11318362511;S
20241021;101639;127.24;10;11318362592;B
20241021;101639;127.12;10;11318362633;B
20241021;101640;127.12;10;11318362721;S
20241021;101642;127.1;10;11318363276;S
20241021;101642;127.12;10;11318363386;B
20241021;101642;127.12;10;11318363467;S
20241021;101643;127.1;10;11318363558;S
20241021;101643;127.1;10;11318363719;S
20241021;101644;127.1;10;11318363873;S
20241021;101644;127.1;10;11318363970;S
20241021;101645;127.12;10;11318364163;S
20241021;101646;127.12;10;11318364251;B
20241021;101646;127.1;10;11318364348;S
20241021;101649;127.12;10;11318364971;S
20241021;101650;127.1;250;11318365358;S
20241021;101651;127.1;750;11318365427;B
20241021;101651;127.1;10;11318365428;B
20241021;101651;127.1;10;11318365429;B
20241021;101651;127.12;10;11318365430;B
20241021;101651;127.12;10;11318365431;B
20241021;101651;127.12;10;11318365432;B
20241021;101651;127.1;10;11318365634;B
20241021;101651;127.1;10;11318365677;S
20241021;101652;127.12;10;11318365705;S
20241021;101652;127.1;10;11318365757;S
20241021;101652;127.1;10;11318365788;S
20241021;101652;127.1;20;11318365789;S
20241021;101652;127.1;250;11318365801;S
20241021;101653;127.12;10;11318365934;B
20241021;101653;127.12;10;11318365993;B
20241021;101653;127.12;10;11318366098;B
20241021;101653;127.12;10;11318366133;B
20241021;101653;127.12;10;11318366165;B
20241021;101654;127.1;10;11318366291;S
20241021;101654;127.1;130;11318366292;B
20241021;101654;127.12;100;11318366380;B
20241021;101654;127.14;20;11318366386;B
20241021;101655;127.1;10;11318366477;B
20241021;101655;127.1;10;11318366613;B
20241021;101655;127.08;20;11318366618;S
20241021;101655;127.1;10;11318366662;B
20241021;101655;127.12;100;11318366692;B
20241021;101655;127.1;10;11318366697;B
20241021;101656;127.1;10;11318366879;B
20241021;101656;127.14;10;11318366915;B
20241021;101657;127.12;100;11318366982;B
20241021;101657;127.1;10;11318366992;S
20241021;101657;127.14;20;11318367001;B
20241021;101657;127.1;10;11318367205;S
20241021;101658;127.14;50;11318367316;B
20241021;101659;127.1;140;11318367500;S
20241021;101659;127.14;10;11318367751;B
20241021;101700;127.12;10;11318367863;B
20241021;101703;127.16;30;11318369004;S
20241021;101703;127.14;60;11318369005;S
20241021;101705;127.12;10;11318369312;S
20241021;101710;127.18;10;11318370942;B
20241021;101710;127.14;50;11318370964;S
20241021;101710;127.12;300;11318370965;S
20241021;101710;127.12;100;11318370966;S
20241021;101710;127.12;50;11318370967;S
20241021;101713;127.14;10;11318372000;S
20241021;101713;127.12;30;11318372001;S
20241021;101713;127.12;260;11318372002;B
20241021;101715;127.1;10;11318372437;S
20241021;101722;127.2;50;11318374649;B
20241021;101722;127.2;10;11318374650;B
20241021;101722;127.22;100;11318374651;B
20241021;101722;127.24;30;11318374652;B
20241021;101722;127.26;40;11318374653;B
20241021;101723;127.14;10;11318375285;S
20241021;101724;127.16;10;11318375625;B
20241021;101725;127.14;10;11318375907;B
20241021;101726;127.16;10;11318376333;B
20241021;101727;127.14;10;11318376582;S
20241021;101728;127.2;10;11318377058;B
20241021;101728;127.2;30;11318377059;B
20241021;101730;127.18;10;11318377711;B
20241021;101731;127.16;10;11318377842;S
20241021;101731;127.16;10;11318378140;B
20241021;101732;127.14;10;11318378242;S
20241021;101732;127.14;10;11318378412;S
20241021;101732;127.14;10;11318378457;S
20241021;101732;127.14;10;11318378502;S
20241021;101733;127.14;10;11318378530;S
20241021;101733;127.2;10;11318378536;B
20241021;101733;127.14;10;11318378543;S
20241021;101733;127.14;10;11318378569;S
20241021;101733;127.14;10;11318378625;S
20241021;101733;127.14;10;11318378820;S
20241021;101733;127.14;10;11318378919;B
20241021;101733;127.14;10;11318378953;B
20241021;101734;127.14;10;11318378988;B
20241021;101734;127.14;10;11318379050;B
20241021;101734;127.14;10;11318379099;B
20241021;101734;127.14;10;11318379173;B
20241021;101734;127.14;10;11318379206;B
20241021;101734;127.14;10;11318379252;B
20241021;101735;127.14;10;11318379318;B
20241021;101736;127.18;50;11318379744;B
20241021;101736;127.2;10;11318379747;B
20241021;101736;127.2;40;11318379902;B
20241021;101736;127.14;10;11318379911;S
20241021;101737;127.14;10;11318380022;B
20241021;101737;127.16;10;11318380349;B
20241021;101738;127.14;10;11318380479;B
20241021;101739;127.16;10;11318380683;B
20241021;101740;127.18;10;11318381194;B
20241021;101740;127.18;10;11318381195;B
20241021;101740;127.18;10;11318381196;B
20241021;101740;127.18;10;11318381197;B
20241021;101740;127.2;10;11318381235;B
20241021;101742;127.14;10;11318381865;S
20241021;101742;127.12;100;11318381866;S
20241021;101742;127.12;40;11318381867;S
20241021;101742;127.12;20;11318381868;S
20241021;101742;127.12;30;11318381869;S
20241021;101743;127.18;20;11318382257;B
20241021;101745;127.2;20;11318382652;B
20241021;101745;127.2;10;11318382653;B
20241021;101745;127.26;10;11318382654;B
20241021;101745;127.26;10;11318382655;B
20241021;101745;127.26;10;11318382656;B
20241021;101745;127.28;560;11318382657;B
20241021;101746;127.3;30;11318382964;B
20241021;101748;127.28;50;11318383813;S
20241021;101751;127.3;270;11318384483;B
20241021;101751;127.3;630;11318384484;B
20241021;101752;127.34;30;11318384936;B
20241021;101752;127.36;10;11318384937;B
20241021;101752;127.38;10;11318384938;B
20241021;101752;127.4;70;11318384939;B
20241021;101752;127.4;100;11318384940;B
20241021;101752;127.4;130;11318384941;B
20241021;101752;127.4;30;11318384942;B
20241021;101752;127.42;100;11318384943;B
20241021;101752;127.42;30;11318384944;B
20241021;101752;127.48;100;11318384985;B
20241021;101752;127.48;20;11318384986;B
20241021;101755;127.48;20;11318385635;B
20241021;101800;127.28;260;11318387025;S
20241021;101803;127.46;10;11318387973;B
20241021;101803;127.46;100;11318387974;B
20241021;101803;127.48;80;11318387975;B
20241021;101803;127.5;80;11318387976;B
20241021;101803;127.5;540;11318387977;B
20241021;101803;127.5;400;11318387978;B
20241021;101803;127.52;20;11318387979;B
20241021;101803;127.52;100;11318387980;B
20241021;101803;127.54;400;11318387981;B
20241021;101803;127.56;10;11318387982;B
20241021;101803;127.56;50;11318387983;B
20241021;101803;127.56;160;11318387984;B
20241021;101803;127.58;880;11318387985;B
20241021;101803;127.6;100;11318387986;B
20241021;101803;127.6;70;11318387987;B
20241021;101803;127.58;70;11318388029;B
20241021;101808;127.52;20;11318388952;B
20241021;101813;127.52;10;11318390314;B
20241021;101814;127.52;20;11318390332;B
20241021;101814;127.56;10;11318390333;B
20241021;101814;127.58;160;11318390334;B
20241021;101814;127.58;10;11318390335;B
20241021;101814;127.58;20;11318390372;B
20241021;101817;127.52;10;11318391135;S
20241021;101820;127.38;60;11318391643;S
20241021;101820;127.32;40;11318391644;S
20241021;101822;127.36;80;11318392189;S
20241021;101829;127.36;100;11318393523;S
20241021;101830;127.52;10;11318393866;B
20241021;101834;127.52;10;11318394637;B
20241021;101834;127.52;10;11318394671;B
20241021;101843;127.52;30;11318396547;B
20241021;101843;127.52;160;11318396548;B
20241021;101843;127.52;140;11318396735;B
20241021;101843;127.54;100;11318396736;B
20241021;101847;127.54;20;11318397885;B
20241021;101848;127.54;50;11318398307;B
20241021;101849;127.54;20;11318398382;B
20241021;101849;127.54;100;11318398596;B
20241021;101850;127.54;20;11318398686;B
20241021;101853;127.52;20;11318399744;B
20241021;101854;127.38;70;11318400028;S
20241021;101855;127.54;40;11318400337;B
20241021;101855;127.54;20;11318400488;B
20241021;101856;127.38;100;11318400534;S
20241021;101856;127.54;10;11318400538;B
20241021;101856;127.54;20;11318400661;B
20241021;101903;127.52;40;11318402821;B
20241021;101903;127.52;20;11318402987;B
20241021;101907;127.54;10;11318404196;B
20241021;101907;127.54;10;11318404507;B
20241021;101909;127.54;20;11318404918;B
20241021;101917;127.54;10;11318407850;B
20241021;101917;127.54;100;11318408196;B
20241021;101919;127.54;180;11318408849;B
20241021;101920;127.54;20;11318409055;B
20241021;101920;127.54;50;11318409272;B
20241021;101921;127.54;30;11318409378;B
20241021;101921;127.54;30;11318409387;B
20241021;101921;127.48;40;11318409418;S
20241021;101921;127.54;10;11318409445;B
20241021;101921;127.54;40;11318409499;B
20241021;101921;127.54;20;11318409743;B
20241021;101922;127.54;10;11318409826;B
20241021;101924;127.54;40;11318410846;B
20241021;101926;127.54;40;11318411259;B
20241021;101930;127.54;10;11318412637;B
20241021;101932;127.54;80;11318413328;B
20241021;101944;127.54;40;11318417338;B
20241021;101945;127.54;40;11318417571;B
20241021;101945;127.54;40;11318417604;B
20241021;101953;127.54;190;11318420310;B
20241021;101958;127.52;10;11318421821;B
20241021;101959;127.52;10;11318421956;B
20241021;102001;127.52;10;11318422792;B
20241021;102002;127.52;20;11318422838;B
20241021;102004;127.48;30;11318423675;S
20241021;102004;127.48;10;11318423676;S
20241021;102004;127.52;20;11318423690;B
20241021;102005;127.52;10;11318423935;B
20241021;102007;127.52;10;11318424608;B
20241021;102010;127.48;10;11318425449;S
20241021;102016;127.52;10;11318427192;B
20241021;102028;127.52;280;11318434214;B
20241021;102028;127.52;70;11318434215;B
20241021;102028;127.54;240;11318434216;B
20241021;102028;127.54;40;11318434217;B
20241021;102028;127.54;40;11318434218;B
20241021;102028;127.54;20;11318434219;B
20241021;102028;127.54;70;11318434220;B
20241021;102028;127.54;200;11318434221;B
20241021;102028;127.54;10;11318434222;S
20241021;102029;127.56;10;11318434951;B
20241021;102029;127.56;40;11318435779;B
20241021;102029;127.58;20;11318435780;B
20241021;102029;127.58;30;11318435800;B
20241021;102031;127.54;10;11318437198;S
20241021;102034;127.6;30;11318440558;B
20241021;102034;127.58;70;11318441365;B
20241021;102037;127.58;10;11318444454;B
20241021;102044;127.58;20;11318451465;B
20241021;102044;127.58;10;11318451466;B
20241021;102046;127.54;20;11318453006;S
20241021;102046;127.5;10;11318453007;S
20241021;102046;127.5;30;11318453008;S
20241021;102046;127.48;40;11318453009;S
20241021;102046;127.48;30;11318453010;S
20241021;102046;127.46;10;11318453011;S
20241021;102046;127.44;100;11318453012;S
20241021;102046;127.44;50;11318453013;S
20241021;102059;127.58;50;11318466652;B
20241021;102105;127.58;410;11318473196;B
20241021;102105;127.6;270;11318473197;B
20241021;102121;127.58;50;11318490119;B
20241021;102121;127.6;60;11318490120;B
20241021;102121;127.6;10;11318490121;B
20241021;102123;127.6;10;11318492440;B
20241021;102125;127.6;10;11318494646;B
20241021;102125;127.6;10;11318494647;B
20241021;102127;127.5;10;11318496258;S
20241021;102127;127.5;20;11318496259;S
20241021;102127;127.6;220;11318496790;B
20241021;102127;127.6;10;11318496791;B
20241021;102127;127.62;10;11318496792;B
20241021;102127;127.62;500;11318496793;B
20241021;102127;127.62;40;11318496794;B
20241021;102128;127.64;50;11318497432;B
20241021;102128;127.64;100;11318497433;B
20241021;102128;127.64;150;11318497434;B
20241021;102128;127.64;110;11318497435;B
20241021;102128;127.64;10;11318497822;B
20241021;102128;127.66;1050;11318497825;B
20241021;102128;127.66;1950;11318497826;B
20241021;102128;127.66;10;11318497827;B
20241021;102128;127.68;30;11318497970;B
20241021;102129;127.64;50;11318498456;S
20241021;102132;127.7;20;11318501604;B
20241021;102134;127.64;120;11318502875;S
20241021;102134;127.7;10;11318503823;B
20241021;102137;127.7;20;11318506665;B
20241021;102137;127.7;450;11318506728;B
20241021;102137;127.72;100;11318506729;B
20241021;102137;127.72;100;11318506730;B
20241021;102137;127.74;100;11318506731;B
20241021;102137;127.74;60;11318506732;B
20241021;102138;127.74;180;11318507773;S
20241021;102140;127.76;20;11318510298;B
20241021;102141;127.76;10;11318511229;B
20241021;102142;127.76;20;11318511533;B
20241021;102143;127.84;20;11318512519;B
20241021;102149;127.84;10;11318518375;B
20241021;102149;127.86;30;11318518376;B
20241021;102149;127.86;20;11318518465;B
20241021;102149;127.86;50;11318518466;B
20241021;102149;127.86;200;11318518467;B
20241021;102149;127.88;10;11318518468;B
20241021;102149;127.88;300;11318518469;B
20241021;102149;127.88;50;11318518470;B
20241021;102149;127.88;20;11318518471;B
20241021;102149;127.9;10;11318518472;B
20241021;102149;127.9;40;11318518482;B
20241021;102150;127.9;10;11318519382;B
20241021;102150;127.92;640;11318519383;B
20241021;102150;127.92;310;11318519384;B
20241021;102150;127.94;40;11318519385;B
20241021;102152;127.84;10;11318521362;B
20241021;102152;127.94;30;11318521363;B
20241021;102152;127.96;200;11318521364;B
20241021;102152;127.98;310;11318521365;B
20241021;102152;128;10;11318521366;B
20241021;102152;128;100;11318521367;B
20241021;102152;128;60;11318521368;B
20241021;102152;128;10;11318521369;B
20241021;102152;128;30;11318521370;B
20241021;102152;128;50;11318521371;B
20241021;102152;128;10;11318521372;B
20241021;102152;128;500;11318521373;B
20241021;102152;128.02;710;11318521374;B
20241021;102152;128.02;900;11318521375;B
20241021;102152;128.06;300;11318521376;B
20241021;102152;128.08;270;11318521377;B
20241021;102152;128.1;10;11318521378;B
20241021;102152;128.1;90;11318521379;B
20241021;102152;128.14;100;11318521380;B
20241021;102152;128.16;20;11318521381;B
20241021;102152;128.16;10;11318521382;B
20241021;102152;128.18;40;11318521383;B
20241021;102152;128.18;500;11318521384;B
20241021;102152;128.18;790;11318521385;B
20241021;102152;128.2;10;11318521386;B
20241021;102152;128.2;10;11318521387;B
20241021;102152;128.2;220;11318521388;B
20241021;102152;128.2;50;11318521389;B
20241021;102152;128.2;100;11318521390;B
20241021;102152;128.24;20;11318521391;B
20241021;102152;128.24;10;11318521392;B
20241021;102152;128.26;560;11318521393;B
20241021;102152;128.26;40;11318521394;B
20241021;102152;128.26;100;11318521395;B
20241021;102152;128.28;30;11318521396;B
20241021;102152;128.3;390;11318521397;B
20241021;102152;128.3;100;11318521398;B
20241021;102152;128.32;10;11318521399;B
20241021;102152;128.32;1120;11318521400;B
20241021;102152;128.08;20;11318521785;B
20241021;102153;128.18;50;11318522731;B
20241021;102154;128.18;10;11318523662;B
20241021;102154;128.18;70;11318523958;B
20241021;102156;128.18;10;11318525698;B
20241021;102202;128.18;20;11318532516;B
20241021;102211;128.08;20;11318541739;S
20241021;102224;128.18;10;11318545133;B
20241021;102227;128.1;100;11318545950;S
20241021;102229;128.1;100;11318546453;S
20241021;102229;128.1;400;11318546454;S
20241021;102229;128.08;220;11318546455;S
20241021;102229;128.08;60;11318546456;S
20241021;102229;128.06;100;11318546457;S
20241021;102229;128.06;120;11318546458;S
20241021;102233;128.18;20;11318547412;B
20241021;102234;128.18;170;11318547672;B
20241021;102234;128.18;20;11318547784;B
20241021;102234;128.18;20;11318547816;B
20241021;102236;128.18;40;11318548081;B
20241021;102236;128.18;10;11318548082;B
20241021;102236;128.18;10;11318548083;B
20241021;102238;128.18;10;11318548673;B
20241021;102240;128.18;10;11318549233;B
20241021;102246;128.18;160;11318550486;B
20241021;102247;128.18;40;11318550603;B
20241021;102247;128.18;10;11318550604;B
20241021;102247;128.12;270;11318550626;S
20241021;102254;128.16;190;11318552199;B
20241021;102254;128.16;10;11318552200;B
20241021;102254;128.18;50;11318552201;B
20241021;102254;128.2;500;11318552202;B
20241021;102254;128.2;100;11318552203;B
20241021;102254;128.2;20;11318552204;B
20241021;102254;128.2;310;11318552205;B
20241021;102254;128.28;50;11318552206;B
20241021;102254;128.28;100;11318552207;B
20241021;102254;128.34;60;11318552208;B
20241021;102254;128.36;200;11318552209;B
20241021;102254;128.38;400;11318552210;B
20241021;102254;128.4;40;11318552211;B
20241021;102254;128.4;200;11318552212;B
20241021;102255;128.42;10;11318552457;S
20241021;102255;128.48;310;11318552536;B
20241021;102255;128.5;10;11318552537;B
20241021;102255;128.5;70;11318552538;B
20241021;102255;128.5;200;11318552539;B
20241021;102256;128.52;120;11318552564;B
20241021;102256;128.5;10;11318552759;S
20241021;102256;128.52;280;11318552793;S
20241021;102256;128.5;40;11318552799;S
20241021;102257;128.5;20;11318552860;S
20241021;102258;128.52;200;11318553121;B
20241021;102300;128.5;100;11318553796;S
20241021;102301;128.5;30;11318553882;S
20241021;102301;128.5;100;11318553979;S
20241021;102302;128.5;20;11318554473;S
20241021;102303;128.5;200;11318554813;S
20241021;102303;128.52;100;11318554988;B
20241021;102304;128.52;140;11318555015;B
20241021;102307;128.5;100;11318556269;S
20241021;102308;128.52;1000;11318556701;B
20241021;102310;128.52;100;11318557185;B
20241021;102310;128.52;20;11318557209;B
20241021;102310;128.52;160;11318557219;B
20241021;102310;128.52;30;11318557220;B
20241021;102310;128.56;10;11318557221;B
20241021;102310;128.56;300;11318557222;B
20241021;102310;128.52;100;11318557243;S
20241021;102311;128.52;10;11318557422;S
20241021;102311;128.52;10;11318557551;S
20241021;102313;128.56;30;11318558166;B
20241021;102316;128.58;10;11318559333;B
20241021;102316;128.6;50;11318559334;B
20241021;102316;128.6;300;11318559335;B
20241021;102316;128.62;10;11318559336;B
20241021;102316;128.62;20;11318559337;B
20241021;102316;128.62;50;11318559338;B
20241021;102316;128.64;20;11318559339;B
20241021;102316;128.66;20;11318559340;B
20241021;102316;128.66;310;11318559341;B
20241021;102316;128.66;160;11318559342;B
20241021;102316;128.7;10;11318559343;B
20241021;102316;128.7;100;11318559344;B
20241021;102316;128.72;90;11318559345;B
20241021;102317;128.76;20;11318559386;S
20241021;102317;128.76;80;11318559574;S
20241021;102320;128.76;310;11318560711;B
20241021;102320;128.76;30;11318560712;B
20241021;102320;128.78;210;11318560713;B
20241021;102320;128.8;200;11318560714;B
20241021;102320;128.8;10;11318560715;B
20241021;102320;128.8;10;11318560716;B
20241021;102320;128.8;190;11318560717;B
20241021;102320;128.82;100;11318560718;B
20241021;102320;128.84;10;11318560719;B
20241021;102320;128.84;100;11318560720;B
20241021;102320;128.84;60;11318560721;B
20241021;102320;128.9;100;11318560722;B
20241021;102320;128.9;10;11318560723;B
20241021;102320;128.9;120;11318560724;B
20241021;102320;128.9;10;11318560725;B
20241021;102320;128.9;80;11318560726;B
20241021;102320;128.9;270;11318560727;B
20241021;102320;128.92;1000;11318560728;B
20241021;102320;128.92;150;11318560729;B
20241021;102320;128.94;50;11318560730;B
20241021;102320;128.96;30;11318560731;B
20241021;102320;128.96;2160;11318560732;B
20241021;102320;128.98;400;11318560733;B
20241021;102320;129;10;11318560734;B
20241021;102320;129;10;11318560735;B
20241021;102320;129;50;11318560736;B
20241021;102320;129;500;11318560737;B
20241021;102320;129;10;11318560738;B
20241021;102320;129;1560;11318560739;B
20241021;102320;129;10;11318560740;B
20241021;102320;129;100;11318560741;B
20241021;102320;129;100;11318560742;B
20241021;102320;129;240;11318560743;B
20241021;102320;129;400;11318560744;B
20241021;102320;129;50;11318560745;B
20241021;102320;129;310;11318560746;B
20241021;102320;129;10;11318560747;B
20241021;102320;129;70;11318560748;B
20241021;102320;129;10;11318560749;B
20241021;102320;129;200;11318560750;B
20241021;102320;129;70;11318560751;B
20241021;102320;129;680;11318560752;S
20241021;102320;128.94;500;11318560802;S
20241021;102322;128.96;310;11318561570;B
20241021;102322;128.96;100;11318561571;B
20241021;102322;128.98;90;11318561572;B
20241021;102324;128.9;310;11318562448;S
20241021;102324;128.9;210;11318562449;S
20241021;102325;128.92;310;11318562544;S
20241021;102325;128.98;310;11318562576;B
20241021;102325;129;2780;11318562577;B
20241021;102325;128.98;310;11318562645;B
20241021;102325;128.98;90;11318562646;B
20241021;102325;129;220;11318562647;B
20241021;102325;129;10;11318562648;B
20241021;102325;129;300;11318562649;B
20241021;102325;129;50;11318562650;B
20241021;102325;129;150;11318562651;B
20241021;102325;129.02;720;11318562652;B
20241021;102326;128.96;100;11318563131;S
20241021;102327;128.98;310;11318563460;B
20241021;102327;129;100;11318563461;B
20241021;102327;129;80;11318563462;B
20241021;102327;129.02;280;11318563463;B
20241021;102327;129.02;80;11318563464;B
20241021;102327;129.04;10;11318563465;B
20241021;102327;129.04;20;11318563466;B
20241021;102327;129.08;10;11318563467;B
20241021;102327;129.08;10;11318563468;B
20241021;102327;129.08;40;11318563469;B
20241021;102327;129.1;460;11318563470;B
20241021;102328;129.02;20;11318564083;B
20241021;102329;129.02;10;11318564161;B
20241021;102329;129.02;280;11318564182;B
20241021;102329;129.04;20;11318564183;B
20241021;102329;129.08;100;11318564184;B
20241021;102329;129.1;100;11318564185;B
20241021;102329;129.06;10;11318564634;B
20241021;102330;129.04;10;11318565012;B
20241021;102330;129.04;10;11318565013;B
20241021;102330;128.96;140;11318565245;S
20241021;102330;128.96;860;11318565246;S
20241021;102330;128.92;400;11318565436;S
20241021;102330;128.86;1100;11318565437;S
20241021;102331;128.92;200;11318565993;B
20241021;102333;128.86;100;11318566535;B
20241021;102334;128.8;10;11318567175;S
20241021;102335;128.84;20;11318567402;B
20241021;102335;128.86;210;11318567403;B
20241021;102335;128.86;100;11318567404;B
20241021;102335;128.86;70;11318567405;B
20241021;102335;128.88;100;11318567406;B
20241021;102335;128.88;70;11318567407;B
20241021;102335;128.98;900;11318567408;B
20241021;102336;129;100;11318567798;S
20241021;102336;129;10;11318567868;S
20241021;102336;129.02;150;11318567875;B
20241021;102336;129.02;310;11318567876;B
20241021;102336;129.06;100;11318567877;B
20241021;102336;129.06;110;11318567878;B
20241021;102336;129.08;10;11318567879;B
20241021;102336;129.1;900;11318567880;B
20241021;102336;129.08;310;11318567959;B
20241021;102336;129.08;10;11318567960;B
20241021;102336;129.1;1040;11318567961;B
20241021;102336;129.1;60;11318567962;B
20241021;102336;129.1;50;11318567963;B
20241021;102336;129.1;20;11318567964;B
20241021;102336;129.1;50;11318567965;B
20241021;102336;129.1;40;11318567966;B
20241021;102336;129.1;50;11318567967;B
20241021;102336;129.18;10;11318567968;B
20241021;102336;129.18;30;11318567969;B
20241021;102336;129.2;1000;11318567970;B
20241021;102336;129.2;20;11318567971;B
20241021;102336;129.2;30;11318567972;B
20241021;102336;129.22;160;11318567973;B
20241021;102336;129.28;10;11318567974;B
20241021;102336;129.28;60;11318567975;B
20241021;102336;129.28;230;11318567976;B
20241021;102337;129.22;310;11318568103;B
20241021;102337;129.22;100;11318568104;B
20241021;102337;129.24;50;11318568105;B
20241021;102337;129.26;140;11318568106;B
20241021;102337;129.24;310;11318568282;B
20241021;102337;129.24;100;11318568283;B
20241021;102337;129.26;90;11318568284;B
20241021;102337;129.12;100;11318568387;B
20241021;102337;129.14;200;11318568388;B
20241021;102343;129.2;200;11318570636;B
20241021;102344;129.06;220;11318571131;S
20241021;102346;129.06;10;11318571629;S
20241021;102347;129.06;10;11318572013;S
20241021;102347;129.2;110;11318572096;B
20241021;102347;129.2;100;11318572097;B
20241021;102347;129.2;80;11318572098;B
20241021;102347;129.2;20;11318572099;B
20241021;102347;129.22;80;11318572100;B
20241021;102347;129.22;10;11318572101;B
20241021;102347;129.24;170;11318572102;B
20241021;102347;129.24;20;11318572103;B
20241021;102347;129.26;90;11318572104;B
20241021;102347;129.26;220;11318572105;B
20241021;102347;129.28;250;11318572106;B
20241021;102347;129.28;150;11318572107;B
20241021;102349;129.2;20;11318572614;S
20241021;102350;129.22;310;11318572704;B
20241021;102350;129.24;50;11318572705;B
20241021;102350;129.24;100;11318572706;B
20241021;102350;129.26;120;11318572707;B
20241021;102350;129.28;420;11318572708;B
20241021;102352;129.22;40;11318573458;S
20241021;102354;129.22;10;11318574036;S
20241021;102355;129.26;100;11318574114;B
20241021;102357;129.26;210;11318574571;B
20241021;102357;129.26;150;11318574572;B
20241021;102357;129.26;140;11318574609;S
20241021;102357;129.22;10;11318574635;S
20241021;102358;129.22;10;11318574970;S
20241021;102359;129.22;30;11318575095;S
20241021;102359;129.2;170;11318575096;S
20241021;102359;129.2;1500;11318575145;S
20241021;102401;129.2;10;11318575944;S
20241021;102402;129.2;10;11318575999;S
20241021;102402;129.2;20;11318576098;S
20241021;102404;129.2;250;11318576572;S
20241021;102404;129.2;20;11318576681;S
20241021;102404;129.2;100;11318576682;S
20241021;102405;129.08;50;11318576915;S
20241021;102405;129.08;50;11318576916;S
20241021;102406;129.16;100;11318577137;B
20241021;102410;129.12;20;11318578029;B
20241021;102416;129.12;290;11318579397;B
20241021;102416;129.14;50;11318579398;B
20241021;102416;129.14;80;11318579399;B
20241021;102416;129.16;80;11318579400;B
20241021;102416;129.16;100;11318579401;B
20241021;102416;129.16;10;11318579402;B
20241021;102416;129.16;500;11318579457;S
20241021;102418;129.16;10;11318579721;S
20241021;102418;129.18;310;11318579792;B
20241021;102418;129.2;500;11318579793;B
20241021;102418;129.2;50;11318579794;B
20241021;102418;129.2;90;11318579795;B
20241021;102418;129.2;10;11318579796;B
20241021;102418;129.22;50;11318579797;B
20241021;102418;129.22;500;11318579798;B
20241021;102418;129.22;90;11318579799;B
20241021;102418;129.22;100;11318579800;B
20241021;102418;129.24;100;11318579801;B
20241021;102418;129.24;860;11318579802;B
20241021;102418;129.24;80;11318579803;B
20241021;102418;129.26;50;11318579804;B
20241021;102418;129.26;1200;11318579805;B
20241021;102418;129.26;20;11318579806;B
20241021;102418;129.28;1430;11318579807;B
20241021;102418;129.28;10;11318579808;B
20241021;102418;129.28;70;11318579809;B
20241021;102418;129.28;500;11318579810;B
20241021;102418;129.3;200;11318579811;B
20241021;102418;129.3;330;11318579812;B
20241021;102418;129.3;40;11318579813;B
20241021;102418;129.32;2000;11318579814;B
20241021;102418;129.32;40;11318579815;B
20241021;102418;129.32;100;11318579816;B
20241021;102418;129.32;660;11318579817;S
20241021;102418;129.32;610;11318579818;S
20241021;102422;129.28;100;11318580520;B
20241021;102425;129.28;210;11318581141;B
20241021;102425;129.3;20;11318581142;B
20241021;102425;129.3;800;11318581143;B
20241021;102425;129.3;60;11318581144;B
20241021;102425;129.32;100;11318581145;B
20241021;102425;129.32;60;11318581146;B
20241021;102425;129.32;300;11318581147;B
20241021;102425;129.34;10;11318581148;B
20241021;102425;129.34;50;11318581149;B
20241021;102425;129.36;90;11318581150;B
20241021;102425;129.36;1000;11318581151;B
20241021;102425;129.38;50;11318581152;B
20241021;102425;129.4;10;11318581153;B
20241021;102425;129.4;20;11318581154;B
20241021;102425;129.4;7220;11318581155;B
20241021;102427;129.28;110;11318581373;B
20241021;102427;129.3;310;11318581374;B
20241021;102427;129.4;300;11318581464;B
20241021;102431;129.32;80;11318582037;S
20241021;102432;129.4;10;11318582287;B
20241021;102432;129.4;250;11318582288;B
20241021;102432;129.4;110;11318582289;B
20241021;102432;129.42;50;11318582290;B
20241021;102432;129.44;10;11318582291;B
20241021;102432;129.44;50;11318582292;B
20241021;102432;129.44;10;11318582293;B
20241021;102433;129.3;40;11318582332;S
20241021;102434;129.4;10;11318582476;B
20241021;102434;129.4;190;11318582477;B
20241021;102435;129.4;1000;11318582832;B
20241021;102435;129.4;190;11318582833;B
20241021;102436;129.4;810;11318582839;B
20241021;102436;129.4;190;11318582840;B
20241021;102436;129.32;10;11318582848;B
20241021;102438;129.4;300;11318583438;B
20241021;102439;129.4;10;11318583531;B
20241021;102439;129.3;10;11318583692;S
20241021;102440;129.4;50;11318583919;B
20241021;102440;129.4;100;11318583933;B
20241021;102441;129.4;80;11318584041;B
20241021;102441;129.4;1760;11318584168;B
20241021;102441;129.4;310;11318584169;B
20241021;102441;129.4;10;11318584170;B
20241021;102443;129.38;50;11318584568;B
20241021;102443;129.38;250;11318584569;B
20241021;102443;129.4;200;11318584570;B
20241021;102451;129.4;570;11318586228;B
20241021;102451;129.4;500;11318586229;B
20241021;102451;129.4;10;11318586230;B
20241021;102453;129.36;700;11318586604;S
20241021;102453;129.3;20;11318586605;S
20241021;102453;129.3;280;11318586606;B
20241021;102455;129.34;500;11318586936;B
20241021;102457;129.32;300;11318587325;B
20241021;102503;129.28;40;11318588757;B
20241021;102503;129.28;20;11318588758;B
20241021;102503;129.28;60;11318588760;B
20241021;102505;129.22;60;11318589160;S
20241021;102505;129.2;440;11318589161;S
20241021;102511;129.2;60;11318590670;S
20241021;102511;129.18;40;11318590671;S
20241021;102513;129.16;480;11318590894;S
20241021;102513;129.14;560;11318590895;S
20241021;102513;129.12;290;11318590896;S
20241021;102514;129.12;10;11318591050;S
20241021;102516;129.2;10;11318591406;B
20241021;102516;129.2;70;11318591407;B
20241021;102516;129.22;80;11318591408;B
20241021;102520;129.2;60;11318592027;B
20241021;102520;129.22;70;11318592028;B
20241021;102521;129.22;50;11318592069;B
20241021;102521;129.22;510;11318592070;B
20241021;102521;129.24;10;11318592071;B
20241021;102521;129.24;20;11318592072;B
20241021;102521;129.24;250;11318592073;B
20241021;102521;129.24;50;11318592074;B
20241021;102521;129.24;100;11318592075;B
20241021;102521;129.26;50;11318592076;B
20241021;102521;129.26;250;11318592077;B
20241021;102521;129.28;380;11318592078;B
20241021;102521;129.28;100;11318592079;B
20241021;102521;129.28;50;11318592080;B
20241021;102521;129.28;1000;11318592081;B
20241021;102521;129.28;230;11318592082;B
20241021;102523;129.14;50;11318592336;S
20241021;102523;129.14;560;11318592337;S
20241021;102523;129.12;400;11318592338;S
20241021;102523;129.12;50;11318592339;S
20241021;102523;129.12;20;11318592340;B
20241021;102523;129.28;310;11318592359;B
20241021;102523;129.12;10;11318592366;B
20241021;102529;129.24;10;11318593270;B
20241021;102531;129.26;80;11318593523;S
20241021;102531;129.26;250;11318593605;B
20241021;102531;129.26;10;11318593606;B
20241021;102538;129.16;230;11318594717;S
20241021;102538;129.16;100;11318594718;S
20241021;102538;129.12;100;11318594719;S
20241021;102538;129.1;70;11318594720;S
20241021;102538;129.1;100;11318594721;S
20241021;102538;129.06;560;11318594722;S
20241021;102538;129.06;120;11318594723;S
20241021;102542;129.04;10;11318595378;S
20241021;102542;129.04;10;11318595379;S
20241021;102542;129.02;440;11318595380;S
20241021;102542;129.02;80;11318595381;S
20241021;102542;129;450;11318595382;S
20241021;102542;129.04;260;11318595460;S
20241021;102542;129.02;80;11318595461;S
20241021;102542;129;1220;11318595462;S
20241021;102542;129;200;11318595463;S
20241021;102542;129;50;11318595464;S
20241021;102542;129;80;11318595465;S
20241021;102542;128.98;100;11318595466;S
20241021;102542;128.92;400;11318595467;S
20241021;102542;128.92;100;11318595468;S
20241021;102542;128.9;510;11318595469;S
20241021;102542;129.12;100;11318595491;S
20241021;102544;129.08;240;11318595848;S
20241021;102544;129.08;1480;11318595849;S
20241021;102544;129.08;1150;11318595850;S
20241021;102551;129;160;11318597068;S
20241021;102552;129;50;11318597149;S
20241021;102557;129.02;10;11318597958;S
20241021;102557;129.04;30;11318598151;B
20241021;102558;129.02;500;11318598202;S
20241021;102558;129;100;11318598203;S
20241021;102600;129;10;11318598521;S
20241021;102600;129;180;11318598549;S
20241021;102600;129;390;11318598550;S
20241021;102601;129;290;11318598593;S
20241021;102602;129.02;10;11318598792;B
20241021;102603;129;20;11318598945;S
20241021;102603;129.02;50;11318599023;B
20241021;102605;129;10;11318599161;S
20241021;102605;129;20;11318599162;S
20241021;102605;129;590;11318599186;S
20241021;102605;129;10;11318599187;S
20241021;102605;129;10;11318599196;B
20241021;102606;128.92;50;11318599389;S
20241021;102612;128.92;50;11318600132;S
20241021;102612;128.9;100;11318600133;S
20241021;102612;128.88;350;11318600134;S
20241021;102614;128.94;10;11318600524;B
20241021;102617;128.96;40;11318601365;B
20241021;102618;128.92;60;11318601595;S
20241021;102619;128.92;40;11318601979;S
20241021;102620;128.92;10;11318602025;B
20241021;102620;128.92;200;11318602079;B
20241021;102621;128.92;270;11318602162;B
20241021;102621;128.92;30;11318602163;B
20241021;102624;128.94;10;11318602849;B
20241021;102624;128.96;50;11318602850;B
20241021;102624;128.96;190;11318602851;B
20241021;102630;128.92;50;11318604253;B
20241021;102630;128.94;10;11318604254;B
20241021;102630;128.94;20;11318604289;S
20241021;102632;128.98;10;11318604811;B
20241021;102632;128.94;30;11318604888;S
20241021;102634;128.94;160;11318605188;B
20241021;102640;128.94;60;11318606018;B
20241021;102640;128.94;50;11318606081;S
20241021;102641;128.98;30;11318606157;B
20241021;102643;128.94;10;11318606476;S
20241021;102643;128.94;50;11318606498;S
20241021;102645;128.94;20;11318606882;S
20241021;102647;128.98;20;11318607086;B
20241021;102648;128.96;150;11318607215;S
20241021;102648;128.94;50;11318607216;S
20241021;102654;128.94;50;11318608054;S
20241021;102655;129;100;11318608139;B
20241021;102657;128.94;50;11318608464;S
20241021;102702;129;10;11318609084;B
20241021;102702;129;10;11318609100;B
20241021;102703;128.96;10;11318609396;S
20241021;102708;128.96;10;11318609879;S
20241021;102710;128.96;30;11318610139;S
20241021;102710;128.96;150;11318610140;S
20241021;102712;129;270;11318610404;B
20241021;102712;129;20;11318610405;B
20241021;102712;129;40;11318610406;B
20241021;102712;129;10;11318610407;B
20241021;102712;129;80;11318610408;B
20241021;102712;129;50;11318610409;B
20241021;102712;129.02;30;11318610410;B
20241021;102712;128.98;10;11318610424;S
20241021;102713;129.02;20;11318610583;B
20241021;102713;129;50;11318610605;S
20241021;102714;129.02;10;11318610698;B
20241021;102715;129;50;11318610771;S
20241021;102717;129.02;40;11318611081;B
20241021;102719;129;50;11318611263;S
20241021;102719;129;20;11318611267;S
20241021;102720;129;70;11318611406;S
20241021;102720;129;20;11318611407;S
20241021;102720;129;50;11318611408;S
20241021;102720;129;160;11318611409;S
20241021;102720;129;500;11318611410;S
20241021;102720;129;10;11318611411;S
20241021;102720;129;10;11318611505;B
20241021;102722;129;120;11318611695;B
20241021;102722;129;10;11318611707;B
20241021;102722;128.98;60;11318611773;S
20241021;102722;128.96;40;11318611774;S
20241021;102724;128.96;30;11318612014;S
20241021;102724;129;200;11318612062;B
20241021;102726;128.96;30;11318612428;S
20241021;102726;128.96;10;11318612429;S
20241021;102726;128.94;1960;11318612430;S
20241021;102727;128.98;250;11318612533;B
20241021;102727;128.98;160;11318612534;B
20241021;102727;129;1350;11318612535;B
20241021;102727;129;50;11318612536;B
20241021;102727;129;10;11318612537;B
20241021;102727;129.02;320;11318612538;B
20241021;102727;129.02;120;11318612539;B
20241021;102727;129.02;10;11318612540;S
20241021;102730;129.02;200;11318612919;S
20241021;102731;129.04;20;11318613179;B
20241021;102733;129.02;530;11318613313;S
20241021;102733;129.02;50;11318613314;S
20241021;102733;129;150;11318613315;S
20241021;102733;129;30;11318613316;S
20241021;102733;129;100;11318613317;S
20241021;102733;128.98;140;11318613318;S
20241021;102735;129.04;30;11318613585;B
20241021;102735;129.06;120;11318613586;B
20241021;102735;129.08;50;11318613587;B
20241021;102735;129.08;60;11318613588;B
20241021;102735;129.08;130;11318613589;B
20241021;102735;129.08;110;11318613590;B
20241021;102736;129.04;10;11318613744;B
20241021;102738;129;600;11318614051;B
20241021;102741;129;170;11318614366;B
20241021;102745;129;230;11318614950;B
20241021;102745;129;500;11318614951;B
20241021;102745;129;10;11318614952;B
20241021;102745;129.02;50;11318614953;B
20241021;102750;129.02;210;11318615695;S
20241021;102750;129.02;100;11318615696;S
20241021;102750;129;110;11318615697;S
20241021;102750;129;10;11318615698;S
20241021;102750;128.98;50;11318615699;S
20241021;102750;128.98;520;11318615700;S
20241021;102755;129;200;11318616466;S
20241021;102759;128.98;100;11318617532;S
20241021;102759;128.96;20;11318617706;S
20241021;102800;128.96;20;11318617786;S
20241021;102800;128.96;20;11318617796;S
20241021;102800;128.96;20;11318617835;S
20241021;102800;128.96;50;11318617836;S
20241021;102800;128.96;20;11318617864;S
20241021;102803;128.98;10;11318618256;B
20241021;102803;129;100;11318618257;B
20241021;102806;129;200;11318618717;S
20241021;102808;129.02;10;11318619085;B
20241021;102808;129.04;20;11318619086;B
20241021;102808;129.08;70;11318619087;B
20241021;102809;129;10;11318619187;S
20241021;102813;129.02;50;11318619704;S
20241021;102813;129;150;11318619705;S
20241021;102815;129;30;11318619919;S
20241021;102815;129;10;11318619920;S
20241021;102815;129;10;11318619921;S
20241021;102822;129;30;11318620934;S
20241021;102822;129;170;11318620935;S
20241021;102823;129;20;11318621020;S
20241021;102824;129;250;11318621193;S
20241021;102827;129;60;11318621568;S
20241021;102829;128.96;20;11318621808;S
20241021;102833;128.98;100;11318622347;B
20241021;102841;128.98;80;11318623353;B
20241021;102841;128.96;840;11318623419;S
20241021;102842;128.98;310;11318623545;B
20241021;102842;129;320;11318623546;B
20241021;102842;129.04;20;11318623547;B
20241021;102842;129.1;90;11318623548;B
20241021;102842;129.1;30;11318623549;B
20241021;102846;129;20;11318624033;S
20241021;102846;129;20;11318624052;S
20241021;102847;129;20;11318624111;S
20241021;102849;128.98;20;11318624405;S
20241021;102849;128.98;100;11318624406;S
20241021;102850;129.04;20;11318624562;B
20241021;102850;129.08;20;11318624563;B
20241021;102850;129.1;20;11318624564;B
20241021;102850;129.1;150;11318624565;B
20241021;102850;129.12;360;11318624566;B
20241021;102850;129.14;410;11318624567;B
