<DATE>;<TIME>;<LAST>;<VOL>;<ID>;<OPER>
20241024;095958;3883.5;1;11333322733;B
20241024;095958;3883.5;3;11333322734;B
20241024;095958;3883.5;3;11333322735;B
20241024;095958;3883.5;6;11333322736;B
20241024;095958;3883.5;16;11333322737;B
20241024;095958;3883.5;1;11333322738;B
20241024;095958;3883.5;1;11333322739;B
20241024;095958;3883.5;16;11333322740;B
20241024;095958;3883.5;1;11333322741;B
20241024;095958;3883.5;1;11333322742;B
20241024;095958;3883.5;1;11333322743;B
20241024;095958;3883.5;1;11333322744;B
20241024;095958;3883.5;5;11333322745;B
20241024;095958;3883.5;4;11333322746;S
20241024;095958;3883.5;2;11333322747;S
20241024;095958;3883.5;4;11333322748;B
20241024;095958;3883.5;20;11333322749;B
20241024;095958;3883.5;4;11333322750;B
20241024;095958;3883.5;148;11333322751;S
20241024;095958;3883.5;1;11333322752;S
20241024;095958;3883.5;43;11333322753;S
20241024;095958;3883.5;7;11333322754;S
20241024;095958;3883.5;1;11333322755;S
20241024;095958;3883.5;1;11333322756;S
20241024;095958;3883.5;3;11333322757;S
20241024;095958;3883.5;1;11333322758;S
20241024;095958;3883.5;6;11333322759;S
20241024;095958;3883.5;1;11333322760;S
20241024;095958;3883.5;2;11333322761;S
20241024;095958;3883.5;2;11333322762;S
20241024;095958;3883.5;3;11333322763;S
20241024;095958;3883.5;5;11333322764;S
20241024;095958;3883.5;1;11333322765;S
20241024;095958;3883.5;1;11333322766;S
20241024;095958;3883.5;5;11333322767;S
20241024;095958;3883.5;5;11333322768;S
20241024;095958;3883.5;1;11333322769;B
20241024;095958;3883.5;7;11333322770;B
20241024;095958;3883.5;2;11333322771;S
20241024;095958;3883.5;2;11333322772;B
20241024;095958;3883.5;1;11333322773;B
20241024;095958;3883.5;2;11333322774;B
20241024;095958;3883.5;2;11333322775;S
20241024;095958;3883.5;9;11333322776;S
20241024;095958;3883.5;5;11333322777;B
20241024;095958;3883.5;10;11333322778;B
20241024;095958;3883.5;23;11333322779;B
20241024;095958;3883.5;1;11333322780;B
20241024;095958;3883.5;2;11333322781;B
20241024;095958;3883.5;1;11333322782;B
20241024;095958;3883.5;1;11333322783;B
20241024;095958;3883.5;1;11333322784;B
20241024;095958;3883.5;1;11333322785;B
20241024;095958;3883.5;1;11333322786;B
20241024;100000;3883.5;15;11333322991;B
20241024;100000;3883.5;40;11333323072;B
20241024;100000;3883.5;40;11333323073;B
20241024;100000;3883.5;40;11333323074;B
20241024;100000;3883.5;40;11333323075;B
20241024;100000;3883.5;40;11333323132;B
20241024;100000;3883.5;40;11333323133;B
20241024;100000;3883.5;114;11333323139;B
20241024;100000;3883.5;1;11333323140;B
20241024;100000;3883.5;2;11333323141;B
20241024;100000;3883.5;3;11333323142;B
20241024;100000;3883.5;63;11333323143;B
20241024;100000;3883.5;40;11333323144;B
20241024;100000;3883.5;40;11333323150;B
20241024;100000;3883.5;24;11333323151;B
20241024;100000;3883.5;40;11333323156;B
20241024;100000;3883.5;20;11333323160;B
20241024;100000;3883.5;40;11333323161;B
20241024;100000;3883.5;5;11333323165;B
20241024;100000;3883.5;40;11333323167;B
20241024;100000;3883.5;3;11333323168;B
20241024;100000;3883.5;40;11333323169;B
20241024;100000;3883.5;40;11333323171;B
20241024;100000;3883.5;5;11333323172;B
20241024;100000;3883.5;40;11333323173;B
20241024;100000;3883.5;40;11333323177;B
20241024;100000;3883.5;36;11333323178;B
20241024;100000;3883.5;40;11333323179;B
20241024;100000;3883.5;40;11333323187;B
20241024;100000;3883.5;40;11333323188;B
20241024;100000;3883.5;46;11333323189;B
20241024;100000;3883.5;40;11333323191;B
20241024;100000;3883.5;6;11333323192;B
20241024;100000;3883.5;40;11333323193;B
20241024;100000;3883.5;31;11333323194;B
20241024;100000;3883.5;2;11333323195;B
20241024;100000;3883.5;1;11333323196;B
20241024;100000;3883.5;7;11333323198;B
20241024;100000;3883.5;1;11333323199;B
20241024;100000;3883.5;2;11333323200;B
20241024;100000;3884;2;11333323204;B
20241024;100000;3885;27;11333323206;B
20241024;100000;3885.5;15;11333323380;S
20241024;100000;3885.5;35;11333323381;S
20241024;100000;3887.5;1;11333323449;B
20241024;100001;3885.5;2;11333323614;S
20241024;100001;3885.5;2;11333323615;S
20241024;100001;3885.5;1;11333323684;S
20241024;100001;3885.5;15;11333323685;S
20241024;100001;3885;15;11333323686;S
20241024;100001;3885;6;11333323687;S
20241024;100001;3884.5;15;11333323688;S
20241024;100001;3884.5;7;11333323689;S
20241024;100001;3884.5;78;11333323690;S
20241024;100001;3884;15;11333323691;S
20241024;100001;3883.5;30;11333323692;S
20241024;100001;3883;1;11333323693;S
20241024;100001;3882;1;11333323695;S
20241024;100001;3882;2;11333323696;S
20241024;100001;3882;1;11333323697;S
20241024;100001;3882;1;11333323698;S
20241024;100001;3882;17;11333323699;S
20241024;100001;3882;1;11333323700;S
20241024;100001;3882;4;11333323883;B
20241024;100001;3882;4;11333323902;B
20241024;100001;3881;1;11333324032;S
20241024;100001;3881;49;11333324033;S
20241024;100001;3881;17;11333324035;S
20241024;100001;3881;2;11333324044;S
20241024;100001;3881;31;11333324046;S
20241024;100001;3881.5;60;11333324048;S
20241024;100001;3881.5;60;11333324049;S
20241024;100001;3881;36;11333324050;S
20241024;100001;3881;18;11333324053;S
20241024;100001;3881;40;11333324054;S
20241024;100001;3881;107;11333324055;S
20241024;100001;3881;1;11333324056;S
20241024;100001;3881;1;11333324057;S
20241024;100001;3881;1;11333324058;S
20241024;100001;3881;1;11333324059;S
20241024;100001;3881;1;11333324060;S
20241024;100001;3881;1;11333324061;S
20241024;100001;3881;1;11333324062;S
20241024;100001;3880.5;40;11333324063;S
20241024;100001;3880.5;10;11333324064;S
20241024;100001;3880;1;11333324065;S
20241024;100002;3880;1;11333324202;S
20241024;100002;3882;7;11333324206;B
20241024;100002;3882;40;11333324207;B
20241024;100002;3882;8;11333324208;B
20241024;100002;3882;32;11333324212;B
20241024;100002;3882;17;11333324213;B
20241024;100002;3882;20;11333324214;B
20241024;100002;3882;40;11333324215;B
20241024;100002;3882;3;11333324216;B
20241024;100002;3880.5;40;11333324319;S
20241024;100002;3880.5;12;11333324320;S
20241024;100002;3880.5;1;11333324489;B
20241024;100002;3880;40;11333324665;S
20241024;100002;3880;9;11333324666;S
20241024;100002;3880;1;11333324667;S
20241024;100002;3880;2;11333324668;S
20241024;100002;3880;5;11333324669;S
20241024;100002;3880;1;11333324670;S
20241024;100002;3880;2;11333324671;S
20241024;100002;3880;1;11333324672;S
20241024;100002;3880;2;11333324673;S
20241024;100002;3880;1;11333324674;S
20241024;100002;3880;1;11333324675;S
20241024;100002;3880;1;11333324676;S
20241024;100002;3880;1;11333324677;S
20241024;100002;3880;1;11333324678;S
20241024;100002;3880;2;11333324679;S
20241024;100002;3880;10;11333324680;S
20241024;100002;3880;13;11333324688;S
20241024;100004;3879.5;2;11333326398;S
20241024;100004;3880;1;11333326713;B
20241024;100004;3879.5;1;11333326715;S
20241024;100004;3879.5;47;11333327458;S
20241024;100004;3879.5;53;11333327459;S
20241024;100004;3879.5;47;11333327463;S
20241024;100004;3879.5;1;11333328297;B
20241024;100004;3879;1;11333328302;S
20241024;100005;3879;4;11333329082;S
20241024;100005;3879.5;51;11333329084;B
20241024;100005;3879.5;15;11333329085;B
20241024;100005;3879.5;40;11333329086;B
20241024;100005;3879.5;123;11333329087;B
20241024;100005;3879.5;40;11333329088;B
20241024;100005;3880;26;11333329089;B
20241024;100005;3880;5;11333329090;B
20241024;100005;3879;16;11333329094;S
20241024;100005;3879.5;3;11333329403;B
20241024;100005;3879;1;11333329563;S
20241024;100005;3879;13;11333329565;S
20241024;100005;3879;13;11333329568;S
20241024;100005;3879.5;1;11333329571;B
20241024;100005;3879.5;1;11333329574;B
20241024;100005;3879;2;11333329575;S
20241024;100005;3879;15;11333329576;S
20241024;100005;3879;10;11333329923;S
20241024;100005;3879;10;11333329924;S
20241024;100005;3879;3;11333329925;S
20241024;100005;3881;3;11333330391;B
20241024;100005;3879;1;11333330395;S
20241024;100006;3880;43;11333330709;S
20241024;100006;3880;9;11333330710;S
20241024;100006;3879.5;11;11333330711;S
20241024;100006;3880;4;11333331399;S
20241024;100006;3880;40;11333331402;S
20241024;100006;3880;15;11333331412;S
20241024;100006;3879.5;12;11333331420;S
20241024;100006;3880;47;11333331425;S
20241024;100006;3881;1;11333331618;B
20241024;100007;3881;3;11333332029;B
20241024;100007;3879;3;11333332372;S
20241024;100007;3879;4;11333332392;S
20241024;100007;3879;5;11333332397;S
20241024;100008;3879.5;5;11333332497;S
20241024;100008;3880;40;11333332509;B
20241024;100008;3880.5;52;11333332510;B
20241024;100008;3880.5;40;11333332511;B
20241024;100008;3880.5;15;11333332512;B
20241024;100008;3881;7;11333332513;B
20241024;100009;3881;15;11333332816;B
20241024;100009;3881;1;11333332843;B
20241024;100010;3880;20;11333332901;S
20241024;100010;3881;14;11333333071;B
20241024;100010;3881;37;11333333072;B
20241024;100010;3881;3;11333333112;B
20241024;100010;3881;20;11333333159;B
20241024;100010;3881;1;11333333160;B
20241024;100010;3880;3;11333333176;S
20241024;100010;3881;16;11333333219;B
20241024;100010;3881;30;11333333220;B
20241024;100010;3881.5;10;11333333221;B
20241024;100010;3881.5;30;11333333222;B
20241024;100010;3881.5;15;11333333223;B
20241024;100010;3882;15;11333333224;B
20241024;100010;3882;30;11333333225;B
20241024;100010;3882;40;11333333226;B
20241024;100010;3882.5;15;11333333227;B
20241024;100010;3882.5;30;11333333228;B
20241024;100010;3883;15;11333333229;B
20241024;100010;3883;12;11333333230;B
20241024;100010;3881.5;1;11333333232;B
20241024;100010;3881;1;11333333311;B
20241024;100010;3881.5;29;11333333312;B
20241024;100010;3881.5;2;11333333329;B
20241024;100011;3881;1;11333333394;S
20241024;100011;3881;10;11333333395;S
20241024;100011;3880.5;10;11333333396;S
20241024;100011;3880.5;10;11333333397;S
20241024;100011;3880;1;11333333458;S
20241024;100011;3880.5;5;11333333488;B
20241024;100011;3881;13;11333333489;B
20241024;100011;3881;1;11333333490;B
20241024;100012;3879.5;7;11333333544;S
20241024;100012;3880.5;4;11333333640;B
20241024;100013;3880;1;11333334048;B
20241024;100016;3880;1;11333334868;B
20241024;100016;3880.5;40;11333334869;B
20241024;100016;3881;40;11333334870;B
20241024;100016;3881.5;10;11333334871;B
20241024;100016;3881.5;30;11333334872;B
20241024;100016;3881.5;40;11333334873;B
20241024;100016;3882;30;11333334874;B
20241024;100016;3882;15;11333334875;B
20241024;100016;3882;44;11333334876;B
20241024;100017;3881.5;5;11333335381;B
20241024;100017;3881.5;10;11333335382;B
20241024;100017;3882.5;40;11333335383;B
20241024;100017;3882.5;40;11333335384;B
20241024;100017;3882.5;15;11333335385;B
20241024;100017;3883;15;11333335386;B
20241024;100017;3883;3;11333335387;B
20241024;100019;3883.5;40;11333335869;B
20241024;100019;3883.5;60;11333335870;B
20241024;100021;3883.5;2;11333336211;B
20241024;100021;3883.5;2;11333336216;B
20241024;100021;3883.5;10;11333336221;B
20241024;100021;3883.5;1;11333336233;B
20241024;100021;3883.5;1;11333336248;B
20241024;100021;3883.5;24;11333336277;B
20241024;100021;3883.5;24;11333336299;B
20241024;100021;3883.5;58;11333336460;B
20241024;100021;3884;42;11333336461;B
20241024;100021;3883.5;5;11333336540;S
20241024;100022;3884;20;11333336546;B
20241024;100022;3884;200;11333336558;B
20241024;100022;3883.5;13;11333336566;S
20241024;100022;3883.5;15;11333336567;S
20241024;100022;3883;15;11333336568;S
20241024;100022;3882.5;15;11333336569;S
20241024;100022;3882.5;6;11333336570;S
20241024;100022;3883;5;11333336572;S
20241024;100022;3883.5;27;11333336624;B
20241024;100022;3883.5;9;11333336667;B
20241024;100022;3883.5;2;11333336668;B
20241024;100022;3884;250;11333336679;B
20241024;100022;3884;63;11333336708;B
20241024;100022;3884;78;11333336714;B
20241024;100022;3884;16;11333336717;B
20241024;100022;3884;100;11333336744;B
20241024;100022;3884;40;11333336745;B
20241024;100022;3884;400;11333336882;B
20241024;100023;3884;1;11333336947;B
20241024;100023;3884;200;11333336996;B
20241024;100026;3884;55;11333337618;B
20241024;100026;3884;20;11333337619;B
20241024;100026;3884;257;11333337644;B
20241024;100026;3884;1;11333337796;B
20241024;100027;3884;1;11333337857;B
20241024;100027;3884;200;11333337862;B
20241024;100027;3884;143;11333337863;B
20241024;100027;3884;16;11333337864;B
20241024;100027;3884;9;11333337865;B
20241024;100027;3884;1;11333337903;B
20241024;100027;3884;60;11333337940;B
20241024;100027;3884;50;11333337969;B
20241024;100027;3884;50;11333338066;B
20241024;100028;3884;200;11333338091;B
20241024;100028;3884;21;11333338092;B
20241024;100028;3884;3;11333338093;B
20241024;100028;3884;25;11333338107;B
20241024;100028;3884;30;11333338134;B
20241024;100028;3884;50;11333338269;B
20241024;100028;3884;14;11333338270;B
20241024;100029;3884;100;11333338373;B
20241024;100029;3884;132;11333338397;B
20241024;100029;3884;10;11333338398;B
20241024;100029;3886.5;15;11333338399;B
20241024;100029;3887;15;11333338400;B
20241024;100029;3887.5;15;11333338401;B
20241024;100029;3887.5;156;11333338402;B
20241024;100029;3888;1;11333338403;B
20241024;100029;3888;15;11333338404;B
20241024;100029;3888;91;11333338405;B
20241024;100029;3888.5;15;11333338406;B
20241024;100029;3888.5;30;11333338407;B
20241024;100029;3889;15;11333338408;B
20241024;100029;3889;10;11333338409;S
20241024;100029;3889;45;11333338410;S
20241024;100029;3889.5;10;11333338411;B
20241024;100029;3889.5;5;11333338412;B
20241024;100029;3889.5;40;11333338413;B
20241024;100029;3889.5;1;11333338414;B
20241024;100029;3890;1;11333338437;B
20241024;100029;3890.5;10;11333338438;B
20241024;100029;3891;8;11333338439;B
20241024;100029;3891;5;11333338440;B
20241024;100029;3891;25;11333338441;B
20241024;100029;3891;67;11333338442;S
20241024;100029;3891;20;11333338443;S
20241024;100029;3891.5;1;11333338444;B
20241024;100029;3891.5;9;11333338445;B
20241024;100029;3892;11;11333338446;B
20241024;100029;3891.5;15;11333338577;S
20241024;100030;3892;30;11333338585;B
20241024;100030;3891.5;3;11333338637;S
20241024;100030;3891.5;3;11333338638;S
20241024;100030;3892;153;11333338668;B
20241024;100030;3892.5;10;11333338669;B
20241024;100030;3893;2;11333338670;B
20241024;100030;3894;15;11333338671;B
20241024;100030;3894.5;15;11333338672;B
20241024;100030;3894.5;30;11333338673;B
20241024;100030;3894.5;50;11333338674;B
20241024;100030;3894.5;45;11333338675;B
20241024;100030;3895;4;11333338676;B
20241024;100030;3895;1;11333338677;B
20241024;100030;3895;60;11333338678;B
20241024;100030;3895;15;11333338679;B
20241024;100030;3895;117;11333338680;B
20241024;100030;3896;5;11333338686;B
20241024;100031;3896;45;11333338942;B
20241024;100031;3895;15;11333339111;S
20241024;100031;3895;40;11333339112;S
20241024;100031;3895;25;11333339113;S
20241024;100032;3895;4;11333339214;S
20241024;100032;3895;24;11333339215;S
20241024;100032;3895;16;11333339216;S
20241024;100032;3895;5;11333339217;S
20241024;100033;3893.5;10;11333339421;S
20241024;100035;3893;1;11333339934;B
20241024;100035;3893.5;34;11333339935;B
20241024;100035;3893.5;1;11333339960;B
20241024;100036;3893;4;11333340098;B
20241024;100036;3893;15;11333340107;B
20241024;100036;3893;4;11333340137;B
20241024;100037;3892.5;1;11333340504;S
20241024;100040;3892.5;40;11333341062;S
20241024;100040;3892.5;16;11333341063;S
20241024;100041;3892.5;44;11333341359;B
20241024;100041;3892.5;15;11333341360;B
20241024;100041;3892.5;10;11333341361;B
20241024;100041;3893;1;11333341362;B
20241024;100041;3893;50;11333341363;B
20241024;100041;3893;50;11333341364;B
20241024;100041;3893;1;11333341365;B
20241024;100041;3893;15;11333341366;B
20241024;100041;3893.5;24;11333341367;B
20241024;100041;3892.5;1;11333341377;S
20241024;100041;3893;43;11333341519;B
20241024;100041;3893;50;11333341520;B
20241024;100041;3893.5;26;11333341521;B
20241024;100041;3893.5;15;11333341522;B
20241024;100041;3893.5;50;11333341523;B
20241024;100041;3894;50;11333341524;B
20241024;100041;3894;15;11333341525;B
20241024;100041;3894;50;11333341526;B
20241024;100041;3894;1;11333341527;B
20241024;100042;3894;1;11333341726;B
20241024;100042;3894;2;11333341727;B
20241024;100045;3893.5;25;11333342318;B
20241024;100045;3893.5;25;11333342319;B
20241024;100046;3893.5;25;11333342574;B
20241024;100046;3894;1;11333342575;B
20241024;100046;3894;5;11333342594;B
20241024;100046;3892.5;2;11333342650;S
20241024;100047;3894;16;11333342897;B
20241024;100047;3894;10;11333342898;B
20241024;100047;3894;1;11333342918;B
20241024;100048;3894;10;11333343085;B
20241024;100048;3894;29;11333343289;B
20241024;100048;3894;8;11333343290;B
20241024;100048;3894;1;11333343291;B
20241024;100049;3893;12;11333343390;S
20241024;100049;3893;7;11333343391;S
20241024;100049;3893.5;52;11333343408;B
20241024;100049;3893.5;15;11333343409;B
20241024;100049;3894;23;11333343410;B
20241024;100050;3893;4;11333343666;S
20241024;100050;3893.5;2;11333343733;B
20241024;100050;3893.5;8;11333343854;B
20241024;100051;3893.5;5;11333343951;B
20241024;100051;3892.5;3;11333343957;S
20241024;100051;3892.5;30;11333343958;S
20241024;100051;3892.5;5;11333343959;S
20241024;100051;3892.5;15;11333343960;S
20241024;100051;3892;15;11333343961;S
20241024;100051;3892;5;11333343962;S
20241024;100051;3892;27;11333343963;S
20241024;100051;3892;1;11333344042;B
20241024;100052;3892;5;11333344280;B
20241024;100053;3891.5;30;11333344550;S
20241024;100053;3891.5;60;11333344551;S
20241024;100053;3891;110;11333344552;S
20241024;100053;3891.5;28;11333344553;S
20241024;100055;3891.5;2;11333345110;S
20241024;100055;3891.5;23;11333345198;B
20241024;100055;3891.5;15;11333345199;B
20241024;100055;3892;9;11333345200;B
20241024;100055;3892;50;11333345201;B
20241024;100055;3892.5;3;11333345202;B
20241024;100056;3893;7;11333345345;B
20241024;100056;3893.5;52;11333345346;B
20241024;100056;3893.5;23;11333345347;B
20241024;100056;3893.5;10;11333345348;B
20241024;100056;3893.5;40;11333345349;B
20241024;100056;3894;50;11333345350;B
20241024;100056;3894.5;50;11333345351;B
20241024;100056;3894.5;24;11333345352;B
20241024;100057;3894.5;1;11333345588;B
20241024;100057;3894.5;25;11333345608;B
20241024;100057;3894.5;40;11333345609;B
20241024;100057;3895.5;31;11333345610;B
20241024;100057;3895.5;10;11333345611;B
20241024;100057;3896;1;11333345612;B
20241024;100058;3895;5;11333345890;B
20241024;100059;3895;1;11333346218;B
20241024;100059;3894.5;40;11333346390;B
20241024;100059;3894.5;5;11333346391;B
20241024;100059;3895;15;11333346392;B
20241024;100100;3894.5;12;11333346424;B
20241024;100100;3894;1;11333346534;S
20241024;100100;3893;1;11333346535;S
20241024;100100;3894;8;11333346602;B
20241024;100100;3894.5;15;11333346603;B
20241024;100100;3894.5;4;11333346604;B
20241024;100100;3894.5;52;11333346605;B
20241024;100100;3894.5;8;11333346606;B
20241024;100100;3894.5;40;11333346607;B
20241024;100100;3894.5;40;11333346608;B
20241024;100100;3895;29;11333346609;B
20241024;100100;3895;4;11333346610;B
20241024;100101;3892;1;11333347380;S
20241024;100103;3890.5;5;11333347854;B
20241024;100104;3890;3;11333348123;S
20241024;100104;3889;203;11333348124;S
20241024;100104;3889;11;11333348125;S
20241024;100104;3888.5;15;11333348126;S
20241024;100104;3888.5;18;11333348127;S
20241024;100104;3889;5;11333348133;B
20241024;100104;3888;10;11333348139;S
20241024;100107;3888.5;1;11333348851;B
20241024;100107;3888.5;1;11333348873;B
20241024;100108;3888;1;11333349273;B
20241024;100108;3888.5;48;11333349274;B
20241024;100108;3888.5;8;11333349275;B
20241024;100108;3889;8;11333349276;B
20241024;100108;3889;15;11333349277;B
20241024;100110;3889;2;11333349791;B
20241024;100111;3889;24;11333349893;B
20241024;100113;3887.5;3;11333350362;S
20241024;100116;3889;8;11333350985;B
20241024;100117;3889;4;11333351217;B
20241024;100117;3889;2;11333351247;B
20241024;100118;3888;1;11333351367;S
20241024;100118;3888.5;1;11333351393;B
20241024;100118;3889;9;11333351394;B
20241024;100121;3887.5;1;11333352027;B
20241024;100121;3888;51;11333352038;B
20241024;100122;3887;50;11333352243;B
20241024;100122;3887;1;11333352244;B
20241024;100122;3887.5;12;11333352245;B
20241024;100122;3888;40;11333352246;B
20241024;100122;3888;12;11333352247;B
20241024;100122;3888.5;13;11333352248;B
20241024;100124;3888.5;5;11333352661;B
20241024;100125;3887.5;2;11333352930;B
20241024;100126;3887.5;1;11333353146;B
20241024;100127;3887.5;10;11333353314;B
20241024;100127;3885.5;1;11333353333;S
20241024;100127;3887.5;27;11333353468;B
20241024;100127;3887.5;25;11333353469;B
20241024;100128;3887.5;8;11333353520;B
20241024;100129;3887.5;1;11333353688;B
20241024;100130;3886;17;11333354054;B
20241024;100130;3887;52;11333354055;B
20241024;100130;3887.5;6;11333354056;B
20241024;100130;3887.5;25;11333354057;B
20241024;100131;3887;3;11333354126;B
20241024;100132;3886;2;11333354239;S
20241024;100132;3886;5;11333354437;B
20241024;100132;3886;50;11333354438;B
20241024;100132;3887;9;11333354439;B
20241024;100134;3886.5;1;11333354645;B
20241024;100136;3886.5;5;11333354995;B
20241024;100137;3886.5;13;11333355229;B
20241024;100139;3886.5;1;11333355589;B
20241024;100140;3886;78;11333356035;B
20241024;100140;3886.5;10;11333356036;B
20241024;100140;3887;42;11333356037;B
20241024;100141;3886.5;15;11333356078;S
20241024;100141;3886;52;11333356079;S
20241024;100141;3886;15;11333356080;S
20241024;100141;3886;49;11333356082;B
20241024;100141;3887;51;11333356083;B
20241024;100144;3886;3;11333356716;S
20241024;100144;3886;15;11333356717;S
20241024;100144;3886;32;11333356718;S
20241024;100144;3886.5;20;11333356818;B
20241024;100144;3886.5;1;11333356835;B
20241024;100147;3886.5;85;11333357423;B
20241024;100147;3887;15;11333357450;B
20241024;100149;3887;100;11333357904;B
20241024;100151;3887;42;11333358329;B
20241024;100151;3887.5;8;11333358330;B
20241024;100151;3887.5;1;11333358332;B
20241024;100152;3887.5;1;11333358410;B
20241024;100152;3888.5;42;11333358411;B
20241024;100152;3888.5;7;11333358412;B
20241024;100152;3888.5;2;11333358521;B
20241024;100153;3887;9;11333358549;S
20241024;100155;3888.5;50;11333358958;B
20241024;100155;3888.5;1;11333358963;B
20241024;100155;3889;13;11333358996;B
20241024;100157;3889;100;11333359567;B
20241024;100157;3888.5;15;11333359770;S
20241024;100157;3888;35;11333359771;S
20241024;100157;3888.5;1;11333359775;S
20241024;100158;3888.5;14;11333359824;S
20241024;100158;3888;52;11333359825;S
20241024;100158;3888;15;11333359826;S
20241024;100158;3888;40;11333359827;S
20241024;100158;3887.5;15;11333359828;S
20241024;100158;3887;6;11333359829;S
20241024;100158;3887;25;11333359830;S
20241024;100158;3887;30;11333359831;S
20241024;100159;3887;65;11333360231;B
20241024;100202;3887;1;11333360673;B
20241024;100202;3887;1;11333360685;B
20241024;100203;3887;50;11333360826;B
20241024;100204;3887;1;11333361059;B
20241024;100205;3887;1;11333361300;B
20241024;100207;3887;5;11333361696;B
20241024;100207;3887;100;11333361704;B
20241024;100207;3887;2;11333361847;B
20241024;100209;3887;7;11333362167;B
20241024;100210;3887;10;11333362400;B
20241024;100211;3887;25;11333362525;B
20241024;100212;3887;2;11333362718;B
20241024;100212;3886.5;1;11333362774;S
20241024;100213;3887;8;11333362970;B
20241024;100213;3887;8;11333362973;B
20241024;100213;3887;1;11333363048;B
20241024;100214;3887;16;11333363373;B
20241024;100214;3887;1;11333363374;B
20241024;100214;3888.5;13;11333363375;B
20241024;100219;3888.5;30;11333364349;S
20241024;100219;3888.5;15;11333364350;S
20241024;100219;3888.5;5;11333364351;S
20241024;100219;3889;20;11333364354;B
20241024;100220;3889;20;11333364582;B
20241024;100220;3889;150;11333364638;B
20241024;100221;3888.5;35;11333364853;S
20241024;100221;3888.5;30;11333364854;S
20241024;100221;3888.5;15;11333364855;S
20241024;100221;3888.5;47;11333364856;S
20241024;100221;3888;15;11333364857;S
20241024;100221;3888;45;11333364858;S
20241024;100221;3888;2;11333364859;S
20241024;100221;3887.5;15;11333364860;S
20241024;100221;3887.5;30;11333364861;S
20241024;100221;3887;15;11333364862;S
20241024;100221;3887;1;11333364863;S
20241024;100221;3887;60;11333364864;S
20241024;100221;3886.5;14;11333364865;S
20241024;100221;3886.5;1;11333364866;S
20241024;100221;3889;7;11333364946;B
20241024;100223;3889;13;11333365361;B
20241024;100223;3889;3;11333365372;B
20241024;100224;3889;39;11333365650;B
20241024;100225;3889;200;11333365776;B
20241024;100225;3888.5;15;11333365783;S
20241024;100225;3888.5;30;11333365784;S
20241024;100225;3888;52;11333365785;S
20241024;100225;3888;1;11333365786;S
20241024;100225;3888;15;11333365787;S
20241024;100225;3888;12;11333365788;S
20241024;100226;3888.5;1;11333366086;S
20241024;100227;3889;1;11333366208;B
20241024;100228;3889;1;11333366451;B
20241024;100229;3889;5;11333366720;B
20241024;100231;3889;128;11333367086;B
20241024;100231;3889;15;11333367087;B
20241024;100231;3889.5;7;11333367088;B
20241024;100231;3889.5;10;11333367108;B
20241024;100231;3890;1;11333367156;B
20241024;100232;3890;2;11333367430;B
20241024;100234;3889.5;2;11333367668;B
20241024;100234;3890;14;11333367674;B
20241024;100235;3888.5;1;11333367962;S
20241024;100237;3889.5;4;11333368395;B
20241024;100238;3888.5;5;11333368437;S
20241024;100241;3889.5;2;11333368996;B
20241024;100241;3889.5;9;11333369000;B
20241024;100241;3890;12;11333369001;B
20241024;100242;3889.5;10;11333369169;B
20241024;100242;3889.5;1;11333369171;B
20241024;100243;3889.5;1;11333369423;B
20241024;100244;3889.5;2;11333369559;B
20241024;100244;3888.5;25;11333369566;S
20241024;100245;3888.5;3;11333369724;S
20241024;100247;3889.5;1;11333370065;B
20241024;100247;3890;2;11333370066;B
20241024;100248;3889.5;5;11333370352;B
20241024;100249;3888.5;18;11333370704;S
20241024;100249;3888.5;40;11333370705;S
20241024;100249;3888;142;11333370706;S
20241024;100250;3888.5;5;11333370756;S
20241024;100250;3888.5;1;11333370812;S
20241024;100252;3889.5;1;11333371144;B
20241024;100253;3889.5;1;11333371379;B
20241024;100254;3889.5;5;11333371536;B
20241024;100254;3888.5;1;11333371569;S
20241024;100254;3888.5;2;11333371570;S
20241024;100256;3889.5;1;11333372090;B
20241024;100257;3888.5;38;11333372155;S
20241024;100257;3888.5;10;11333372156;S
20241024;100257;3888.5;79;11333372157;S
20241024;100257;3888.5;1;11333372158;S
20241024;100257;3888;58;11333372159;S
20241024;100257;3888;1;11333372160;S
20241024;100257;3888;1;11333372161;S
20241024;100257;3888;4;11333372162;S
20241024;100257;3888;8;11333372163;S
20241024;100257;3889.5;2;11333372207;B
20241024;100257;3889.5;1;11333372208;B
20241024;100258;3889;15;11333372413;B
20241024;100258;3889.5;19;11333372414;B
20241024;100258;3889.5;15;11333372415;B
20241024;100258;3889.5;30;11333372416;B
20241024;100258;3890;969;11333372417;B
20241024;100258;3890;15;11333372418;B
20241024;100258;3893;1;11333372420;B
20241024;100259;3893;1;11333372555;B
20241024;100259;3893.5;15;11333372556;B
20241024;100259;3893.5;12;11333372557;B
20241024;100259;3891;15;11333372708;S
20241024;100259;3891;35;11333372709;S
20241024;100259;3894;1;11333372719;B
20241024;100302;3894.5;1;11333373152;B
20241024;100302;3894.5;14;11333373157;B
20241024;100302;3894.5;26;11333373158;B
20241024;100304;3892;5;11333373459;S
20241024;100305;3894.5;1;11333373699;B
20241024;100305;3892;10;11333373950;S
20241024;100305;3892;52;11333373951;S
20241024;100305;3891.5;15;11333373952;S
20241024;100305;3891.5;31;11333373953;S
20241024;100305;3891.5;12;11333373954;S
20241024;100305;3891;15;11333373955;S
20241024;100305;3891;12;11333373956;S
20241024;100305;3891;40;11333373957;S
20241024;100305;3890.5;13;11333373958;S
20241024;100307;3892;3;11333374252;B
20241024;100308;3890.5;1;11333374591;S
20241024;100309;3891.5;1;11333374710;B
20241024;100310;3891.5;1;11333374934;B
20241024;100311;3891.5;1;11333375231;B
20241024;100311;3892;8;11333375321;B
20241024;100312;3891;15;11333375417;S
20241024;100312;3890.5;1;11333375418;S
20241024;100312;3890.5;15;11333375419;S
20241024;100312;3890;55;11333375430;S
20241024;100312;3891.5;1;11333375487;B
20241024;100312;3890;5;11333375677;S
20241024;100314;3890;85;11333375990;S
20241024;100315;3890.5;1;11333376308;B
20241024;100315;3890;1;11333376454;S
20241024;100316;3890;44;11333376503;S
20241024;100316;3890;32;11333376524;S
20241024;100316;3890;1;11333376525;S
20241024;100316;3890;10;11333376526;S
20241024;100316;3890;2;11333376615;B
20241024;100317;3890;1;11333376863;B
20241024;100318;3889.5;5;11333377191;S
20241024;100318;3889;41;11333377192;S
20241024;100318;3888.5;3;11333377193;S
20241024;100318;3888.5;1;11333377194;S
20241024;100318;3888.5;100;11333377195;S
20241024;100318;3888.5;17;11333377196;S
20241024;100318;3888;1;11333377197;S
20241024;100318;3888;17;11333377198;S
20241024;100318;3888;15;11333377199;S
20241024;100318;3887.5;25;11333377200;S
20241024;100318;3887.5;15;11333377201;S
20241024;100318;3887.5;40;11333377202;S
20241024;100318;3887;15;11333377203;S
20241024;100318;3887;30;11333377204;S
20241024;100318;3887;1;11333377205;S
20241024;100318;3886.5;4;11333377206;S
20241024;100318;3886.5;6;11333377207;S
20241024;100318;3886.5;2;11333377208;S
20241024;100318;3886.5;15;11333377209;S
20241024;100318;3886.5;40;11333377210;S
20241024;100318;3886.5;24;11333377211;S
20241024;100318;3886;2;11333377212;S
20241024;100318;3886;15;11333377213;S
20241024;100318;3886;121;11333377214;S
20241024;100318;3885.5;15;11333377215;S
20241024;100318;3885.5;100;11333377216;S
20241024;100318;3885.5;30;11333377217;S
20241024;100318;3885;51;11333377218;S
20241024;100318;3885;50;11333377219;S
20241024;100318;3885;5;11333377220;S
20241024;100318;3885;12;11333377221;S
20241024;100318;3885;12;11333377222;S
20241024;100318;3885;15;11333377223;S
20241024;100318;3885;40;11333377224;S
20241024;100318;3884.5;40;11333377225;S
20241024;100318;3884.5;1;11333377226;S
20241024;100318;3884.5;15;11333377227;S
20241024;100318;3884;15;11333377228;S
20241024;100318;3884;10;11333377229;S
20241024;100318;3884;60;11333377230;S
20241024;100318;3883.5;25;11333377231;S
20241024;100318;3883.5;25;11333377232;S
20241024;100318;3883.5;15;11333377233;S
20241024;100318;3883.5;93;11333377234;S
20241024;100318;3883;60;11333377235;S
20241024;100318;3883;199;11333377236;S
20241024;100318;3882.5;57;11333377237;S
20241024;100318;3883.5;1;11333377275;S
20241024;100319;3884.5;15;11333377339;B
20241024;100319;3884;10;11333377355;B
20241024;100320;3883.5;33;11333377647;B
20241024;100320;3883.5;7;11333377667;B
20241024;100322;3884;5;11333377832;B
20241024;100322;3884;33;11333377877;B
20241024;100322;3883;25;11333377899;S
20241024;100324;3884;15;11333378217;B
20241024;100325;3884;2;11333378410;B
20241024;100325;3884;11;11333378467;B
20241024;100325;3884.5;10;11333378468;B
20241024;100325;3885;12;11333378469;B
20241024;100325;3885.5;15;11333378485;B
20241024;100325;3885.5;10;11333378486;B
20241024;100326;3883.5;12;11333378650;S
20241024;100326;3883.5;144;11333378651;S
20241024;100326;3885;3;11333378795;B
20241024;100329;3884.5;10;11333379351;B
20241024;100330;3884;40;11333379367;S
20241024;100330;3883.5;5;11333379397;S
20241024;100331;3884.5;15;11333379562;B
20241024;100331;3884.5;15;11333379563;B
20241024;100331;3885;12;11333379564;B
20241024;100331;3885;12;11333379565;B
20241024;100331;3885.5;15;11333379566;B
20241024;100331;3885.5;12;11333379567;B
20241024;100331;3886;15;11333379568;B
20241024;100331;3886;40;11333379569;B
20241024;100331;3886.5;15;11333379570;B
20241024;100331;3886.5;30;11333379571;B
20241024;100331;3886.5;119;11333379572;B
20241024;100331;3886;1;11333379601;S
20241024;100331;3885.5;8;11333379602;S
20241024;100331;3885.5;2;11333379603;S
20241024;100331;3887;15;11333379667;B
20241024;100331;3887;40;11333379668;B
20241024;100331;3887.5;15;11333379669;B
20241024;100331;3887.5;7;11333379670;B
20241024;100331;3888;15;11333379671;B
20241024;100331;3888;7;11333379672;B
20241024;100331;3888.5;1;11333379673;B
20241024;100332;3888;1;11333379686;B
20241024;100332;3888;2;11333379770;B
20241024;100332;3885.5;2;11333379822;S
20241024;100335;3887;15;11333380295;S
20241024;100335;3886.5;15;11333380296;S
20241024;100335;3886.5;40;11333380297;S
20241024;100335;3886.5;24;11333380298;S
20241024;100335;3886;15;11333380299;S
20241024;100335;3885.5;11;11333380300;S
20241024;100335;3885.5;119;11333380301;S
20241024;100335;3885.5;52;11333380302;S
20241024;100335;3885;15;11333380303;S
20241024;100335;3885;30;11333380304;S
20241024;100335;3885;30;11333380305;S
20241024;100335;3884.5;15;11333380306;S
20241024;100335;3884.5;100;11333380307;S
20241024;100335;3884.5;100;11333380308;S
20241024;100335;3884;15;11333380309;S
20241024;100335;3884;4;11333380310;S
20241024;100341;3886.5;1;11333381402;B
20241024;100345;3888;1;11333382112;B
20241024;100345;3888;9;11333382113;B
20241024;100346;3888;29;11333382179;B
20241024;100346;3888;15;11333382180;B
20241024;100346;3888.5;25;11333382181;B
20241024;100346;3888.5;15;11333382182;B
20241024;100346;3888.5;16;11333382183;B
20241024;100348;3889.5;5;11333382440;B
20241024;100348;3890;3;11333382475;B
20241024;100348;3888.5;4;11333382727;S
20241024;100356;3890;6;11333383561;S
20241024;100357;3890;15;11333383696;B
20241024;100357;3890;30;11333383697;B
20241024;100357;3890;10;11333383698;B
20241024;100357;3890.5;5;11333383699;B
20241024;100357;3890.5;40;11333383700;B
20241024;100358;3890.5;1;11333383749;B
20241024;100358;3889;3;11333383855;S
20241024;100359;3890.5;1;11333383901;B
20241024;100359;3890.5;13;11333383945;B
20241024;100359;3890.5;40;11333383946;B
20241024;100359;3891;15;11333383947;B
20241024;100359;3891;30;11333383948;B
20241024;100359;3891.5;40;11333383949;B
20241024;100359;3891.5;15;11333383950;B
20241024;100359;3891.5;60;11333383951;B
20241024;100359;3891.5;60;11333383952;B
20241024;100359;3891.5;60;11333383953;B
20241024;100359;3891.5;24;11333383954;B
20241024;100359;3891.5;40;11333383955;B
20241024;100359;3891.5;60;11333383956;B
20241024;100359;3892;186;11333383957;B
20241024;100359;3891.5;1;11333383976;B
20241024;100401;3891.5;1;11333384162;B
20241024;100402;3891.5;3;11333384286;B
20241024;100404;3891;1;11333384551;S
20241024;100404;3891.5;1;11333384668;B
20241024;100405;3890.5;2;11333384707;S
20241024;100405;3890;17;11333384708;S
20241024;100405;3890;43;11333384709;S
20241024;100405;3889.5;15;11333384710;S
20241024;100405;3889.5;17;11333384711;S
20241024;100405;3889.5;40;11333384712;S
20241024;100405;3889;12;11333384713;S
20241024;100405;3889;2;11333384714;S
20241024;100405;3888.5;11;11333384715;S
20241024;100405;3888;15;11333384716;S
20241024;100405;3888;26;11333384717;S
20241024;100406;3890;15;11333384855;B
20241024;100406;3890;10;11333384856;B
20241024;100406;3889.5;15;11333384889;B
20241024;100407;3890;15;11333384989;B
20241024;100407;3890.5;10;11333384990;B
20241024;100410;3889;1;11333385419;S
20241024;100410;3889;2;11333385420;S
20241024;100410;3890.5;1;11333385429;B
20241024;100415;3891;15;11333386176;B
20241024;100415;3891;8;11333386177;B
20241024;100416;3891;30;11333386338;S
20241024;100416;3890.5;9;11333386340;S
20241024;100417;3890;3;11333386477;S
20241024;100417;3891.5;54;11333386531;B
20241024;100417;3891.5;6;11333386532;B
20241024;100419;3891.5;4;11333386937;B
20241024;100422;3891.5;1;11333387258;B
20241024;100422;3890.5;10;11333387373;S
20241024;100423;3891.5;4;11333387415;B
20241024;100423;3891.5;6;11333387416;B
20241024;100424;3890.5;25;11333387684;S
20241024;100426;3891.5;6;11333387966;B
20241024;100426;3890.5;1;11333388003;S
20241024;100428;3891.5;48;11333388104;B
20241024;100428;3891.5;2;11333388105;B
20241024;100428;3891.5;3;11333388106;B
20241024;100429;3891.5;47;11333388401;S
20241024;100429;3891;15;11333388402;S
20241024;100429;3891;23;11333388403;S
20241024;100429;3891;59;11333388404;S
20241024;100429;3890.5;3;11333388405;S
20241024;100429;3890.5;15;11333388406;S
20241024;100429;3890.5;1;11333388407;S
20241024;100429;3890.5;23;11333388408;S
20241024;100429;3890;14;11333388409;S
20241024;100429;3890.5;18;11333388432;S
20241024;100430;3891.5;1;11333388591;B
20241024;100435;3891.5;9;11333389506;B
20241024;100435;3891.5;5;11333389530;B
20241024;100436;3891.5;2;11333389724;B
20241024;100437;3891;1;11333389798;S
20241024;100437;3890.5;27;11333389799;S
20241024;100437;3890.5;71;11333389800;S
20241024;100437;3890.5;1;11333389801;S
20241024;100437;3891.5;1;11333389848;B
20241024;100437;3890;11;11333389857;S
20241024;100437;3890;39;11333389960;S
20241024;100438;3890.5;15;11333390060;B
20241024;100438;3890.5;23;11333390061;B
20241024;100444;3891.5;1;11333391403;B
20241024;100445;3891.5;3;11333391547;B
20241024;100446;3891.5;20;11333391608;B
20241024;100449;3891.5;28;11333392125;B
20241024;100449;3891.5;10;11333392126;B
20241024;100451;3891.5;1;11333392498;B
20241024;100452;3891.5;1;11333392638;B
20241024;100454;3891.5;1;11333393007;B
20241024;100454;3891.5;1;11333393195;B
20241024;100456;3891;1;11333393625;S
20241024;100456;3891.5;5;11333393685;B
20241024;100458;3891.5;1;11333394004;B
20241024;100500;3891.5;4;11333394315;B
20241024;100500;3891.5;4;11333394360;B
20241024;100500;3891.5;7;11333394372;B
20241024;100500;3891.5;7;11333394424;B
20241024;100500;3891.5;133;11333394451;B
20241024;100500;3892;1;11333394460;B
20241024;100501;3892;45;11333394656;B
20241024;100503;3892;250;11333395284;B
20241024;100503;3892;25;11333395374;B
20241024;100503;3892;130;11333395485;B
20241024;100504;3892;60;11333395497;B
20241024;100504;3892;60;11333395602;B
20241024;100504;3892;60;11333395703;B
20241024;100505;3892;183;11333396048;B
20241024;100507;3892;2;11333396480;S
20241024;100508;3892;1;11333396515;S
20241024;100508;3892;12;11333396667;S
20241024;100508;3892;40;11333396668;S
20241024;100508;3892;30;11333396669;S
20241024;100508;3892;24;11333396670;S
20241024;100508;3892;1;11333396671;S
20241024;100508;3892;41;11333396672;S
20241024;100508;3892;1;11333396673;S
20241024;100508;3891.5;5;11333396679;B
20241024;100509;3891.5;6;11333396812;B
20241024;100513;3891;5;11333397593;S
20241024;100514;3891.5;10;11333397779;B
20241024;100516;3891.5;10;11333398161;B
20241024;100516;3891.5;10;11333398162;B
20241024;100516;3891.5;6;11333398163;B
20241024;100516;3891.5;10;11333398164;B
20241024;100516;3891.5;3;11333398165;B
20241024;100516;3892;37;11333398166;B
20241024;100519;3891.5;1;11333398912;S
20241024;100519;3891.5;2;11333399056;S
20241024;100519;3891.5;15;11333399057;S
20241024;100524;3891.5;3;11333399789;S
20241024;100524;3891.5;1;11333399837;S
20241024;100525;3892;7;11333400045;B
20241024;100525;3892;2;11333400065;B
20241024;100525;3892;1;11333400076;B
20241024;100526;3892;1;11333400273;B
20241024;100526;3892;1;11333400279;B
20241024;100527;3892;1;11333400407;B
20241024;100528;3892;1;11333400459;B
20241024;100528;3892;1;11333400460;B
20241024;100529;3892;2;11333400801;B
20241024;100529;3892;6;11333400806;B
20241024;100529;3892;33;11333400830;B
20241024;100532;3892;10;11333401187;B
20241024;100533;3892;40;11333401482;B
20241024;100535;3892;50;11333401716;B
20241024;100535;3892;50;11333401722;B
20241024;100535;3892;50;11333401743;B
20241024;100535;3892;10;11333401791;B
20241024;100536;3891.5;11;11333401843;S
20241024;100536;3891.5;42;11333401986;S
20241024;100536;3892;1;11333402107;B
20241024;100537;3891.5;1;11333402193;S
20241024;100540;3892;56;11333402679;B
20241024;100540;3892;22;11333402822;B
20241024;100542;3892;1;11333403051;B
20241024;100545;3892;1;11333403663;B
20241024;100546;3892;1;11333403857;B
20241024;100547;3892;1;11333403937;B
20241024;100547;3892;1;11333403962;B
20241024;100548;3892;1;11333404000;B
20241024;100551;3891.5;8;11333404711;S
20241024;100552;3891.5;4;11333404762;S
20241024;100552;3892;30;11333404909;B
20241024;100553;3892;2;11333404972;B
20241024;100554;3892;5;11333405290;B
20241024;100556;3892;2;11333405540;B
20241024;100556;3892;3;11333405705;B
20241024;100557;3892;2;11333405888;B
20241024;100558;3892;1;11333406117;B
20241024;100559;3892;13;11333406155;B
20241024;100559;3892;3;11333406192;B
20241024;100559;3892;2;11333406342;B
20241024;100601;3892;50;11333406626;B
20241024;100603;3891.5;16;11333407108;S
20241024;100603;3892;1;11333407160;B
20241024;100603;3892;1;11333407181;B
20241024;100603;3892;7;11333407198;B
20241024;100604;3892;550;11333407378;B
20241024;100604;3892;1;11333407534;B
20241024;100606;3891.5;4;11333407847;S
20241024;100606;3891.5;7;11333407848;S
20241024;100606;3891.5;3;11333407849;S
20241024;100606;3892;20;11333408072;B
20241024;100608;3892;5;11333408422;B
20241024;100608;3891.5;3;11333408510;S
20241024;100611;3892;2;11333409107;B
20241024;100612;3892;18;11333409417;B
20241024;100612;3892;5;11333409418;B
20241024;100613;3891.5;9;11333409629;S
20241024;100614;3892;2;11333409763;B
20241024;100616;3892;1;11333410337;B
20241024;100617;3892;200;11333410638;B
20241024;100617;3892;10;11333410639;B
20241024;100617;3892;8;11333410706;S
20241024;100618;3892.5;2;11333410928;B
20241024;100618;3893;2;11333410929;B
20241024;100618;3893;1;11333410930;B
20241024;100618;3893.5;2;11333410931;B
20241024;100618;3893.5;1;11333410932;B
20241024;100619;3894;13;11333411266;B
20241024;100619;3894;2;11333411267;B
20241024;100620;3894;1;11333411300;B
20241024;100620;3894;1;11333411301;B
20241024;100620;3894;39;11333411312;B
20241024;100620;3894.5;2;11333411313;B
20241024;100620;3894.5;37;11333411314;B
20241024;100620;3895;10;11333411315;B
20241024;100620;3895;2;11333411316;B
20241024;100620;3895;1;11333411317;B
20241024;100620;3895;2;11333411318;B
20241024;100620;3895;37;11333411319;B
20241024;100620;3894.5;15;11333411554;S
20241024;100620;3894.5;21;11333411555;S
20241024;100620;3894.5;10;11333411586;S
20241024;100621;3894.5;10;11333411798;S
20241024;100621;3894.5;1;11333411864;S
20241024;100621;3894.5;9;11333411917;S
20241024;100623;3895;23;11333412354;B
20241024;100623;3895;72;11333412355;B
20241024;100623;3895;40;11333412356;B
20241024;100623;3895;30;11333412357;B
20241024;100623;3895.5;2;11333412358;B
20241024;100623;3895.5;60;11333412359;B
20241024;100623;3895.5;40;11333412360;B
20241024;100623;3895.5;25;11333412361;B
20241024;100623;3895.5;15;11333412362;B
20241024;100623;3896;1;11333412363;B
20241024;100623;3896;20;11333412364;B
20241024;100623;3896;15;11333412365;B
20241024;100623;3896;2;11333412366;B
20241024;100623;3896;40;11333412367;B
20241024;100623;3895.5;40;11333412408;B
20241024;100623;3896;10;11333412409;B
20241024;100624;3895.5;24;11333412506;S
20241024;100624;3895.5;14;11333412507;S
20241024;100625;3895;1;11333412784;B
20241024;100627;3894.5;25;11333413166;S
20241024;100627;3894;2;11333413167;S
20241024;100628;3895;39;11333413247;B
20241024;100628;3895;33;11333413248;B
20241024;100628;3895;15;11333413249;B
20241024;100628;3895;250;11333413312;S
20241024;100629;3895.5;6;11333413564;B
20241024;100630;3895.5;1;11333413586;B
20241024;100630;3895.5;20;11333413664;B
20241024;100632;3895.5;221;11333414093;B
20241024;100632;3895.5;40;11333414094;B
20241024;100632;3896;15;11333414095;B
20241024;100632;3896;15;11333414096;B
20241024;100632;3896;1;11333414097;B
20241024;100632;3896.5;2;11333414098;B
20241024;100632;3896.5;15;11333414099;B
20241024;100632;3896.5;21;11333414100;B
20241024;100632;3896.5;30;11333414101;B
20241024;100633;3897;1;11333414324;B
20241024;100634;3897;1;11333414588;B
20241024;100635;3897;9;11333414605;B
20241024;100638;3897;25;11333415212;B
20241024;100639;3897;2;11333415453;B
20241024;100639;3897;62;11333415457;B
20241024;100639;3897;32;11333415505;B
20241024;100639;3897;8;11333415506;B
20241024;100640;3897;1;11333415522;B
20241024;100641;3897;8;11333415892;B
20241024;100641;3897;2;11333415893;B
20241024;100641;3897;5;11333415894;B
20241024;100643;3897;12;11333416364;B
20241024;100644;3896.5;9;11333416528;S
20241024;100647;3896.5;55;11333417038;S
20241024;100648;3896.5;28;11333417260;S
20241024;100650;3896.5;48;11333417467;S
20241024;100650;3896.5;2;11333417468;S
20241024;100650;3896;5;11333417469;S
20241024;100650;3896;1;11333417498;S
20241024;100650;3896;44;11333417600;S
20241024;100651;3896.5;3;11333417860;B
20241024;100652;3896.5;2;11333418007;B
20241024;100653;3896.5;1;11333418242;B
20241024;100656;3896.5;20;11333418513;B
20241024;100657;3896.5;14;11333418603;B
20241024;100657;3896.5;15;11333418604;B
20241024;100657;3896.5;25;11333418605;B
20241024;100657;3896.5;40;11333418606;B
20241024;100657;3896.5;1;11333418607;B
20241024;100657;3896.5;32;11333418608;B
20241024;100657;3896.5;10;11333418609;B
20241024;100657;3897;38;11333418610;B
20241024;100657;3897;2;11333418611;B
20241024;100657;3897;1;11333418612;B
20241024;100657;3897;10;11333418613;B
20241024;100657;3897;2;11333418614;B
20241024;100657;3897;10;11333418615;B
20241024;100657;3896.5;20;11333418616;B
20241024;100658;3896.5;20;11333418848;B
20241024;100658;3897;15;11333418849;B
20241024;100658;3897;1;11333418850;B
20241024;100658;3897;20;11333418851;B
20241024;100658;3897;40;11333418852;B
20241024;100658;3897.5;2;11333418853;B
20241024;100658;3897.5;2;11333418854;B
20241024;100659;3896.5;3;11333418985;B
20241024;100659;3896.5;27;11333418986;B
20241024;100701;3896.5;2;11333419268;B
20241024;100702;3896.5;15;11333419431;B
20241024;100703;3896.5;1;11333419565;B
20241024;100704;3896.5;2;11333419608;B
20241024;100706;3896.5;3;11333419897;B
20241024;100709;3896;13;11333420389;S
20241024;100709;3896;30;11333420390;S
20241024;100710;3896;2;11333420540;S
20241024;100712;3896;1;11333420963;S
20241024;100712;3895.5;2;11333420964;S
20241024;100716;3895.5;1;11333421514;B
20241024;100716;3895.5;51;11333421526;B
20241024;100716;3896;15;11333421527;B
20241024;100716;3896;4;11333421528;B
20241024;100718;3895.5;2;11333421711;B
20241024;100718;3895.5;1;11333421767;B
20241024;100719;3895.5;2;11333421859;B
20241024;100719;3895.5;1;11333421929;B
20241024;100726;3895.5;1;11333423268;B
20241024;100728;3895.5;1;11333423497;B
20241024;100729;3895;1;11333423805;S
20241024;100732;3896;1;11333424336;B
20241024;100732;3896;4;11333424337;B
20241024;100733;3895.5;1;11333424529;S
20241024;100735;3896;48;11333424950;B
20241024;100735;3896.5;1;11333424951;B
20241024;100735;3896.5;51;11333424952;B
20241024;100736;3896.5;1;11333425142;B
20241024;100737;3895.5;3;11333425255;S
20241024;100740;3896;2;11333425820;S
20241024;100743;3896;10;11333426373;S
20241024;100744;3896.5;3;11333426409;B
20241024;100746;3896.5;17;11333426944;B
20241024;100747;3896.5;3;11333427174;B
20241024;100748;3896.5;1;11333427215;B
20241024;100748;3896.5;1;11333427371;B
20241024;100750;3896.5;8;11333427546;S
20241024;100751;3897;1;11333427836;B
20241024;100753;3896.5;3;11333428147;S
20241024;100754;3896.5;15;11333428271;S
20241024;100754;3897;2;11333428386;B
20241024;100754;3897;9;11333428432;B
20241024;100755;3897;11;11333428643;B
20241024;100755;3897;17;11333428649;B
20241024;100755;3897;11;11333428731;B
20241024;100756;3897;59;11333428765;B
20241024;100756;3897.5;20;11333428766;B
20241024;100756;3898;1;11333428767;B
20241024;100757;3898;94;11333429053;B
20241024;100758;3897.5;2;11333429276;S
20241024;100758;3898;2;11333429322;B
20241024;100800;3897.5;6;11333429741;S
20241024;100801;3897.5;9;11333429917;S
20241024;100801;3897.5;11;11333429918;S
20241024;100802;3898;16;11333430029;B
20241024;100803;3898;10;11333430300;B
20241024;100805;3898;27;11333430771;B
20241024;100805;3898;50;11333430772;B
20241024;100806;3897.5;1;11333430990;S
20241024;100807;3898;2;11333431114;B
20241024;100809;3898;2;11333431471;B
20241024;100809;3898.5;1;11333431493;B
20241024;100813;3898;20;11333432069;S
20241024;100813;3898.5;2;11333432089;B
20241024;100815;3898.5;1;11333432479;B
20241024;100815;3898.5;2;11333432480;B
20241024;100815;3898.5;64;11333432481;B
20241024;100815;3898;10;11333432561;S
20241024;100815;3898;17;11333432562;S
20241024;100815;3898;11;11333432563;S
20241024;100816;3898.5;1;11333432780;B
20241024;100816;3898.5;2;11333432781;B
20241024;100816;3898.5;11;11333432782;B
20241024;100816;3899;2;11333432783;B
20241024;100816;3899;2;11333432784;B
20241024;100816;3899;10;11333432785;B
20241024;100816;3899;2;11333432786;B
20241024;100816;3899;1;11333432788;S
20241024;100817;3899.5;2;11333432876;B
20241024;100817;3899.5;1;11333432877;B
20241024;100817;3899.5;5;11333432878;B
20241024;100817;3899.5;100;11333432879;B
20241024;100817;3899.5;3;11333432880;B
20241024;100817;3900;10;11333432881;B
20241024;100817;3900;2;11333432882;B
20241024;100817;3900;3;11333432883;B
20241024;100817;3900;50;11333432884;B
20241024;100817;3900;200;11333432885;B
20241024;100817;3900;200;11333432886;B
20241024;100817;3900;200;11333432887;B
20241024;100817;3900;200;11333432888;B
20241024;100817;3900;190;11333432889;B
20241024;100817;3900;100;11333432890;B
20241024;100817;3900;100;11333432891;B
20241024;100817;3900;100;11333432892;B
20241024;100817;3900;100;11333432893;B
20241024;100817;3900;100;11333432894;B
20241024;100817;3900;100;11333432895;B
20241024;100817;3900;100;11333432896;B
20241024;100817;3900;100;11333432897;B
20241024;100817;3900;100;11333432898;B
20241024;100817;3900;100;11333432899;B
20241024;100817;3900;100;11333432900;B
20241024;100817;3900;220;11333432901;B
20241024;100817;3900;100;11333432902;B
20241024;100817;3900;1;11333432903;B
20241024;100817;3900;81;11333432904;B
20241024;100817;3900;17;11333432905;B
20241024;100817;3900;15;11333432906;B
20241024;100817;3900;1;11333432910;B
20241024;100817;3900;9;11333432972;B
20241024;100817;3900;1;11333432973;B
20241024;100818;3900;3;11333432976;B
20241024;100818;3899.5;60;11333432987;B
20241024;100818;3900;96;11333432988;B
20241024;100818;3900;44;11333432989;B
20241024;100818;3899.5;5;11333433026;B
20241024;100818;3899.5;5;11333433150;B
20241024;100818;3900;1;11333433151;B
20241024;100818;3900;52;11333433172;B
20241024;100818;3900;2;11333433215;B
20241024;100818;3900;1;11333433220;B
20241024;100819;3900;51;11333433249;B
20241024;100819;3900;49;11333433262;B
20241024;100819;3900;2;11333433263;B
20241024;100819;3900;51;11333433268;B
20241024;100820;3899;15;11333433494;S
20241024;100820;3899;35;11333433495;S
20241024;100822;3899;10;11333433831;S
20241024;100822;3899.5;2;11333433847;B
20241024;100822;3900;3;11333433848;B
20241024;100823;3900;20;11333433942;B
20241024;100825;3900;24;11333434252;B
20241024;100825;3900;26;11333434253;B
20241024;100826;3900;2;11333434327;B
20241024;100826;3900;50;11333434372;B
20241024;100827;3900;1;11333434558;B
20241024;100827;3900;1;11333434593;B
20241024;100828;3899;1;11333434693;B
20241024;100828;3900;20;11333434694;B
20241024;100828;3900;29;11333434695;B
20241024;100829;3899;8;11333435077;B
20241024;100830;3899;3;11333435153;B
20241024;100830;3898.5;1;11333435229;S
20241024;100830;3898;4;11333435230;S
20241024;100830;3898;4;11333435231;S
20241024;100830;3898;31;11333435232;S
20241024;100830;3898;10;11333435233;S
20241024;100832;3899;259;11333435886;B
20241024;100832;3899;15;11333435887;B
20241024;100832;3899.5;15;11333435888;B
20241024;100832;3899.5;2;11333435889;B
20241024;100832;3899.5;114;11333435890;B
20241024;100832;3900;71;11333435891;B
20241024;100832;3900;100;11333435892;B
20241024;100832;3900;100;11333435893;B
20241024;100832;3900;100;11333435894;B
20241024;100832;3900;100;11333435895;B
20241024;100832;3900;100;11333435896;B
20241024;100832;3900;24;11333435897;B
20241024;100834;3900;10;11333436312;B
20241024;100834;3900;66;11333436357;B
20241024;100834;3900;34;11333436358;B
20241024;100835;3900;65;11333436489;B
20241024;100836;3900;1;11333436617;B
20241024;100836;3900;2;11333436618;B
20241024;100836;3900;5;11333436642;B
20241024;100839;3900;93;11333437165;B
20241024;100839;3900;7;11333437166;B
20241024;100840;3900;1;11333437317;B
20241024;100841;3900;50;11333437678;B
20241024;100841;3900;2;11333437707;B
20241024;100842;3900;1;11333437879;B
20241024;100842;3900;2;11333437896;B
20241024;100843;3900;1;11333437965;B
20241024;100843;3900;4;11333438009;B
20241024;100843;3899.5;5;11333438031;S
20241024;100845;3899;1;11333438381;S
20241024;100845;3899;3;11333438382;S
20241024;100845;3898.5;4;11333438383;S
20241024;100848;3899.5;1;11333438930;B
20241024;100849;3899.5;1;11333439055;B
20241024;100849;3899.5;25;11333439056;B
20241024;100849;3899.5;1;11333439094;B
20241024;100850;3899;1;11333439378;B
20241024;100850;3899.5;67;11333439379;B
20241024;100850;3899.5;10;11333439380;B
20241024;100850;3900;32;11333439381;B
20241024;100850;3900;1;11333439382;B
20241024;100850;3900;100;11333439383;B
20241024;100850;3900;71;11333439384;B
20241024;100851;3898.5;5;11333439438;S
20241024;100851;3898.5;10;11333439510;S
20241024;100851;3898.5;52;11333439511;S
20241024;100851;3898.5;22;11333439512;S
20241024;100852;3900;11;11333439635;B
20241024;100855;3900;1;11333440515;B
20241024;100857;3900;8;11333440856;B
20241024;100857;3900;392;11333440941;B
20241024;100858;3900;5;11333441261;B
20241024;100900;3900;8;11333441821;B
20241024;100902;3899.5;20;11333442124;S
20241024;100902;3899.5;15;11333442125;S
20241024;100902;3899.5;1;11333442126;S
20241024;100902;3899.5;14;11333442127;S
20241024;100903;3900;1;11333442266;B
20241024;100904;3900;1;11333442492;B
20241024;100907;3900;502;11333442940;B
20241024;100907;3900;300;11333442941;B
20241024;100907;3900;300;11333442942;B
20241024;100907;3900;300;11333442943;B
20241024;100907;3900;10;11333442944;B
20241024;100907;3900;150;11333442945;B
20241024;100907;3900;300;11333442946;B
20241024;100907;3900;300;11333442947;B
20241024;100907;3900;148;11333442948;B
20241024;100907;3900;300;11333442949;B
20241024;100907;3900;300;11333442950;B
20241024;100907;3900;300;11333442951;B
20241024;100907;3900;300;11333442952;B
20241024;100907;3900;300;11333442953;B
20241024;100907;3900;10;11333442954;B
20241024;100907;3900;300;11333442955;B
20241024;100907;3900;1;11333442956;B
20241024;100907;3900;300;11333442957;B
20241024;100907;3900;279;11333442958;B
20241024;100908;3899.5;2;11333443166;S
20241024;100908;3899.5;5;11333443167;S
20241024;100908;3899.5;10;11333443168;S
20241024;100908;3899.5;52;11333443352;B
20241024;100908;3900;21;11333443353;B
20241024;100908;3900;100;11333443354;B
20241024;100908;3900;100;11333443355;B
20241024;100908;3900;100;11333443356;B
20241024;100908;3900;100;11333443357;B
20241024;100908;3900;27;11333443358;B
20241024;100909;3899;15;11333443432;S
20241024;100909;3899;2;11333443433;S
20241024;100909;3899;26;11333443434;S
20241024;100909;3898.5;15;11333443435;S
20241024;100909;3898.5;2;11333443436;S
20241024;100909;3898.5;40;11333443437;S
20241024;100909;3898.5;30;11333443438;S
20241024;100909;3898.5;20;11333443439;S
20241024;100910;3899.5;7;11333443519;B
20241024;100910;3899.5;25;11333443520;B
20241024;100910;3899.5;5;11333443522;B
20241024;100912;3898.5;15;11333444036;S
20241024;100912;3898.5;8;11333444037;S
20241024;100912;3898.5;23;11333444158;S
20241024;100913;3898;6;11333444275;S
20241024;100913;3898;8;11333444276;S
20241024;100913;3898;1;11333444277;S
20241024;100913;3899;1;11333444306;B
20241024;100913;3899;20;11333444418;B
20241024;100913;3899;7;11333444419;B
20241024;100913;3899;49;11333444420;B
20241024;100913;3899.5;10;11333444421;B
20241024;100913;3899.5;15;11333444422;B
20241024;100913;3899.5;19;11333444423;B
20241024;100915;3898.5;2;11333444866;S
20241024;100915;3898.5;6;11333444867;S
20241024;100916;3898;15;11333445019;S
20241024;100916;3898;29;11333445217;S
20241024;100916;3898;1;11333445331;S
20241024;100917;3898.5;2;11333445426;S
20241024;100917;3898.5;1;11333445474;S
20241024;100919;3898.5;19;11333445932;S
20241024;100919;3898;30;11333445933;S
20241024;100919;3898;15;11333445934;S
20241024;100919;3898;53;11333445935;S
20241024;100919;3897.5;15;11333445936;S
20241024;100919;3897.5;368;11333445937;S
20241024;100920;3897.5;100;11333446171;S
20241024;100920;3898;1;11333446175;B
20241024;100920;3897.5;28;11333446231;S
20241024;100920;3897.5;41;11333446232;S
20241024;100921;3897.5;500;11333446308;S
20241024;100921;3897.5;20;11333446310;S
20241024;100921;3897.5;28;11333446333;S
20241024;100921;3897.5;150;11333446353;S
20241024;100921;3897.5;47;11333446354;S
20241024;100921;3897;4;11333446355;S
20241024;100921;3897;11;11333446356;S
20241024;100921;3897;1;11333446357;S
20241024;100921;3897;1;11333446358;S
20241024;100922;3896;1;11333446424;S
20241024;100922;3896;1;11333446425;S
20241024;100922;3895.5;5;11333446426;S
20241024;100922;3895.5;25;11333446430;S
20241024;100922;3895.5;30;11333446493;B
20241024;100922;3895.5;15;11333446494;B
20241024;100922;3896;15;11333446495;B
20241024;100922;3896;40;11333446496;B
20241024;100922;3896;40;11333446497;B
20241024;100922;3896.5;3;11333446498;B
20241024;100922;3896.5;15;11333446499;B
20241024;100922;3896.5;4;11333446500;B
20241024;100922;3895;1;11333446647;S
20241024;100922;3895;4;11333446648;S
20241024;100922;3895;1;11333446698;S
20241024;100922;3895;1;11333446699;S
20241024;100922;3895;1;11333446700;S
20241024;100922;3895;1;11333446701;S
20241024;100922;3895;3;11333446702;S
20241024;100922;3895;50;11333446703;S
20241024;100923;3895;198;11333446716;S
20241024;100923;3895;2;11333446717;S
20241024;100923;3895;300;11333446718;S
20241024;100923;3894.5;1;11333446719;S
20241024;100923;3894.5;5;11333446720;S
20241024;100923;3894.5;48;11333446721;S
20241024;100923;3894;1;11333446722;S
20241024;100923;3894;1;11333446723;S
20241024;100923;3894;15;11333446724;S
20241024;100923;3894;48;11333446725;S
20241024;100923;3893.5;15;11333446726;S
20241024;100923;3893.5;30;11333446727;S
20241024;100923;3893.5;24;11333446728;S
20241024;100923;3893.5;40;11333446729;S
20241024;100923;3893;10;11333446730;S
20241024;100923;3893;15;11333446731;S
20241024;100923;3892.5;15;11333446732;S
20241024;100923;3892;15;11333446733;S
20241024;100923;3892;8;11333446734;S
20241024;100923;3891.5;2;11333446735;S
20241024;100923;3891.5;1;11333446736;S
20241024;100923;3891.5;15;11333446737;S
20241024;100923;3891.5;30;11333446738;S
20241024;100923;3891.5;100;11333446739;S
20241024;100923;3891;15;11333446740;S
20241024;100923;3891;50;11333446741;S
20241024;100923;3890.5;49;11333446742;S
20241024;100923;3890.5;15;11333446743;S
20241024;100923;3890.5;40;11333446744;S
20241024;100923;3890;1;11333446745;S
20241024;100923;3890;1;11333446746;S
20241024;100923;3890;1;11333446747;S
20241024;100923;3890;1;11333446748;S
20241024;100923;3890;1;11333446749;S
20241024;100923;3890;1;11333446750;S
20241024;100923;3890;1;11333446751;S
20241024;100923;3890;10;11333446752;S
20241024;100923;3890;1;11333446753;S
20241024;100923;3890;1;11333446754;S
20241024;100923;3890;1;11333446755;S
20241024;100923;3890;60;11333446756;S
20241024;100923;3890;15;11333446757;S
20241024;100923;3889.5;60;11333446758;S
20241024;100923;3889.5;400;11333446759;S
20241024;100923;3889.5;40;11333446760;S
20241024;100923;3889.5;15;11333446761;S
20241024;100923;3889;5;11333446762;S
20241024;100923;3889;1;11333446763;S
20241024;100923;3889;40;11333446764;S
20241024;100923;3888.5;3;11333446765;S
20241024;100923;3888.5;97;11333446766;S
20241024;100923;3888.5;50;11333446767;S
20241024;100923;3888;4;11333446768;S
20241024;100923;3888;1;11333446769;S
20241024;100923;3888;2;11333446770;S
20241024;100923;3888;25;11333446771;S
20241024;100923;3888;5;11333446772;S
20241024;100923;3888;73;11333446773;S
20241024;100923;3887.5;1;11333446774;S
20241024;100923;3887;4;11333446775;S
20241024;100923;3887;1;11333446776;S
20241024;100923;3887;40;11333446777;S
20241024;100923;3886.5;5;11333446778;S
20241024;100923;3886.5;100;11333446779;S
20241024;100923;3886;20;11333446780;S
20241024;100923;3885.5;60;11333446781;S
20241024;100923;3885.5;400;11333446782;S
20241024;100923;3885;1;11333446783;S
20241024;100923;3885;1;11333446784;S
20241024;100923;3885;1;11333446785;S
20241024;100923;3885;40;11333446786;S
20241024;100923;3884.5;1;11333446787;S
20241024;100923;3884.5;30;11333446788;S
20241024;100923;3884.5;40;11333446789;S
20241024;100923;3884;3;11333446790;S
20241024;100923;3883.5;57;11333446791;S
20241024;100923;3883.5;1;11333446792;S
20241024;100923;3883.5;370;11333446793;S
20241024;100923;3884;1;11333446815;S
20241024;100923;3885.5;40;11333446824;S
20241024;100923;3885;4;11333446825;S
20241024;100923;3884.5;21;11333446826;S
20241024;100923;3888;3;11333446846;B
20241024;100923;3885.5;4;11333446935;S
20241024;100924;3887;15;11333446945;B
20241024;100924;3887.5;100;11333446956;B
20241024;100924;3887;4;11333447032;S
20241024;100924;3887;31;11333447093;S
20241024;100924;3887;40;11333447094;S
20241024;100924;3885;33;11333447095;S
20241024;100924;3887;15;11333447097;B
20241024;100924;3887;2;11333447110;B
20241024;100924;3885.5;10;11333447111;S
20241024;100925;3887;181;11333447183;B
20241024;100925;3887;6;11333447222;S
20241024;100926;3888;15;11333447374;S
20241024;100926;3888;40;11333447375;S
20241024;100926;3887.5;10;11333447376;S
20241024;100926;3887.5;15;11333447377;S
20241024;100926;3887.5;3;11333447378;S
20241024;100926;3887;9;11333447379;S
20241024;100926;3887;13;11333447380;S
20241024;100927;3887.5;1;11333447607;S
20241024;100927;3888;4;11333447650;B
20241024;100927;3888;40;11333447658;S
20241024;100927;3888;45;11333447678;B
20241024;100927;3888.5;50;11333447679;B
20241024;100927;3888.5;15;11333447680;B
20241024;100927;3888.5;12;11333447681;B
20241024;100927;3889;15;11333447682;B
20241024;100927;3889;12;11333447683;B
20241024;100927;3889.5;15;11333447684;B
20241024;100927;3889.5;36;11333447685;B
20241024;100930;3890;1;11333448198;B
20241024;100930;3890;27;11333448212;B
20241024;100930;3889.5;2;11333448299;S
20241024;100931;3889.5;13;11333448391;S
20241024;100931;3889.5;87;11333448392;S
20241024;100931;3890;2;11333448407;B
20241024;100931;3890;15;11333448408;B
20241024;100931;3890;3;11333448409;B
20241024;100932;3890;12;11333448659;B
20241024;100933;3890.5;15;11333448882;S
20241024;100933;3890.5;4;11333448883;S
20241024;100934;3890.5;3;11333448956;S
20241024;100935;3890.5;9;11333449307;S
20241024;100936;3891;3;11333449402;B
20241024;100936;3890.5;34;11333449581;S
20241024;100936;3890.5;14;11333449709;S
20241024;100938;3891;4;11333450005;B
20241024;100941;3890.5;12;11333450447;S
20241024;100941;3891;11;11333450511;B
20241024;100941;3891;6;11333450512;B
20241024;100943;3891;5;11333450877;B
20241024;100944;3891;3;11333451018;B
20241024;100946;3891;1;11333451140;B
20241024;100950;3891;1;11333451767;B
20241024;100950;3891;1;11333451768;B
20241024;100955;3891;1;11333452418;B
20241024;100957;3891;1;11333452664;B
20241024;101000;3890.5;4;11333452973;S
20241024;101000;3890.5;2;11333452974;S
20241024;101000;3891;1;11333453094;B
20241024;101000;3891;9;11333453095;B
20241024;101002;3890.5;1;11333453282;S
20241024;101005;3891;6;11333453772;B
20241024;101005;3891;6;11333453773;B
20241024;101006;3891;2;11333453882;B
20241024;101006;3891.5;5;11333453883;B
20241024;101007;3891.5;3;11333453916;B
20241024;101009;3890.5;1;11333454195;S
20241024;101012;3892;10;11333454616;B
20241024;101012;3892;2;11333454627;B
20241024;101012;3892.5;15;11333454628;B
20241024;101012;3892.5;12;11333454629;B
20241024;101012;3892.5;1;11333454630;B
20241024;101013;3892.5;15;11333454684;B
20241024;101014;3893;3;11333454814;S
20241024;101014;3894;15;11333454826;B
20241024;101014;3894;15;11333454827;B
20241024;101015;3894;23;11333454904;B
20241024;101018;3893.5;2;11333455509;B
20241024;101020;3893.5;2;11333455834;B
20241024;101020;3893.5;8;11333455835;B
20241024;101022;3893.5;5;11333456175;B
20241024;101023;3893;1;11333456197;S
20241024;101025;3893;20;11333456532;S
20241024;101030;3893.5;10;11333457315;B
20241024;101032;3893.5;13;11333457554;B
20241024;101033;3893;1;11333457744;S
20241024;101034;3893.5;1;11333457838;B
20241024;101034;3893.5;1;11333457881;B
20241024;101040;3893;43;11333458696;S
20241024;101041;3893;15;11333459069;B
20241024;101041;3893;14;11333459070;B
20241024;101041;3893;40;11333459071;B
20241024;101041;3893.5;31;11333459072;B
20241024;101043;3893;1;11333459238;B
20241024;101044;3893;1;11333459456;B
20241024;101045;3893;7;11333459529;B
20241024;101045;3892.5;3;11333459756;S
20241024;101046;3893;2;11333459895;B
20241024;101046;3893;4;11333459949;B
20241024;101046;3893;1;11333459950;B
20241024;101048;3892.5;86;11333460215;S
20241024;101048;3892.5;14;11333460216;S
20241024;101049;3892.5;96;11333460536;S
20241024;101049;3892.5;100;11333460537;S
20241024;101050;3892.5;1;11333460639;S
20241024;101051;3893;5;11333460975;B
20241024;101053;3892.5;50;11333461279;S
20241024;101053;3892.5;49;11333461280;S
20241024;101053;3892.5;51;11333461281;S
20241024;101053;3892.5;49;11333461282;S
20241024;101053;3892.5;1;11333461290;S
20241024;101053;3892.5;1;11333461350;S
20241024;101054;3892.5;1;11333461373;S
20241024;101054;3892.5;1;11333461439;S
20241024;101056;3893;1;11333461779;B
20241024;101056;3892.5;51;11333461894;S
20241024;101056;3892.5;3;11333461895;S
20241024;101056;3892.5;42;11333461896;S
20241024;101057;3893;4;11333462098;B
20241024;101058;3893;2;11333462275;B
20241024;101100;3892.5;3;11333462521;S
20241024;101100;3892.5;3;11333462522;S
20241024;101100;3892.5;94;11333462523;S
20241024;101103;3893;2;11333463072;B
20241024;101103;3892.5;12;11333463214;S
20241024;101103;3892.5;88;11333463215;S
20241024;101103;3892.5;100;11333463236;S
20241024;101103;3892.5;42;11333463410;S
20241024;101103;3892.5;1;11333463723;S
20241024;101104;3893;2;11333464132;B
20241024;101104;3892.5;7;11333464188;S
20241024;101105;3892.5;50;11333464632;S
20241024;101106;3892.5;60;11333465005;S
20241024;101106;3892.5;40;11333465006;S
20241024;101107;3892.5;6;11333465036;S
20241024;101107;3893;1;11333465120;B
20241024;101110;3892.5;3;11333465464;S
20241024;101110;3892.5;91;11333465465;S
20241024;101110;3892.5;3;11333465466;S
20241024;101110;3892.5;1;11333465538;S
20241024;101110;3892.5;150;11333465559;S
20241024;101111;3892.5;1;11333465692;S
20241024;101112;3892.5;1;11333465757;S
20241024;101112;3892.5;4;11333466005;S
20241024;101113;3893;8;11333466104;B
20241024;101113;3892.5;41;11333466105;S
20241024;101113;3893;1;11333466144;B
20241024;101114;3892.5;2;11333466352;S
20241024;101115;3892.5;49;11333466428;S
20241024;101115;3892.5;5;11333466429;S
20241024;101115;3892.5;46;11333466456;S
20241024;101115;3892.5;3;11333466457;S
20241024;101115;3893;1;11333466535;B
20241024;101115;3892.5;25;11333466539;S
20241024;101116;3892.5;2;11333466577;S
20241024;101116;3892.5;25;11333466595;S
20241024;101116;3893;2;11333466683;B
20241024;101117;3892.5;500;11333466698;S
20241024;101117;3892.5;49;11333466720;S
20241024;101121;3892.5;150;11333467325;S
20241024;101122;3892.5;21;11333467514;S
20241024;101122;3892.5;1029;11333467572;S
20241024;101126;3892.5;899;11333468146;S
20241024;101126;3892.5;130;11333468147;S
20241024;101126;3892.5;60;11333468153;S
20241024;101126;3892.5;422;11333468155;S
20241024;101126;3892.5;45;11333468168;S
20241024;101126;3892.5;7;11333468187;S
20241024;101129;3893;3;11333468613;B
20241024;101136;3892.5;50;11333469715;S
20241024;101138;3892.5;25;11333470085;S
20241024;101141;3893;1;11333470518;B
20241024;101141;3892.5;19;11333470597;S
20241024;101143;3893;1;11333470768;B
20241024;101143;3892.5;70;11333470993;S
20241024;101144;3893;7;11333471061;B
20241024;101144;3892.5;199;11333471079;S
20241024;101144;3891.5;2;11333471080;S
20241024;101144;3891.5;9;11333471081;S
20241024;101144;3891;5;11333471082;S
20241024;101144;3891;20;11333471083;S
20241024;101144;3891;1;11333471084;S
20241024;101144;3891;15;11333471085;S
20241024;101144;3891;14;11333471086;S
20241024;101144;3890.5;56;11333471087;S
20241024;101144;3890.5;10;11333471088;S
20241024;101144;3890.5;1;11333471089;S
20241024;101144;3890.5;1;11333471090;S
20241024;101144;3890.5;1;11333471091;S
20241024;101144;3890.5;15;11333471092;S
20241024;101144;3890.5;10;11333471093;S
20241024;101144;3890.5;60;11333471094;S
20241024;101144;3890.5;2;11333471095;S
20241024;101144;3890;297;11333471096;S
20241024;101144;3890.5;15;11333471120;S
20241024;101144;3890.5;30;11333471121;S
20241024;101144;3890;5;11333471122;S
20241024;101144;3890;75;11333471146;S
20241024;101145;3890.5;10;11333471170;B
20241024;101146;3890;11;11333471377;S
20241024;101146;3890;1;11333471378;S
20241024;101146;3890;142;11333471379;S
20241024;101146;3890;5;11333471397;S
20241024;101147;3890;300;11333471420;S
20241024;101147;3890;10;11333471447;S
20241024;101147;3890;19;11333471518;S
20241024;101147;3890;50;11333471539;S
20241024;101149;3890;690;11333471924;S
20241024;101149;3890;14;11333471930;S
20241024;101149;3890;70;11333471931;S
20241024;101149;3890;69;11333471932;S
20241024;101149;3890;13;11333471933;S
20241024;101149;3890;12;11333471935;S
20241024;101150;3890;6;11333471952;S
20241024;101150;3890;251;11333471953;S
20241024;101150;3890;10;11333471954;S
20241024;101150;3890;41;11333471955;S
20241024;101150;3890;11;11333471956;S
20241024;101150;3890;4;11333471957;S
20241024;101150;3890;47;11333471958;S
20241024;101150;3890;300;11333471964;S
20241024;101150;3890;7;11333471965;S
20241024;101150;3890;1;11333471966;S
20241024;101150;3890;55;11333471967;S
20241024;101150;3890;20;11333471968;S
20241024;101150;3890;40;11333471969;S
20241024;101150;3890;49;11333471970;S
20241024;101150;3890;40;11333471971;S
20241024;101150;3890;9;11333471972;S
20241024;101150;3890;40;11333471973;S
20241024;101150;3890;18;11333471974;S
20241024;101150;3890;40;11333471975;S
20241024;101150;3890;17;11333471976;S
20241024;101150;3890;1;11333471977;S
20241024;101150;3890;4;11333471978;S
20241024;101150;3890;1;11333471979;S
20241024;101150;3890;6;11333471980;S
20241024;101150;3890;11;11333471981;S
20241024;101150;3890;40;11333471982;S
20241024;101150;3890;2;11333471983;S
20241024;101150;3889.5;10;11333471984;S
20241024;101150;3889.5;15;11333471985;S
20241024;101150;3889;1;11333471992;S
20241024;101150;3889.5;30;11333471994;B
20241024;101150;3889.5;15;11333471995;B
20241024;101150;3889.5;40;11333471996;B
20241024;101150;3890;38;11333471997;B
20241024;101150;3890;13;11333471998;B
20241024;101150;3889.5;40;11333471999;B
20241024;101150;3889.5;15;11333472000;B
20241024;101150;3889;1;11333472057;S
20241024;101150;3889;17;11333472103;S
20241024;101152;3887;1;11333472428;B
20241024;101154;3886;28;11333472725;S
20241024;101154;3886;102;11333472726;S
20241024;101154;3886.5;10;11333472748;B
20241024;101155;3886;12;11333472788;S
20241024;101155;3886;2;11333472796;S
20241024;101155;3886;4;11333472798;S
20241024;101155;3886;2;11333472799;S
20241024;101155;3886;44;11333472800;S
20241024;101155;3886;1;11333472801;S
20241024;101155;3886;7;11333472802;S
20241024;101156;3886.5;50;11333473060;B
20241024;101200;3886.5;2;11333473460;B
20241024;101202;3886;8;11333473684;S
20241024;101202;3886;118;11333473735;S
20241024;101202;3886;32;11333473736;S
20241024;101206;3886;75;11333474396;S
20241024;101206;3886;5;11333474397;S
20241024;101206;3885.5;15;11333474398;S
20241024;101206;3885;6;11333474399;S
20241024;101206;3885;2;11333474400;S
20241024;101206;3885;43;11333474401;S
20241024;101206;3885;19;11333474402;S
20241024;101206;3884.5;1;11333474403;S
20241024;101206;3884.5;1;11333474404;S
20241024;101206;3884.5;15;11333474405;S
20241024;101206;3884.5;4;11333474406;S
20241024;101206;3884.5;14;11333474407;S
20241024;101209;3884.5;1;11333474996;B
20241024;101210;3884.5;2;11333475122;B
20241024;101210;3884;10;11333475149;S
20241024;101210;3884;40;11333475150;S
20241024;101210;3884;38;11333475151;S
20241024;101210;3883.5;30;11333475152;S
20241024;101210;3883.5;32;11333475153;S
20241024;101213;3884;15;11333475877;B
20241024;101213;3884;30;11333475878;B
20241024;101214;3884;1;11333475934;B
20241024;101214;3883.5;2;11333476056;S
20241024;101217;3884;39;11333476484;B
20241024;101217;3884;16;11333476485;B
20241024;101217;3884;15;11333476486;B
20241024;101217;3884.5;52;11333476487;B
20241024;101217;3884.5;15;11333476488;B
20241024;101217;3884.5;16;11333476489;B
20241024;101217;3885;15;11333476490;B
20241024;101217;3885;289;11333476491;B
20241024;101217;3885;30;11333476492;B
20241024;101217;3885.5;6;11333476493;B
20241024;101217;3885.5;37;11333476564;S
20241024;101217;3885.5;7;11333476565;S
20241024;101219;3886;1;11333476849;B
20241024;101219;3886;39;11333476850;B
20241024;101219;3886;31;11333476851;B
20241024;101219;3886;218;11333476852;B
20241024;101219;3886;51;11333476853;B
20241024;101219;3886.5;50;11333476854;B
20241024;101221;3887.5;38;11333477108;S
20241024;101221;3887.5;15;11333477109;S
20241024;101221;3887.5;16;11333477110;S
20241024;101221;3887;15;11333477111;S
20241024;101221;3887;86;11333477112;S
20241024;101221;3887;30;11333477113;S
20241024;101221;3888;2;11333477127;B
20241024;101224;3886.5;15;11333477635;S
20241024;101224;3886.5;44;11333477636;S
20241024;101224;3886.5;8;11333477637;S
20241024;101224;3886.5;2;11333477638;S
20241024;101224;3886;15;11333477639;S
20241024;101224;3886;67;11333477640;S
20241024;101224;3886;25;11333477641;S
20241024;101226;3886.5;7;11333477893;B
20241024;101226;3886.5;43;11333477894;B
20241024;101226;3887;2;11333477896;B
20241024;101226;3887;40;11333477897;B
20241024;101226;3887.5;11;11333477899;B
20241024;101226;3887.5;40;11333477900;B
20241024;101226;3888;20;11333477901;B
20241024;101227;3887.5;2;11333478243;S
20241024;101229;3887.5;2;11333478579;B
20241024;101231;3887.5;48;11333478828;S
20241024;101231;3887.5;51;11333478829;S
20241024;101231;3887;19;11333478830;S
20241024;101231;3887;15;11333478831;S
20241024;101231;3887;26;11333478832;S
20241024;101231;3887;10;11333478833;S
20241024;101231;3886.5;15;11333478834;S
20241024;101231;3886.5;30;11333478835;S
20241024;101231;3886.5;10;11333478836;S
20241024;101231;3886;15;11333478837;S
20241024;101231;3886;31;11333478838;S
20241024;101231;3886;3;11333478839;S
20241024;101231;3886;27;11333478840;S
20241024;101233;3886;1;11333479064;S
20241024;101233;3886;1;11333479065;S
20241024;101237;3886;2;11333479621;S
20241024;101238;3886;5;11333479861;S
20241024;101239;3886;42;11333479910;S
20241024;101239;3886;27;11333479911;S
20241024;101239;3886;31;11333479912;S
20241024;101239;3886;15;11333479913;S
20241024;101239;3885.5;477;11333479980;S
20241024;101239;3885.5;23;11333479981;S
20241024;101242;3886;10;11333480681;B
20241024;101248;3885.5;26;11333481565;S
20241024;101248;3885.5;50;11333481566;S
20241024;101248;3885.5;17;11333481586;S
20241024;101248;3885.5;1;11333481587;S
20241024;101248;3885.5;2;11333481588;S
20241024;101248;3885.5;9;11333481589;B
20241024;101253;3885.5;45;11333482541;B
20241024;101253;3885.5;60;11333482542;B
20241024;101253;3885.5;60;11333482543;B
20241024;101253;3885.5;60;11333482544;B
20241024;101253;3885.5;43;11333482545;B
20241024;101253;3885.5;2;11333482546;B
20241024;101253;3885.5;40;11333482547;B
20241024;101259;3885.5;90;11333483455;S
20241024;101259;3885.5;30;11333483456;S
20241024;101259;3885.5;38;11333483457;S
20241024;101301;3885.5;6;11333483771;S
20241024;101304;3886;3;11333484387;B
20241024;101305;3885.5;94;11333484459;S
20241024;101305;3885.5;6;11333484460;S
20241024;101305;3885.5;8;11333484480;S
20241024;101305;3885.5;1;11333484481;S
20241024;101305;3885.5;30;11333484482;S
20241024;101305;3885.5;1;11333484483;S
20241024;101305;3885.5;68;11333484484;S
20241024;101309;3885.5;3;11333485173;S
20241024;101310;3886;22;11333485435;B
20241024;101315;3886;1;11333486078;B
20241024;101317;3886;25;11333486300;B
20241024;101319;3885.5;1;11333486587;S
20241024;101319;3886;100;11333486704;B
20241024;101319;3885.5;28;11333486716;S
20241024;101319;3885.5;21;11333486717;S
20241024;101319;3885.5;1;11333486718;S
20241024;101321;3886;5;11333487100;B
20241024;101322;3886;219;11333487231;B
20241024;101322;3886;2;11333487232;B
20241024;101322;3886;44;11333487233;B
20241024;101322;3886;15;11333487234;B
20241024;101322;3886;1;11333487235;B
20241024;101322;3886.5;15;11333487236;B
20241024;101322;3886.5;4;11333487237;B
20241024;101324;3886.5;2;11333487425;S
20241024;101324;3886.5;3;11333487498;S
20241024;101331;3887.5;3;11333488563;B
20241024;101331;3887;28;11333488612;S
20241024;101331;3887;55;11333488613;S
20241024;101331;3886.5;50;11333488614;S
20241024;101331;3886.5;30;11333488615;S
20241024;101331;3886;13;11333488616;S
20241024;101331;3886;52;11333488617;S
20241024;101331;3886;31;11333488618;S
20241024;101331;3886;15;11333488619;S
20241024;101331;3886;8;11333488620;S
20241024;101331;3885.5;1;11333488621;S
20241024;101331;3885.5;1143;11333488622;S
20241024;101331;3885.5;15;11333488623;S
20241024;101331;3885.5;31;11333488624;S
20241024;101331;3885.5;50;11333488625;S
20241024;101334;3886;52;11333489413;S
20241024;101334;3885.5;57;11333489414;S
20241024;101334;3886;50;11333489496;S
20241024;101339;3886;44;11333490728;S
20241024;101343;3886;5;11333491470;S
20241024;101343;3886;44;11333491471;S
20241024;101345;3886;10;11333491851;S
20241024;101353;3886.5;3;11333493812;B
20241024;101400;3887;11;11333495304;B
20241024;101400;3887.5;10;11333495305;B
20241024;101402;3887.5;5;11333495623;B
20241024;101402;3887.5;35;11333495624;B
20241024;101403;3886;4;11333495756;S
20241024;101403;3886;15;11333495757;S
20241024;101403;3886;11;11333495758;S
20241024;101403;3886;2;11333495759;S
20241024;101403;3886;1;11333495781;B
20241024;101405;3886;1;11333496204;B
20241024;101407;3885.5;142;11333496622;S
20241024;101407;3885.5;15;11333496623;S
20241024;101407;3885.5;42;11333496624;S
20241024;101407;3885.5;1;11333496625;S
20241024;101410;3886;1;11333496950;B
20241024;101410;3886;1;11333496951;B
20241024;101410;3886.5;2;11333496969;B
20241024;101410;3886.5;13;11333496981;B
20241024;101410;3886.5;52;11333496982;B
20241024;101410;3886.5;2;11333496983;B
20241024;101410;3886.5;12;11333497066;B
20241024;101411;3886.5;11;11333497094;B
20241024;101411;3887.5;5;11333497157;B
20241024;101411;3886.5;1;11333497190;S
20241024;101411;3886;52;11333497191;S
20241024;101411;3886;5;11333497192;S
20241024;101415;3887.5;10;11333497803;B
20241024;101415;3887.5;1;11333497804;B
20241024;101415;3888;30;11333497805;B
20241024;101415;3888;15;11333497806;B
20241024;101415;3888;1;11333497807;B
20241024;101416;3888;10;11333498043;B
20241024;101418;3888;18;11333498876;B
20241024;101420;3888.5;1;11333499378;B
20241024;101421;3888.5;2;11333499534;B
20241024;101421;3888.5;2;11333499535;B
20241024;101423;3886.5;15;11333499998;S
20241024;101423;3886.5;52;11333499999;S
20241024;101423;3886.5;30;11333500000;S
20241024;101423;3886.5;90;11333500001;S
20241024;101423;3886.5;19;11333500002;S
20241024;101423;3886.5;3;11333500003;S
20241024;101425;3887;2;11333500285;S
20241024;101430;3889.5;5;11333501067;B
20241024;101430;3889.5;3;11333501135;B
20241024;101430;3889.5;5;11333501176;B
20241024;101432;3889.5;17;11333501665;B
20241024;101433;3889.5;1;11333501892;B
20241024;101434;3889;24;11333502121;S
20241024;101434;3889;2;11333502122;S
20241024;101434;3889.5;6;11333502129;B
20241024;101434;3889.5;8;11333502146;B
20241024;101440;3889.5;1;11333503758;B
20241024;101441;3889.5;19;11333503825;B
20241024;101441;3889.5;6;11333503826;B
20241024;101442;3889;1;11333504204;S
20241024;101442;3889;32;11333504205;S
20241024;101442;3889;24;11333504206;S
20241024;101446;3889;25;11333504908;S
20241024;101452;3889;5;11333505971;S
20241024;101452;3889;1;11333505972;S
20241024;101454;3889;1;11333506360;S
20241024;101454;3889;4;11333506361;S
20241024;101456;3889;6;11333506586;S
20241024;101456;3889;3;11333506587;S
20241024;101456;3889;1;11333506588;S
20241024;101500;3888.5;11;11333507321;S
20241024;101500;3888.5;14;11333507322;S
20241024;101507;3889;1;11333508747;B
20241024;101511;3888.5;4;11333509666;S
20241024;101512;3889;1;11333509807;B
20241024;101512;3888.5;1;11333510105;S
20241024;101514;3889;22;11333510467;B
20241024;101515;3888.5;2;11333511048;S
20241024;101515;3888.5;18;11333511049;S
20241024;101516;3889;2;11333511255;B
20241024;101518;3889;1;11333511965;B
20241024;101518;3888.5;2;11333512094;S
20241024;101518;3888.5;23;11333512095;S
20241024;101520;3888.5;1;11333512626;B
20241024;101522;3888.5;1;11333513342;B
20241024;101524;3888.5;2;11333513709;B
20241024;101524;3888.5;1;11333513713;B
20241024;101526;3888;1;11333514219;S
20241024;101526;3888;3;11333514220;S
20241024;101526;3888;1;11333514221;S
20241024;101526;3888;1;11333514222;S
20241024;101526;3888;61;11333514223;S
20241024;101526;3888;5;11333514224;S
20241024;101526;3888;7;11333514225;S
20241024;101526;3888.5;1;11333514428;B
20241024;101527;3888.5;30;11333514657;B
20241024;101528;3888.5;12;11333514872;B
20241024;101528;3888;1;11333514899;S
20241024;101528;3888;2;11333514900;S
20241024;101529;3888.5;3;11333514954;B
20241024;101529;3888;38;11333515125;S
20241024;101529;3888;25;11333515126;S
20241024;101529;3887.5;15;11333515127;S
20241024;101529;3887.5;9;11333515128;S
20241024;101529;3887.5;35;11333515129;S
20241024;101529;3887.5;25;11333515130;S
20241024;101529;3887;13;11333515131;S
20241024;101529;3886.5;15;11333515132;S
20241024;101529;3886;15;11333515133;S
20241024;101529;3886;8;11333515134;S
20241024;101529;3886;1;11333515135;S
20241024;101529;3886;1;11333515136;S
20241024;101529;3888;20;11333515188;B
20241024;101530;3888;2;11333515346;B
20241024;101532;3888.5;1;11333515984;B
20241024;101532;3888.5;3;11333515985;B
20241024;101533;3888.5;17;11333516108;B
20241024;101533;3888.5;40;11333516230;B
20241024;101533;3889;10;11333516231;B
20241024;101535;3888.5;2;11333516761;S
20241024;101535;3889;4;11333516762;B
20241024;101539;3889;199;11333517572;B
20241024;101539;3889;2;11333517573;B
20241024;101539;3889.5;54;11333517574;B
20241024;101539;3889.5;15;11333517575;B
20241024;101539;3889.5;60;11333517576;B
20241024;101539;3889.5;15;11333517577;B
20241024;101539;3890;300;11333517578;B
20241024;101539;3890;100;11333517579;B
20241024;101539;3890;15;11333517580;B
20241024;101539;3890;15;11333517581;B
20241024;101539;3890;30;11333517582;B
20241024;101539;3890.5;15;11333517583;B
20241024;101539;3890.5;2;11333517584;B
20241024;101539;3890.5;20;11333517585;B
20241024;101539;3890.5;24;11333517586;B
20241024;101539;3891;15;11333517587;B
20241024;101539;3891;20;11333517588;B
20241024;101539;3891.5;15;11333517589;B
20241024;101539;3891.5;40;11333517590;B
20241024;101539;3891.5;60;11333517591;B
20241024;101539;3891.5;120;11333517592;B
20241024;101539;3892;15;11333517593;B
20241024;101539;3892;60;11333517594;B
20241024;101539;3892;40;11333517595;B
20241024;101539;3892;200;11333517596;B
20241024;101539;3892.5;15;11333517597;B
20241024;101539;3892.5;195;11333517598;B
20241024;101539;3893;500;11333517599;B
20241024;101539;3893;2;11333517600;B
20241024;101539;3893;15;11333517601;B
20241024;101539;3893.5;40;11333517602;B
20241024;101539;3893.5;15;11333517603;B
20241024;101539;3893.5;421;11333517604;B
20241024;101539;3893.5;416;11333517605;B
20241024;101539;3894;20;11333517606;B
20241024;101539;3894;15;11333517607;B
20241024;101539;3894.5;1;11333517608;B
20241024;101539;3894.5;400;11333517609;B
20241024;101539;3895;2;11333517610;B
20241024;101539;3895;30;11333517611;B
20241024;101539;3895;40;11333517612;B
20241024;101539;3895;250;11333517613;B
20241024;101539;3895;72;11333517614;S
20241024;101539;3895.5;2;11333517618;B
20241024;101539;3895.5;1;11333517619;B
20241024;101540;3895.5;1;11333517828;B
20241024;101540;3895.5;1;11333517829;B
20241024;101543;3896;30;11333518293;B
20241024;101543;3896;43;11333518294;B
20241024;101544;3896;122;11333518659;B
20241024;101544;3896.5;1;11333518660;B
20241024;101544;3896.5;100;11333518661;B
20241024;101544;3896.5;15;11333518662;B
20241024;101544;3897;5;11333518663;B
20241024;101544;3897;60;11333518664;B
20241024;101544;3897;15;11333518665;B
20241024;101544;3897;21;11333518666;B
20241024;101544;3897;60;11333518667;B
20241024;101544;3897;40;11333518668;B
20241024;101544;3897.5;1;11333518669;B
20241024;101544;3897.5;5;11333518670;B
20241024;101544;3897.5;5;11333518671;B
20241024;101544;3897.5;90;11333518672;B
20241024;101545;3897.5;5;11333518750;B
20241024;101546;3896;11;11333518995;S
20241024;101547;3896.5;1;11333519171;B
20241024;101549;3896;1;11333519574;B
20241024;101550;3896;14;11333519748;B
20241024;101550;3896.5;5;11333519767;B
20241024;101551;3895.5;1;11333519784;S
20241024;101551;3896.5;1;11333520009;B
20241024;101553;3896.5;1;11333520393;B
20241024;101555;3896;1;11333520771;S
20241024;101557;3896;7;11333521128;S
20241024;101557;3896.5;17;11333521189;B
20241024;101557;3896.5;15;11333521190;B
20241024;101557;3896.5;18;11333521191;B
20241024;101607;3895;1;11333522935;S
20241024;101607;3895;25;11333523122;S
20241024;101609;3895.5;15;11333523406;B
20241024;101609;3895.5;33;11333523407;B
20241024;101609;3895;3;11333523462;S
20241024;101613;3895.5;9;11333524595;S
20241024;101613;3895;33;11333524596;S
20241024;101613;3896;2;11333524628;B
20241024;101613;3895;35;11333524707;S
20241024;101613;3895;9;11333524708;S
20241024;101614;3896;1;11333524980;B
20241024;101626;3895.5;1;11333526945;S
20241024;101626;3896;1;11333526953;B
20241024;101626;3896;1;11333526954;B
20241024;101626;3896;2;11333526955;B
20241024;101626;3896.5;34;11333526956;B
20241024;101626;3896.5;10;11333526957;B
20241024;101626;3896.5;15;11333526958;B
20241024;101626;3896.5;40;11333526959;B
20241024;101626;3896.5;9;11333526960;B
20241024;101626;3897;15;11333526961;B
20241024;101626;3897;25;11333526962;B
20241024;101626;3897;8;11333526963;B
20241024;101626;3897.5;100;11333526964;B
20241024;101626;3897.5;2;11333526965;B
20241024;101626;3897.5;15;11333526966;B
20241024;101626;3897.5;2;11333526967;B
20241024;101626;3897.5;30;11333526968;B
20241024;101626;3898;8;11333526969;B
20241024;101626;3898;17;11333526970;B
20241024;101626;3898;57;11333526971;B
20241024;101626;3898;2;11333526972;B
20241024;101626;3898;15;11333526973;B
20241024;101626;3898;60;11333526974;B
20241024;101626;3898.5;1;11333526975;B
20241024;101626;3898.5;1;11333526976;B
20241024;101626;3898.5;15;11333526977;B
20241024;101626;3898.5;10;11333526978;B
20241024;101626;3898.5;8;11333526979;B
20241024;101626;3898.5;60;11333526980;B
20241024;101626;3898.5;37;11333526981;B
20241024;101626;3896;3;11333527255;S
20241024;101631;3896;3;11333528265;S
20241024;101632;3898;1;11333528727;B
20241024;101632;3896;1;11333528806;S
20241024;101632;3896;14;11333528807;S
20241024;101632;3897.5;1;11333528976;B
20241024;101632;3896.5;1;11333528981;B
20241024;101633;3896.5;1;11333528989;B
20241024;101633;3896.5;1;11333529010;B
20241024;101633;3897.5;1;11333529011;B
20241024;101633;3895.5;2;11333529063;S
20241024;101633;3897;1;11333529144;B
20241024;101633;3898;1;11333529145;B
20241024;101633;3898;1;11333529151;B
20241024;101633;3898;1;11333529169;B
20241024;101633;3898;1;11333529216;B
20241024;101633;3898;1;11333529226;B
20241024;101633;3898;1;11333529300;B
20241024;101633;3898;1;11333529302;B
20241024;101633;3898;1;11333529332;B
20241024;101633;3898;1;11333529349;B
20241024;101633;3898;1;11333529379;B
20241024;101634;3898;1;11333529381;B
20241024;101634;3898;1;11333529409;B
20241024;101634;3898;1;11333529410;B
20241024;101634;3898;1;11333529419;B
20241024;101634;3898;1;11333529551;B
20241024;101634;3898;1;11333529553;B
20241024;101634;3898;1;11333529557;B
20241024;101634;3898;1;11333529569;B
20241024;101634;3898;1;11333529571;B
20241024;101634;3898;1;11333529588;B
20241024;101634;3898;1;11333529608;B
20241024;101634;3898;1;11333529609;B
20241024;101634;3898;1;11333529644;B
20241024;101634;3898;1;11333529652;B
20241024;101635;3898;1;11333529664;B
20241024;101635;3898;1;11333529700;B
20241024;101635;3898;1;11333529732;B
20241024;101635;3898;1;11333529741;B
20241024;101635;3898;1;11333529760;B
20241024;101635;3898;1;11333529801;B
20241024;101635;3898;1;11333529831;B
20241024;101635;3898;1;11333529849;B
20241024;101635;3897.5;18;11333529890;S
20241024;101635;3898;1;11333529931;B
20241024;101635;3898;1;11333529935;B
20241024;101635;3898;1;11333529936;B
20241024;101635;3898;1;11333529961;B
20241024;101635;3898;1;11333529988;B
20241024;101636;3898;1;11333530011;B
20241024;101636;3898;1;11333530017;B
20241024;101636;3898;1;11333530031;B
20241024;101636;3898;1;11333530047;B
20241024;101636;3898;1;11333530052;B
20241024;101636;3898;1;11333530066;B
20241024;101636;3898;1;11333530093;B
20241024;101636;3897.5;4;11333530105;S
20241024;101636;3898;1;11333530109;B
20241024;101636;3898;1;11333530111;B
20241024;101636;3898;1;11333530118;B
20241024;101636;3898;1;11333530124;B
20241024;101636;3897.5;1;11333530139;S
20241024;101636;3898;1;11333530156;B
20241024;101636;3897.5;16;11333530165;S
20241024;101636;3897.5;10;11333530166;S
20241024;101636;3898;1;11333530228;B
20241024;101636;3898;1;11333530261;B
20241024;101636;3898;1;11333530265;B
20241024;101637;3898;1;11333530326;B
20241024;101637;3898;1;11333530359;B
20241024;101637;3898;1;11333530361;B
20241024;101637;3898;1;11333530362;B
20241024;101637;3898;1;11333530377;B
20241024;101637;3898;1;11333530391;B
20241024;101637;3898;1;11333530395;B
20241024;101637;3898;1;11333530398;B
20241024;101637;3898;1;11333530442;B
20241024;101637;3898;1;11333530459;B
20241024;101637;3898;1;11333530506;B
20241024;101637;3898;1;11333530533;B
20241024;101637;3898;1;11333530537;B
20241024;101637;3898;1;11333530538;B
20241024;101638;3898;1;11333530555;B
20241024;101638;3898;1;11333530556;B
20241024;101638;3898;1;11333530561;B
20241024;101638;3898;1;11333530562;B
20241024;101638;3898;1;11333530569;B
20241024;101638;3898;1;11333530626;B
20241024;101638;3898;1;11333530627;B
20241024;101638;3898;1;11333530646;B
20241024;101638;3898;1;11333530660;B
20241024;101638;3898;1;11333530662;B
20241024;101638;3898;1;11333530671;B
20241024;101638;3898;1;11333530672;B
20241024;101638;3898;1;11333530710;B
20241024;101638;3898;1;11333530713;B
20241024;101638;3898;1;11333530738;B
20241024;101638;3898;1;11333530743;B
20241024;101638;3898;1;11333530745;B
20241024;101638;3898;1;11333530748;B
20241024;101639;3898;1;11333530765;B
20241024;101639;3898;1;11333530766;B
20241024;101639;3898;1;11333530774;B
20241024;101639;3898;1;11333530779;B
20241024;101639;3898;1;11333530831;B
20241024;101639;3898;1;11333530837;B
20241024;101639;3898;18;11333530844;B
20241024;101639;3898;1;11333530856;B
20241024;101639;3898;1;11333530915;B
20241024;101639;3898;1;11333530931;B
20241024;101639;3898;1;11333530947;B
20241024;101639;3898;1;11333530949;B
20241024;101639;3898;1;11333530953;B
20241024;101639;3898;1;11333530954;B
20241024;101639;3898;1;11333530955;B
20241024;101639;3898;1;11333530964;B
20241024;101640;3898;1;11333530972;B
20241024;101640;3898;1;11333530973;B
20241024;101640;3898;1;11333530976;B
20241024;101640;3898;1;11333530977;B
20241024;101640;3898;2;11333530982;B
20241024;101640;3898.5;4;11333530983;B
20241024;101640;3898;1;11333530989;B
20241024;101640;3898;1;11333530994;B
20241024;101640;3898;1;11333530998;B
20241024;101640;3898;1;11333531011;B
20241024;101640;3898;1;11333531013;B
20241024;101640;3898;1;11333531060;B
20241024;101640;3898;1;11333531074;B
20241024;101640;3898;1;11333531075;B
20241024;101640;3898;1;11333531078;B
20241024;101640;3898;1;11333531096;B
20241024;101640;3898;1;11333531118;B
20241024;101640;3897.5;3;11333531149;S
20241024;101640;3898;1;11333531188;B
20241024;101640;3898;1;11333531193;B
20241024;101640;3898;1;11333531201;B
20241024;101640;3898;1;11333531209;B
20241024;101641;3898;1;11333531225;B
20241024;101641;3898;1;11333531315;B
20241024;101642;3898;1;11333531358;B
20241024;101642;3898;1;11333531360;B
20241024;101642;3898;1;11333531397;B
20241024;101642;3898;1;11333531420;B
20241024;101642;3898;1;11333531426;B
20241024;101642;3898.5;1;11333531432;B
20241024;101642;3898.5;1;11333531441;B
20241024;101642;3898;10;11333531464;S
20241024;101642;3898.5;1;11333531474;B
20241024;101642;3898.5;1;11333531476;B
20241024;101642;3898.5;1;11333531482;B
20241024;101642;3898.5;1;11333531491;B
20241024;101643;3898.5;1;11333531548;B
20241024;101643;3898.5;1;11333531551;B
20241024;101643;3898.5;1;11333531565;B
20241024;101643;3898.5;1;11333531567;B
20241024;101643;3898.5;1;11333531601;B
20241024;101643;3898.5;1;11333531602;B
20241024;101643;3898.5;1;11333531603;B
20241024;101643;3898.5;1;11333531604;B
20241024;101643;3898.5;1;11333531609;B
20241024;101643;3898.5;111;11333531618;B
20241024;101644;3898.5;1;11333531630;B
20241024;101644;3898.5;5;11333531679;B
20241024;101644;3898.5;1;11333531680;B
20241024;101644;3898.5;1;11333531697;B
20241024;101644;3898.5;100;11333531713;B
20241024;101644;3898.5;1;11333531720;B
20241024;101644;3898.5;1;11333531725;B
20241024;101644;3898.5;1;11333531753;B
20241024;101644;3898.5;1;11333531764;B
20241024;101645;3898.5;1;11333531767;B
20241024;101645;3898;5;11333531776;S
20241024;101645;3898;1;11333531821;B
20241024;101645;3898;1;11333531837;B
20241024;101645;3898;1;11333531839;B
20241024;101645;3898;1;11333531864;B
20241024;101645;3898;1;11333531866;B
20241024;101645;3898;1;11333531867;S
20241024;101645;3898.5;1;11333531873;B
20241024;101646;3898;14;11333531897;S
20241024;101646;3898.5;1;11333531991;B
20241024;101646;3898.5;1;11333531992;B
20241024;101646;3898.5;1;11333532038;B
20241024;101646;3898.5;1;11333532064;B
20241024;101646;3898.5;1;11333532124;B
20241024;101647;3897.5;1;11333532201;S
20241024;101647;3897.5;15;11333532202;S
20241024;101647;3897.5;14;11333532203;S
20241024;101647;3897.5;4;11333532204;S
20241024;101647;3898;1;11333532222;B
20241024;101647;3898;1;11333532315;B
20241024;101647;3898;1;11333532341;B
20241024;101647;3898;5;11333532350;B
20241024;101648;3898;1;11333532434;B
20241024;101648;3898;25;11333532435;B
20241024;101648;3897;17;11333532466;S
20241024;101648;3896.5;15;11333532467;S
20241024;101648;3896.5;18;11333532468;S
20241024;101650;3897.5;9;11333533042;S
20241024;101651;3897.5;17;11333533262;S
20241024;101651;3897.5;26;11333533433;S
20241024;101653;3898;1;11333533871;B
20241024;101654;3897.5;8;11333534104;S
20241024;101654;3897.5;20;11333534142;S
20241024;101654;3897.5;20;11333534315;S
20241024;101655;3896.5;12;11333534681;S
20241024;101656;3897;40;11333534896;B
20241024;101656;3897.5;10;11333534897;B
20241024;101703;3897.5;1;11333535836;B
20241024;101703;3896;25;11333535840;S
20241024;101704;3896.5;40;11333535993;S
20241024;101705;3896;6;11333536143;S
20241024;101706;3896;3;11333536285;S
20241024;101706;3896;100;11333536475;S
20241024;101709;3896.5;40;11333536779;B
20241024;101710;3896;50;11333537099;S
20241024;101713;3897;71;11333537618;B
20241024;101713;3897;2;11333537619;B
20241024;101713;3897.5;15;11333537620;B
20241024;101713;3897.5;12;11333537621;B
20241024;101717;3896;10;11333538185;S
20241024;101717;3896;5;11333538273;S
20241024;101719;3896;51;11333538474;S
20241024;101719;3896;1;11333538475;S
20241024;101719;3896;6;11333538476;S
20241024;101719;3896;23;11333538477;S
20241024;101721;3896;100;11333538865;B
20241024;101721;3896;9;11333538983;B
20241024;101723;3896;29;11333539610;B
20241024;101723;3896;133;11333539611;B
20241024;101723;3896;147;11333539612;B
20241024;101723;3896;1;11333539613;B
20241024;101724;3897;2;11333540008;B
20241024;101724;3897;19;11333540009;B
20241024;101725;3897;6;11333540150;B
20241024;101725;3897.5;26;11333540151;B
20241024;101728;3897.5;10;11333544093;B
20241024;101738;3897.5;1;11333547892;B
20241024;101738;3897.5;1;11333547930;B
20241024;101740;3897.5;49;11333548791;B
20241024;101740;3897.5;29;11333548792;B
20241024;101744;3897.5;1;11333549769;B
20241024;101748;3897.5;9;11333550785;B
20241024;101748;3897.5;20;11333550786;B
20241024;101750;3898;1;11333551159;B
20241024;101750;3898;20;11333551160;B
20241024;101750;3898;30;11333551161;B
20241024;101750;3898;4;11333551162;B
20241024;101750;3898;5;11333551163;B
20241024;101750;3898;50;11333551164;B
20241024;101750;3898;55;11333551165;B
20241024;101750;3898.5;11;11333551288;B
20241024;101753;3898.5;4;11333552050;B
20241024;101753;3898;8;11333552059;S
20241024;101755;3898.5;14;11333552780;B
20241024;101755;3898;1;11333553008;S
20241024;101757;3898.5;14;11333553353;B
20241024;101757;3898;23;11333553394;S
20241024;101801;3898.5;1;11333555157;B
20241024;101803;3898.5;7;11333555632;B
20241024;101803;3898.5;8;11333555633;B
20241024;101803;3898.5;23;11333555634;B
20241024;101803;3898.5;19;11333555635;B
20241024;101803;3898.5;1;11333555636;B
20241024;101803;3898.5;9;11333555637;B
20241024;101803;3898.5;11;11333555638;B
20241024;101803;3898.5;53;11333555639;B
20241024;101803;3898;2;11333555667;S
20241024;101805;3898.5;20;11333556637;B
20241024;101806;3898.5;16;11333557061;B
20241024;101806;3898.5;16;11333557062;B
20241024;101806;3898.5;12;11333557063;B
20241024;101806;3899;20;11333557079;B
20241024;101806;3899;28;11333557080;B
20241024;101806;3899;2;11333557081;B
20241024;101807;3899;8;11333557284;B
20241024;101807;3899;1;11333557285;B
20241024;101807;3899;17;11333557286;B
20241024;101808;3899;8;11333557676;B
20241024;101809;3899.5;1;11333558055;B
20241024;101810;3899;1;11333558200;S
20241024;101811;3899.5;1;11333558355;B
20241024;101811;3899.5;1;11333558356;B
20241024;101811;3899.5;3;11333558357;B
20241024;101811;3899.5;1;11333558396;B
20241024;101811;3899;10;11333558477;S
20241024;101813;3899.5;4;11333558826;B
20241024;101816;3899.5;2;11333559510;B
20241024;101816;3899.5;2;11333559511;B
20241024;101816;3899.5;8;11333559512;B
20241024;101816;3899.5;1;11333559513;B
20241024;101816;3899.5;1;11333559514;B
20241024;101816;3899.5;4;11333559515;B
20241024;101817;3899.5;15;11333559650;B
20241024;101818;3899.5;10;11333559952;B
20241024;101819;3899.5;7;11333560327;B
20241024;101819;3899.5;9;11333560405;B
20241024;101819;3899.5;5;11333560406;B
20241024;101819;3899.5;4;11333560407;B
20241024;101819;3899.5;9;11333560408;B
20241024;101824;3899.5;2;11333561575;B
20241024;101824;3899.5;1;11333561605;B
20241024;101824;3899.5;1;11333561606;B
20241024;101826;3899.5;2;11333561884;B
20241024;101827;3899.5;1;11333562040;B
20241024;101827;3899.5;20;11333562041;B
20241024;101827;3899.5;20;11333562042;B
20241024;101827;3899.5;8;11333562043;B
20241024;101827;3899.5;1;11333562044;B
20241024;101827;3899.5;1;11333562060;B
20241024;101827;3899.5;8;11333562074;B
20241024;101827;3899.5;10;11333562075;B
20241024;101827;3899.5;1;11333562081;B
20241024;101827;3899.5;2;11333562215;B
20241024;101828;3899.5;2;11333562245;B
20241024;101828;3899.5;5;11333562252;B
20241024;101828;3899.5;1;11333562253;B
20241024;101828;3899.5;45;11333562254;B
20241024;101828;3899;3;11333562267;S
20241024;101828;3899.5;5;11333562304;B
20241024;101828;3899.5;20;11333562305;B
20241024;101828;3899.5;20;11333562306;B
20241024;101828;3900;6;11333562307;B
20241024;101828;3900;51;11333562314;B
20241024;101829;3900;2;11333562396;B
20241024;101829;3900;10;11333562448;B
20241024;101829;3900;2;11333562600;B
20241024;101830;3900;2;11333562649;B
20241024;101830;3900;47;11333562650;B
20241024;101830;3900;10;11333562671;B
20241024;101831;3899.5;15;11333562863;B
