<DATE>;<TIME>;<LAST>;<VOL>;<ID>;<OPER>
20241017;095937;886;1;11308038566;B
20241017;095937;886;5;11308038567;S
20241017;095937;886;1;11308038568;S
20241017;095937;886;43;11308038569;B
20241017;095937;886;2;11308038570;B
20241017;095937;886;2;11308038571;B
20241017;095937;886;5;11308038572;B
20241017;095937;886;60;11308038573;B
20241017;095937;886;45;11308038574;B
20241017;095937;886;34;11308038575;B
20241017;095937;886;12;11308038576;B
20241017;095937;886;30;11308038577;B
20241017;095937;886;4;11308038578;B
20241017;095937;886;594;11308038579;B
20241017;095937;886;100;11308038580;B
20241017;095937;886;1;11308038581;B
20241017;100003;885.9;1;11308044667;B
20241017;100003;885.5;1;11308044669;S
20241017;100004;886;2;11308045632;B
20241017;100004;885.5;1;11308046039;S
20241017;100004;885.5;1;11308046040;S
20241017;100004;885.5;1;11308046041;S
20241017;100005;886;11;11308046915;B
20241017;100006;886;2;11308047642;B
20241017;100006;886;1;11308047720;B
20241017;100006;885.6;1;11308047897;S
20241017;100006;885.6;1;11308048509;S
20241017;100006;885.6;4;11308049115;S
20241017;100006;885.5;1;11308049116;S
20241017;100006;886;1;11308049120;B
20241017;100040;885.6;76;11308058999;S
20241017;100040;886;6;11308059022;B
20241017;100041;886;2;11308059160;B
20241017;100049;885.6;4;11308061056;S
20241017;100105;885.5;1;11308065113;S
20241017;100105;885.5;2;11308065114;S
20241017;100105;885.5;11;11308065115;S
20241017;100105;885.5;5;11308065116;S
20241017;100105;885.5;1;11308065117;S
20241017;100108;885.6;1;11308065900;B
20241017;100110;885.5;2;11308066288;S
20241017;100114;885.5;1;11308067787;S
20241017;100135;885.6;10;11308072618;B
20241017;100152;885.6;11;11308077546;B
20241017;100156;885.6;1;11308078394;B
20241017;100211;885.5;1;11308082496;S
20241017;100240;885.5;22;11308090395;B
20241017;100240;885.3;11;11308090421;S
20241017;100244;885.3;14;11308091009;S
20241017;100244;885.3;3;11308091010;S
20241017;100244;885.3;1;11308091011;S
20241017;100244;885.3;7;11308091012;S
20241017;100250;885.1;6;11308091930;S
20241017;100250;885;5;11308091931;S
20241017;100250;885;2;11308091932;S
20241017;100250;885;7;11308091933;S
20241017;100314;885.3;5;11308096235;B
20241017;100314;885.5;13;11308096236;B
20241017;100314;885.5;5;11308096237;B
20241017;100314;885.5;27;11308096238;B
20241017;100314;885.6;73;11308096239;B
20241017;100314;885.6;5;11308096240;B
20241017;100314;885.8;72;11308096241;B
20241017;100314;885.8;58;11308096242;B
20241017;100314;885.9;1;11308096243;B
20241017;100314;885.9;55;11308096244;B
20241017;100314;886;186;11308096245;B
20241017;100316;885.1;1;11308096937;S
20241017;100317;886;112;11308097149;B
20241017;100320;886;112;11308097632;B
20241017;100320;886;200;11308097829;B
20241017;100322;886;10;11308098013;B
20241017;100322;886;10;11308098102;B
20241017;100322;886;10;11308098217;B
20241017;100322;886;30;11308098242;B
20241017;100323;886;60;11308098298;B
20241017;100323;886;50;11308098306;B
20241017;100323;886;10;11308098354;B
20241017;100323;886;10;11308098377;B
20241017;100324;886;10;11308098425;B
20241017;100329;886;200;11308099379;B
20241017;100330;886;70;11308099718;B
20241017;100331;886;9;11308099755;B
20241017;100331;887.7;1;11308099756;B
20241017;100331;887.9;10;11308099757;B
20241017;100331;888;6;11308099758;B
20241017;100331;888.8;1;11308099759;B
20241017;100331;888.8;1;11308099760;B
20241017;100331;888.8;10;11308099761;B
20241017;100331;888.9;5;11308099762;B
20241017;100331;889;1;11308099763;B
20241017;100331;889;1;11308099764;B
20241017;100331;889.5;13;11308099765;B
20241017;100331;889.6;6;11308099766;B
20241017;100331;889.6;10;11308099767;B
20241017;100331;889.7;80;11308099768;B
20241017;100331;889.9;46;11308099769;B
20241017;100342;889.6;3;11308102198;B
20241017;100357;887.5;1;11308105105;S
20241017;100357;886.5;1;11308105106;S
20241017;100357;886.4;2;11308105107;S
20241017;100357;886.3;57;11308105108;S
20241017;100357;886.3;39;11308105109;S
20241017;100401;885.9;6;11308105820;S
20241017;100407;887.9;1;11308106805;B
20241017;100407;888.3;1;11308106806;B
20241017;100410;887.9;1;11308107336;S
20241017;100410;886.4;3;11308107337;S
20241017;100419;886.6;1;11308109002;S
20241017;100419;888;1;11308109098;B
20241017;100419;888;5;11308109099;B
20241017;100419;888.1;5;11308109100;B
20241017;100419;888.1;5;11308109101;B
20241017;100421;888.2;34;11308109421;S
20241017;100422;887.9;5;11308109529;S
20241017;100423;888.4;2;11308109815;B
20241017;100423;888.5;3;11308109816;B
20241017;100433;886.9;1;11308111706;S
20241017;100433;886.6;1;11308111707;S
20241017;100437;888.2;1;11308112556;B
20241017;100437;888.3;8;11308112557;B
20241017;100437;888.3;57;11308112558;B
20241017;100437;888.4;5;11308112559;B
20241017;100437;888.4;31;11308112560;B
20241017;100440;888.5;10;11308113002;S
20241017;100513;887.3;1;11308120730;B
20241017;100525;887.3;2;11308123173;B
20241017;100525;888.4;2;11308123174;B
20241017;100525;888.5;5;11308123175;B
20241017;100525;888.5;2;11308123176;B
20241017;100525;888.7;4;11308123177;B
20241017;100525;888.8;1;11308123178;B
20241017;100525;888.8;5;11308123179;B
20241017;100525;888.9;5;11308123180;B
20241017;100525;889;24;11308123181;B
20241017;100532;887.3;1;11308124545;S
20241017;100532;887.3;1;11308124546;S
20241017;100532;887.2;1;11308124547;S
20241017;100533;888.7;2;11308124599;B
20241017;100533;888.8;2;11308124600;B
20241017;100533;888.9;1;11308124601;B
20241017;100534;887.2;2;11308124659;S
20241017;100534;888.6;1;11308124782;B
20241017;100534;888.8;2;11308124783;B
20241017;100534;888.9;4;11308124784;B
20241017;100534;888.9;5;11308124785;B
20241017;100534;888.9;2;11308124786;B
20241017;100539;888.9;100;11308125324;S
20241017;100540;888.9;5;11308125679;S
20241017;100541;888.9;10;11308126198;S
20241017;100542;888.9;5;11308126408;S
20241017;100543;889;1;11308126648;B
20241017;100543;889;1;11308126708;B
20241017;100543;889;1;11308126759;B
20241017;100544;889;1;11308126803;B
20241017;100544;889;1;11308126832;B
20241017;100544;889;1;11308126972;B
20241017;100545;889;1;11308127049;B
20241017;100545;889.1;1;11308127119;B
20241017;100546;889.1;1;11308127195;B
20241017;100546;889.1;1;11308127265;B
20241017;100546;889.1;1;11308127300;B
20241017;100547;889.1;1;11308127398;B
20241017;100547;889.1;1;11308127517;B
20241017;100548;889.1;1;11308127570;B
20241017;100548;889.1;1;11308127632;B
20241017;100549;889.1;1;11308127687;B
20241017;100549;889.1;1;11308127807;B
20241017;100550;889.1;1;11308127832;B
20241017;100550;889.1;1;11308127929;B
20241017;100550;889.1;1;11308128003;B
20241017;100551;889.1;1;11308128086;B
20241017;100551;889.1;1;11308128151;B
20241017;100551;889.1;1;11308128173;B
20241017;100551;889.1;1;11308128201;B
20241017;100552;889.1;1;11308128240;B
20241017;100552;889.1;1;11308128361;B
20241017;100553;889.1;1;11308128503;B
20241017;100554;889.1;1;11308128545;B
20241017;100623;889.1;4;11308135389;B
20241017;100627;888.9;50;11308136199;S
20241017;100627;888.9;16;11308136245;S
20241017;100627;888.7;8;11308136246;S
20241017;100627;888.4;2;11308136256;S
20241017;100627;887.3;2;11308136257;S
20241017;100637;888.5;2;11308138535;B
20241017;100641;888.5;3;11308139357;B
20241017;100641;888.6;2;11308139358;B
20241017;100641;888.7;2;11308139359;B
20241017;100645;888.7;1;11308140073;B
20241017;100648;888.7;1;11308141022;B
20241017;100651;888.8;5;11308141476;B
20241017;100651;888.8;1;11308141477;B
20241017;100651;888.9;1;11308141478;B
20241017;100651;889;2;11308141479;B
20241017;100651;889.1;6;11308141480;B
20241017;100700;888.9;1;11308143080;B
20241017;100707;889;5;11308144354;B
20241017;100707;889.1;19;11308144355;B
20241017;100707;889.1;1;11308144356;B
20241017;100707;889.2;1;11308144357;B
20241017;100707;889.6;10;11308144358;B
20241017;100710;889.6;14;11308144765;S
20241017;100710;888.9;2;11308144766;S
20241017;100710;888.8;2;11308144767;S
20241017;100710;887.6;5;11308144768;S
20241017;100710;887.6;5;11308144769;S
20241017;100710;887.4;31;11308144770;S
20241017;100710;886.8;17;11308144771;S
20241017;100710;886.8;1;11308144772;S
20241017;100710;886.3;1;11308144773;S
20241017;100710;886.1;1;11308144774;S
20241017;100710;886;21;11308144775;S
20241017;100715;887.8;1;11308145502;B
20241017;100715;886;2;11308145582;S
20241017;100719;887.7;5;11308146091;B
20241017;100719;888.7;1;11308146092;B
20241017;100723;888.6;11;11308146603;B
20241017;100736;888.5;1;11308148598;B
20241017;100743;888.5;3;11308149797;B
20241017;100743;888.6;3;11308149798;B
20241017;100743;888.6;4;11308149799;B
20241017;100744;888.6;1;11308149851;B
20241017;100746;888.6;3;11308150227;B
20241017;100753;888.6;2;11308151090;B
20241017;100753;888.7;1;11308151091;B
20241017;100755;888.7;1;11308151425;B
20241017;100758;888.7;2;11308151937;B
20241017;100758;888.7;5;11308151938;B
20241017;100758;888.7;6;11308151939;B
20241017;100806;888.6;1;11308153143;B
20241017;100813;888.7;1;11308154234;B
20241017;100815;887.1;1;11308154500;S
20241017;100819;888.7;10;11308155315;B
20241017;100819;888.7;3;11308155316;B
20241017;100819;888.9;2;11308155317;B
20241017;100819;888.9;15;11308155318;B
20241017;100819;888.9;5;11308155319;B
20241017;100819;889;24;11308155320;B
20241017;100820;889;1;11308155453;B
20241017;100830;888.7;1;11308156910;S
20241017;100831;889;71;11308157106;B
20241017;100831;889;50;11308157107;B
20241017;100831;889.4;10;11308157108;B
20241017;100831;889.5;10;11308157109;B
20241017;100831;889.7;1;11308157110;B
20241017;100831;889.7;50;11308157111;B
20241017;100831;889.9;1;11308157112;B
20241017;100831;889.9;1;11308157113;B
20241017;100831;889.9;50;11308157114;B
20241017;100831;889.9;49;11308157115;B
20241017;100831;889.9;1;11308157116;B
20241017;100831;890;1;11308157117;B
20241017;100831;890;1;11308157118;B
20241017;100831;890;1;11308157119;B
20241017;100831;890;103;11308157120;B
20241017;100837;890;14;11308157995;B
20241017;100838;889.1;1;11308158232;S
20241017;100838;889;49;11308158233;S
20241017;100841;889.9;2;11308158593;B
20241017;100841;889.9;15;11308158657;B
20241017;100853;889.6;1;11308160503;B
20241017;100857;888.8;25;11308161096;S
20241017;100857;888.7;75;11308161097;S
20241017;100915;889.3;1;11308164600;B
20241017;100921;889.3;1;11308165710;B
20241017;100945;888.7;75;11308169543;S
20241017;100945;888.7;46;11308169544;S
20241017;100945;888.5;11;11308169545;S
20241017;100945;888.4;11;11308169546;S
20241017;100945;887.4;1;11308169547;S
20241017;100945;887.2;5;11308169548;S
20241017;100945;887;1;11308169549;S
20241017;100945;887;33;11308169550;S
20241017;100945;885.8;17;11308169551;S
20241017;100945;888.2;3;11308169559;B
20241017;100954;888.6;2;11308170714;B
20241017;100955;886.5;1;11308170854;S
20241017;100955;886.5;13;11308170855;S
20241017;100957;888.5;1;11308171034;B
20241017;100957;888.6;3;11308171035;B
20241017;100957;889.2;22;11308171036;B
20241017;101010;888.3;30;11308172977;B
20241017;101016;886.8;1;11308173687;S
20241017;101016;886.7;1;11308173688;S
20241017;101016;886.6;2;11308173689;S
20241017;101016;886.5;1;11308173690;S
20241017;101016;886.5;2;11308173691;S
20241017;101016;886.5;5;11308173692;S
20241017;101025;887.8;1;11308175399;B
20241017;101025;887.9;1;11308175400;B
20241017;101025;887.9;1;11308175401;B
20241017;101025;888;1;11308175402;B
20241017;101025;888.1;3;11308175403;B
20241017;101026;886.6;3;11308175479;S
20241017;101032;888.2;1;11308176762;B
20241017;101043;888.2;4;11308179010;B
20241017;101043;888.2;1;11308179013;S
20241017;101052;887.3;1;11308180582;S
20241017;101052;887.3;1;11308180583;S
20241017;101052;887.2;1;11308180584;S
20241017;101052;887.2;1;11308180585;S
20241017;101052;886.9;1;11308180586;S
20241017;101101;886.8;47;11308181996;S
20241017;101101;886.7;16;11308181997;S
20241017;101101;886.7;80;11308181998;S
20241017;101101;886.5;1;11308181999;S
20241017;101101;886.2;56;11308182000;S
20241017;101128;886.2;1;11308186043;S
20241017;101128;886.2;11;11308186044;S
20241017;101128;887.7;2;11308186051;B
20241017;101129;886.1;18;11308186192;S
20241017;101135;887.7;2;11308187058;S
20241017;101135;887.6;2;11308187059;S
20241017;101135;886.2;2;11308187060;S
20241017;101135;886.2;27;11308187061;S
20241017;101135;886.1;3;11308187062;S
20241017;101135;885.6;100;11308187063;S
20241017;101135;885.6;3;11308187064;S
20241017;101135;885.5;1;11308187065;S
20241017;101135;885.5;5;11308187066;S
20241017;101135;885.5;72;11308187067;S
20241017;101135;885.2;1;11308187068;S
20241017;101135;885.2;1;11308187069;S
20241017;101135;885;2;11308187070;S
20241017;101135;885;5;11308187071;S
20241017;101135;885;2;11308187072;S
20241017;101135;885;10;11308187073;S
20241017;101135;885;1;11308187074;S
20241017;101135;885;1;11308187075;S
20241017;101135;885;1;11308187076;S
20241017;101135;885;113;11308187077;S
20241017;101135;884.9;146;11308187078;S
20241017;101153;886.1;2;11308189708;B
20241017;101153;886.2;16;11308189709;B
20241017;101153;886.5;1;11308189710;B
20241017;101153;886.6;1;11308189711;B
20241017;101201;885.4;1;11308190948;S
20241017;101201;885.3;1;11308190949;S
20241017;101202;886.4;4;11308191128;B
20241017;101202;886.5;17;11308191129;B
20241017;101204;885.4;15;11308191481;S
20241017;101220;886;2;11308194141;B
20241017;101227;885.8;1;11308195477;B
20241017;101227;885.9;1;11308195478;B
20241017;101235;885.9;1;11308196665;B
20241017;101237;886;5;11308196872;B
20241017;101245;885.4;1;11308197800;S
20241017;101245;885.3;49;11308197801;S
20241017;101250;885;1;11308198364;S
20241017;101250;885;2;11308198365;S
20241017;101259;885;8;11308199338;S
20241017;101300;884.9;3;11308199384;S
20241017;101300;884.8;6;11308199385;S
20241017;101300;884.7;2;11308199386;S
20241017;101300;884.6;5;11308199387;S
20241017;101300;884.6;63;11308199388;S
20241017;101312;884.6;2;11308200778;S
20241017;101316;884.7;1;11308201322;B
20241017;101317;884.6;7;11308201596;S
20241017;101325;884.6;12;11308202671;B
20241017;101327;884.6;1;11308203007;B
20241017;101328;884.6;10;11308203093;B
20241017;101329;884.6;10;11308203127;B
20241017;101329;884.6;10;11308203141;B
20241017;101329;884.6;10;11308203143;B
20241017;101329;884.6;10;11308203216;B
20241017;101329;884.6;10;11308203259;B
20241017;101329;884.6;19;11308203262;B
20241017;101329;884.7;2;11308203263;B
20241017;101329;884.8;5;11308203264;B
20241017;101329;885;7;11308203265;B
20241017;101329;885.3;1;11308203266;B
20241017;101329;885.4;1;11308203267;B
20241017;101329;885.5;5;11308203268;B
20241017;101329;885.9;1;11308203269;B
20241017;101329;885.9;8;11308203270;B
20241017;101330;885.9;10;11308203294;B
20241017;101330;885.9;10;11308203329;B
20241017;101331;885.9;10;11308203517;B
20241017;101332;885.7;10;11308203560;B
20241017;101333;886;1;11308203864;B
20241017;101333;886;9;11308203865;B
20241017;101334;886;2;11308203953;B
20241017;101341;885;1;11308204924;S
20241017;101341;884.9;1;11308204925;S
20241017;101341;884.7;1;11308204926;S
20241017;101341;884.6;22;11308204927;S
20241017;101415;885.6;1;11308209859;B
20241017;101415;885.7;1;11308209860;B
20241017;101415;885.7;1;11308209861;B
20241017;101417;884.8;1;11308210093;S
20241017;101417;884.6;3;11308210094;S
20241017;101417;885.7;3;11308210187;B
20241017;101420;884.6;1;11308210506;S
20241017;101450;885.3;1;11308214646;B
20241017;101502;885.4;1;11308216224;B
20241017;101504;884.8;1;11308216696;S
20241017;101504;884.8;1;11308216809;S
20241017;101504;884.8;16;11308216810;S
20241017;101506;884.8;1;11308217145;B
20241017;101530;884.6;30;11308224124;S
20241017;101530;884.5;10;11308224125;S
20241017;101530;884.5;5;11308224126;S
20241017;101530;884.5;4;11308224127;S
20241017;101535;884.5;1;11308225495;B
20241017;101543;884.7;2;11308227560;B
20241017;101546;884.6;1;11308228015;S
20241017;101557;884.5;10;11308230131;S
20241017;101557;884.7;1;11308230207;B
20241017;101600;884.5;1;11308230739;S
20241017;101608;884.7;1;11308232185;B
20241017;101608;884.8;2;11308232186;B
20241017;101615;884.7;1;11308233321;B
20241017;101616;884.7;2;11308233570;B
20241017;101621;884.5;8;11308234265;S
20241017;101621;884.3;8;11308234266;S
20241017;101621;884.2;30;11308234267;S
20241017;101621;884.2;4;11308234268;S
20241017;101626;884.6;1;11308235049;B
20241017;101626;884.1;1;11308235060;S
20241017;101626;884.1;6;11308235061;S
20241017;101626;884.1;9;11308235062;S
20241017;101626;884;9;11308235063;S
20241017;101626;884;24;11308235064;S
20241017;101626;884;1;11308235065;S
20241017;101627;884;9;11308235202;S
20241017;101627;884;2;11308235203;S
20241017;101627;884;34;11308235204;S
20241017;101628;884;12;11308235393;S
20241017;101629;884;2;11308235475;S
20241017;101630;884.1;8;11308235674;S
20241017;101630;884;34;11308235675;S
20241017;101630;884;8;11308235676;S
20241017;101633;884;233;11308236085;S
20241017;101633;884;7;11308236086;S
20241017;101635;884;50;11308236376;S
20241017;101638;884;43;11308236916;S
20241017;101638;884;7;11308236917;S
20241017;101641;884.5;1;11308237427;B
20241017;101641;884.5;1;11308237428;B
20241017;101641;884.6;7;11308237429;B
20241017;101641;884.6;1;11308237430;B
20241017;101641;884;115;11308237480;S
20241017;101648;884;5;11308238714;S
20241017;101648;884;1;11308238715;S
20241017;101648;884;6;11308238716;S
20241017;101653;884;10;11308239257;S
20241017;101656;884.5;1;11308239644;B
20241017;101656;884.6;7;11308239645;B
20241017;101656;884.7;92;11308239646;B
20241017;101701;884.7;1;11308240145;B
20241017;101702;884.7;14;11308240279;B
20241017;101702;884.8;17;11308240280;B
20241017;101709;884.5;1;11308241024;S
20241017;101711;884.5;4;11308241204;B
20241017;101711;885.3;4;11308241205;B
20241017;101712;885.5;1;11308241218;B
20241017;101749;885.4;1;11308246625;B
20241017;101749;885.5;1;11308246626;B
20241017;101750;885.6;1;11308246769;B
20241017;101755;885.5;11;11308247543;B
20241017;101758;885.5;59;11308248003;B
20241017;101758;885.7;2;11308248004;B
20241017;101758;885.8;27;11308248005;B
20241017;101758;885.9;5;11308248006;B
20241017;101758;885.9;17;11308248007;B
20241017;101758;885.8;1;11308248102;B
20241017;101811;885.7;1;11308250259;B
20241017;101811;885.8;1;11308250271;B
20241017;101811;885.9;10;11308250272;B
20241017;101828;885.8;2;11308253480;B
20241017;101829;885.8;3;11308253513;S
20241017;101843;885.7;1;11308256008;B
20241017;101844;885.7;1;11308256100;B
20241017;101844;885.8;1;11308256101;B
20241017;101859;884.8;2;11308258641;S
20241017;101901;884.4;1;11308258897;S
20241017;101901;884.3;1;11308258898;S
20241017;101904;884.4;1;11308259446;S
20241017;101904;884.3;49;11308259447;S
20241017;101906;884.2;1;11308259851;S
20241017;101906;884.2;1;11308259852;S
20241017;101906;884.1;1;11308259853;S
20241017;101906;884.1;7;11308259854;S
20241017;101906;884.1;40;11308259855;S
20241017;101906;884.1;30;11308259917;S
20241017;101906;884;20;11308259918;S
20241017;101911;885.1;6;11308260610;B
20241017;101921;884.1;1;11308262176;S
20241017;101921;884.1;2;11308262177;S
20241017;101927;884.1;4;11308263163;S
20241017;101927;884.1;1;11308263164;S
20241017;101927;884;5;11308263165;S
20241017;101927;884;10;11308263166;S
20241017;102005;884;30;11308270503;S
20241017;102005;884;20;11308270504;S
20241017;102016;884;88;11308272700;S
20241017;102038;884.8;1;11308279772;B
20241017;102038;884.9;1;11308279901;B
20241017;102038;885;1;11308279926;B
20241017;102039;885.1;1;11308280096;B
20241017;102039;885.1;1;11308280231;B
20241017;102039;885.1;1;11308280386;B
20241017;102039;885.1;1;11308280413;B
20241017;102041;885;1;11308280916;B
20241017;102041;885.1;1;11308280980;B
20241017;102041;885.9;1;11308280989;B
20241017;102041;885.9;1;11308281003;B
20241017;102042;885.9;1;11308281023;B
20241017;102043;885.9;56;11308281283;B
20241017;102043;885.9;29;11308281284;B
20241017;102107;884.3;1;11308288673;S
20241017;102107;884.2;1;11308288674;S
20241017;102107;884.2;1;11308288675;S
20241017;102107;884.1;1;11308288676;S
20241017;102107;884.1;1;11308288677;S
20241017;102107;884;1;11308288678;S
20241017;102107;884;10;11308288679;S
20241017;102110;884.7;1;11308289471;B
20241017;102110;884.8;1;11308289472;B
20241017;102115;884.9;1;11308290845;B
20241017;102116;884.9;1;11308290933;B
20241017;102116;884.9;1;11308290934;B
20241017;102117;885;3;11308291349;B
20241017;102126;884.9;3;11308293544;B
20241017;102126;885;3;11308293545;B
20241017;102129;884.3;1;11308294546;S
20241017;102129;884.2;1;11308294547;S
20241017;102153;884.7;1;11308301066;B
20241017;102153;884.8;1;11308301067;B
20241017;102153;884.9;2;11308301068;B
20241017;102153;885;1;11308301069;B
20241017;102206;884.7;1;11308305484;B
20241017;102206;884.8;1;11308305485;B
20241017;102206;884.9;1;11308305486;B
20241017;102214;884.9;1;11308308277;B
20241017;102214;885;1;11308308278;B
20241017;102228;885;1;11308312233;B
20241017;102237;884.3;1;11308314476;S
20241017;102237;884.2;1;11308314477;S
20241017;102237;884.1;1;11308314478;S
20241017;102237;884.1;2;11308314479;S
20241017;102247;884.1;1;11308317284;S
20241017;102247;884;1;11308317285;S
20241017;102256;884.5;1;11308319426;B
20241017;102256;884.6;1;11308319427;B
20241017;102256;884.6;1;11308319428;B
20241017;102256;884.6;1;11308319429;B
20241017;102256;884.8;1;11308319430;B
20241017;102256;885;1;11308319431;B
20241017;102256;885;10;11308319432;B
20241017;102256;885.1;84;11308319433;B
20241017;102256;885.2;12;11308319434;B
20241017;102256;885.2;6;11308319435;B
20241017;102312;885.2;1;11308323804;B
20241017;102321;884.3;1;11308326256;S
20241017;102329;884.4;1;11308328725;S
20241017;102329;884.3;1;11308328726;S
20241017;102337;884.9;1;11308330961;B
20241017;102345;884.9;1;11308333617;B
20241017;102401;885.1;1;11308336969;B
20241017;102401;885.2;1;11308336970;B
20241017;102401;885.3;3;11308336971;B
20241017;102403;884.5;1;11308337297;S
20241017;102403;884.4;1;11308337298;S
20241017;102404;885.3;2;11308337423;B
20241017;102425;886;2;11308341396;B
20241017;102425;886.8;1;11308341397;B
20241017;102425;887;13;11308341398;B
20241017;102430;886.7;4;11308341981;B
20241017;102510;887.3;7;11308348021;B
20241017;102533;886.7;20;11308350801;B
20241017;102546;885.4;1;11308351962;S
20241017;102616;886.5;1;11308355782;B
20241017;102632;886.3;3;11308358217;B
20241017;102648;885.8;1;11308360131;S
20241017;102656;885.7;1;11308361229;S
20241017;102656;885.6;1;11308361230;S
20241017;102656;885.6;3;11308361231;S
20241017;102656;885.5;24;11308361232;S
20241017;102656;885.5;57;11308361233;S
20241017;102656;885.5;3;11308361234;S
20241017;102656;885.4;2;11308361235;S
20241017;102656;885.4;30;11308361236;S
20241017;102656;885.3;179;11308361237;S
20241017;102657;886;1;11308361401;B
20241017;102657;886.1;2;11308361402;B
20241017;102720;886;1;11308364442;B
20241017;102720;886.1;1;11308364443;B
20241017;102720;886.1;3;11308364444;B
20241017;102720;886.1;1;11308364445;B
20241017;102720;886.2;57;11308364446;B
20241017;102720;886.2;3;11308364447;B
20241017;102720;886.2;36;11308364448;B
20241017;102726;886.1;1;11308365041;B
20241017;102739;886.2;2;11308366663;B
20241017;102747;886.2;3;11308367971;B
20241017;102805;887.5;1;11308370135;B
20241017;102805;887.1;1;11308370160;B
20241017;102816;886.7;64;11308371679;B
20241017;102816;886.7;5;11308371680;B
20241017;102816;886.7;29;11308371681;B
20241017;102816;886.7;1;11308371682;B
20241017;102816;886.8;5;11308371683;B
20241017;102816;886.9;1;11308371684;B
20241017;102816;887;73;11308371685;B
20241017;102816;887.1;100;11308371686;B
20241017;102816;887.2;50;11308371687;B
20241017;102816;887.8;56;11308371688;B
20241017;102816;887.9;400;11308371689;B
20241017;102816;889.2;1;11308371690;B
20241017;102816;889.2;146;11308371691;B
20241017;102816;889.3;35;11308371692;B
20241017;102816;889.4;1;11308371693;B
20241017;102816;889.4;35;11308371694;B
20241017;102816;889.4;50;11308371695;B
20241017;102816;889.5;200;11308371696;B
20241017;102816;889.5;48;11308371697;B
20241017;102827;887;1;11308373404;S
20241017;102830;887;1;11308373810;B
20241017;102832;886.9;2;11308373954;B
20241017;102919;886.7;4;11308379399;B
20241017;102919;886.8;10;11308379400;B
20241017;102919;886.9;8;11308379401;B
20241017;102919;886.9;11;11308379402;B
20241017;102919;886.9;25;11308379403;B
20241017;102919;886.9;10;11308379404;B
20241017;102919;887;56;11308379405;B
20241017;102923;887;1;11308379802;B
20241017;102925;887;1;11308380432;B
20241017;102941;886;1;11308382323;S
20241017;102941;885.9;1;11308382324;S
20241017;102941;885.7;1;11308382325;S
20241017;102941;885.5;57;11308382326;S
20241017;102941;885.4;2;11308382327;S
20241017;102941;885.4;7;11308382328;S
20241017;102941;885.3;21;11308382329;S
20241017;102941;885.1;10;11308382330;S
20241017;102944;886.5;1;11308382625;B
20241017;102944;886.5;1;11308382626;B
20241017;103020;886;1;11308389906;B
20241017;103020;886.1;1;11308389907;B
20241017;103020;886.1;17;11308389908;B
20241017;103020;886.2;21;11308389909;B
20241017;103020;886.2;1;11308389910;B
20241017;103020;886.2;17;11308389911;B
20241017;103020;886.4;1;11308389912;B
20241017;103020;886.5;2;11308389913;B
20241017;103020;886.7;57;11308389914;B
20241017;103020;886.8;2;11308389915;B
20241017;103038;886.7;3;11308392544;B
20241017;103047;886.7;4;11308393628;B
20241017;103128;886.7;1;11308398526;B
20241017;103128;886.8;1;11308398527;B
20241017;103128;886.8;18;11308398528;B
20241017;103137;885.9;1;11308399726;S
20241017;103200;886.8;182;11308402477;B
20241017;103200;886.8;14;11308402478;B
20241017;103200;886.8;4;11308402479;B
20241017;103334;886.8;1;11308413260;B
20241017;103338;886.8;1;11308413827;B
20241017;103408;886.8;1;11308418008;B
20241017;103409;886.8;4;11308418139;B
20241017;103409;886.8;3;11308418140;B
20241017;103421;886.8;1;11308419394;B
20241017;103431;886.7;1;11308421237;S
20241017;103431;886.6;7;11308421238;S
20241017;103431;886.4;7;11308421239;S
20241017;103530;886.6;1;11308430975;B
20241017;103540;886.4;13;11308432217;S
20241017;103540;886.4;3;11308432218;S
20241017;103552;886.3;1;11308434012;S
20241017;103619;886.3;4;11308439635;S
20241017;103619;885.7;1;11308439636;S
20241017;103619;885.6;1;11308439637;S
20241017;103619;885.6;1;11308439638;S
20241017;103619;885.6;3;11308439639;S
20241017;103619;885.5;57;11308439640;S
20241017;103619;885.4;1;11308439641;S
20241017;103619;885.4;72;11308439642;S
20241017;103619;885.3;2;11308439643;S
20241017;103619;885.1;1;11308439644;S
20241017;103619;885.1;57;11308439645;S
20241017;103636;886.2;1;11308441942;B
20241017;103636;886.3;1;11308441943;B
20241017;103637;885.4;5;11308442065;S
20241017;103637;885.3;1;11308442066;S
20241017;103637;885.2;1;11308442067;S
20241017;103637;885.1;1;11308442068;S
20241017;103637;885;2;11308442069;S
20241017;103637;885;1;11308442078;B
20241017;103638;885;1;11308442142;B
20241017;103639;885;18;11308442297;B
20241017;103641;886.2;1;11308442515;B
20241017;103733;885.5;1;11308448593;S
20241017;103745;885.4;1;11308449965;S
20241017;103815;886.2;1;11308453408;B
20241017;103827;886.1;1;11308455020;B
20241017;103827;886.2;1;11308455021;B
20241017;103827;886.2;1;11308455022;B
20241017;103827;886.3;1;11308455023;B
20241017;103827;886.4;1;11308455024;B
20241017;103827;886.4;1;11308455025;B
20241017;103827;886.4;1;11308455026;B
20241017;103839;885.9;5;11308456272;S
20241017;103839;885.8;1;11308456273;S
20241017;103839;885.7;1;11308456274;S
20241017;103839;885.7;1;11308456275;S
20241017;103839;885.6;1;11308456276;S
20241017;103839;885.5;1;11308456277;S
20241017;103839;885.3;1;11308456278;S
20241017;103839;885.3;89;11308456279;S
20241017;103839;885.3;7;11308456347;S
20241017;103855;886.1;1;11308458581;B
20241017;103855;886.1;1;11308458582;B
20241017;103855;886.2;1;11308458583;B
20241017;103855;886.2;1;11308458584;B
20241017;103855;886.2;1;11308458585;B
20241017;103905;886.3;1;11308459879;B
20241017;103933;886.4;1;11308463250;B
20241017;104036;886;5;11308471760;S
20241017;104036;885.8;1;11308471761;S
20241017;104036;885.8;1;11308471762;S
20241017;104036;885.7;5;11308471763;S
20241017;104036;885.6;1;11308471764;S
20241017;104036;885.5;1;11308471765;S
20241017;104036;885.5;1;11308471766;S
20241017;104036;885.3;1;11308471767;S
20241017;104036;885.3;1;11308471768;S
20241017;104036;885.2;50;11308471769;S
20241017;104036;885;1;11308471770;S
20241017;104036;885;1;11308471771;S
20241017;104036;884.9;1;11308471772;S
20241017;104036;884.9;2;11308471773;S
20241017;104036;884.8;1;11308471774;S
20241017;104036;884.8;27;11308471775;S
20241017;104050;885.7;4;11308474067;S
20241017;104059;885.8;1;11308475108;B
20241017;104059;885.9;1;11308475109;B
20241017;104059;886.1;3;11308475110;B
20241017;104205;885.7;1;11308485448;B
20241017;104213;885.7;2;11308486838;B
20241017;104229;885.8;1;11308488529;B
20241017;104240;885.9;3;11308489643;B
20241017;104245;885.7;53;11308489968;S
20241017;104301;885.7;4;11308491743;S
20241017;104336;885.2;2;11308496926;S
20241017;104336;885.1;1;11308496927;S
20241017;104336;885.1;1;11308496928;S
20241017;104336;885.1;2;11308496929;S
20241017;104336;885;1;11308496930;S
20241017;104336;885;1;11308496931;S
20241017;104336;885;2;11308496932;S
20241017;104336;884.9;5;11308496933;S
20241017;104336;884.9;1;11308496934;S
20241017;104336;884.8;1;11308496935;S
20241017;104336;884.8;1;11308496936;S
20241017;104336;884.8;1;11308496937;S
20241017;104340;884.6;3;11308497391;S
20241017;104340;884.6;1;11308497392;S
20241017;104340;884.5;4;11308497393;S
20241017;104340;884.5;56;11308497394;S
20241017;104340;884.5;43;11308497395;S
20241017;104340;884.5;6;11308497396;S
20241017;104340;884.3;86;11308497397;S
20241017;104341;884.2;2;11308497585;S
20241017;104341;884.1;50;11308497586;S
20241017;104341;884.1;52;11308497587;S
20241017;104341;884;78;11308497588;S
20241017;104341;884;4;11308497589;S
20241017;104341;884;10;11308497590;S
20241017;104341;884;2;11308497591;S
20241017;104341;884;1;11308497592;S
20241017;104341;884;1;11308497593;S
20241017;104344;884;50;11308497864;S
20241017;104345;884;100;11308497997;S
20241017;104346;884;50;11308498076;S
20241017;104346;884;100;11308498109;S
20241017;104347;884;20;11308498153;S
20241017;104347;884;50;11308498236;S
20241017;104348;884;100;11308498275;S
20241017;104349;884;10;11308498434;S
20241017;104352;884.4;2;11308498686;B
20241017;104352;884.4;1;11308498687;B
20241017;104352;884.4;10;11308498688;B
20241017;104352;884.5;15;11308498689;B
20241017;104354;884.1;2;11308499036;S
20241017;104354;884;78;11308499037;S
20241017;104402;884;11;11308499920;S
20241017;104407;884;412;11308500529;S
20241017;104409;884;20;11308500865;S
20241017;104412;884;2;11308501206;S
20241017;104412;884;22;11308501207;S
20241017;104412;884;2;11308501216;S
20241017;104415;884;22;11308501543;S
20241017;104418;884;2;11308501751;S
20241017;104419;884;7;11308501845;S
20241017;104419;884;80;11308501888;S
20241017;104421;884;10;11308502048;S
20241017;104422;884;77;11308502194;S
20241017;104422;883.9;5;11308502195;S
20241017;104422;883.9;18;11308502196;S
20241017;104426;884;40;11308502590;S
20241017;104426;883.9;10;11308502591;S
20241017;104427;883.9;100;11308502706;S
20241017;104430;883.9;10;11308503092;S
20241017;104432;883.9;3;11308503463;S
20241017;104433;883.9;10;11308503518;S
20241017;104434;883.9;40;11308503595;S
20241017;104435;883.9;200;11308503701;S
20241017;104444;883.9;100;11308504983;S
20241017;104449;883.9;1;11308505714;S
20241017;104501;883.9;2;11308506852;S
20241017;104506;883.9;5;11308507426;S
20241017;104507;883.9;1;11308507742;S
20241017;104514;883.9;1;11308508555;S
20241017;104516;883.9;1;11308508783;S
20241017;104519;883.9;1;11308509060;S
20241017;104527;883.9;10;11308509922;S
20241017;104529;883.9;1;11308510255;S
20241017;104532;883.9;4;11308510596;S
20241017;104532;883.9;2;11308510597;S
20241017;104536;883.9;50;11308511090;S
20241017;104536;883.9;1;11308511091;S
20241017;104536;883.9;1;11308511118;S
20241017;104539;884;1;11308511368;B
20241017;104542;883.9;1;11308511749;S
20241017;104544;883.9;1;11308511953;S
20241017;104553;883.9;1;11308513279;S
20241017;104555;884;5;11308513589;B
20241017;104555;884.2;1;11308513590;B
20241017;104555;884.3;42;11308513591;B
20241017;104555;884.4;12;11308513592;B
20241017;104555;884.5;16;11308513602;B
20241017;104557;883.9;100;11308513886;S
20241017;104608;884.4;2;11308515517;B
20241017;104609;884;1;11308515675;S
20241017;104712;884.2;1;11308522077;S
20241017;104721;884.3;1;11308523030;B
20241017;104721;884.3;3;11308523031;S
20241017;104724;884.4;3;11308523260;B
20241017;104724;884.4;6;11308523261;B
20241017;104724;884.4;2;11308523262;B
20241017;104724;884.5;10;11308523263;B
20241017;104724;884.5;6;11308523264;B
20241017;104724;884.6;53;11308523265;B
20241017;104738;884.4;2;11308525207;S
20241017;104800;884.3;1;11308527794;S
20241017;104801;884.3;1;11308527847;S
20241017;104801;884.3;1;11308527887;S
20241017;104802;884.1;1;11308528031;S
20241017;104803;884.1;1;11308528050;S
20241017;104813;884;1;11308529264;B
20241017;104817;884.5;3;11308529685;B
20241017;104817;884.5;2;11308529686;B
20241017;104817;884.6;15;11308529687;B
20241017;104818;883.9;48;11308529823;S
20241017;104854;883.9;10;11308535866;S
20241017;104859;883.9;20;11308537337;S
20241017;104900;883.9;1;11308537503;S
20241017;104929;884;1;11308541749;S
20241017;104929;884;1;11308541768;S
20241017;104935;884;1;11308542446;B
20241017;104946;884;1;11308543638;B
20241017;104946;884.3;1;11308543639;B
20241017;105016;884.4;2;11308547661;B
20241017;105016;884.4;1;11308547662;B
20241017;105016;884.4;1;11308547663;B
20241017;105016;884.4;7;11308547664;B
20241017;105016;884.5;1;11308547665;B
20241017;105016;884.5;1;11308547666;B
20241017;105018;884.5;6;11308548081;B
20241017;105021;884.1;1;11308548710;S
20241017;105021;884;1;11308548749;S
20241017;105021;883.9;1;11308548826;S
20241017;105025;884;1;11308549687;S
20241017;105025;883.9;1;11308549719;S
20241017;105034;884.3;1;11308551626;B
20241017;105055;884.3;1;11308555052;B
20241017;105055;884.3;3;11308555053;B
20241017;105055;884.3;1;11308555054;B
20241017;105055;884.4;1;11308555055;B
20241017;105055;884.4;1;11308555056;B
20241017;105055;884.4;3;11308555057;B
20241017;105055;884.5;2;11308555058;B
20241017;105141;884.5;1;11308562387;B
20241017;105141;884.5;3;11308562388;B
20241017;105154;884.5;1;11308564388;B
20241017;105214;884.1;1;11308566852;S
20241017;105214;884;2;11308566853;S
20241017;105232;884.1;1;11308568494;S
20241017;105242;884.4;1;11308569517;B
20241017;105257;884.4;1;11308571170;B
20241017;105257;884.4;2;11308571171;B
20241017;105257;884.4;1;11308571172;B
20241017;105257;884.4;1;11308571173;B
20241017;105257;884.4;1;11308571174;B
20241017;105257;884.4;1;11308571175;B
20241017;105257;884.5;4;11308571176;B
20241017;105300;884.5;6;11308571376;B
20241017;105313;884.5;6;11308574740;B
20241017;105313;884.5;6;11308574741;B
20241017;105334;884.5;4;11308578606;B
20241017;105334;884.5;4;11308578607;B
20241017;105334;884.5;1;11308578608;B
20241017;105334;884.5;1;11308578609;B
20241017;105406;884.5;20;11308581476;S
20241017;105406;884.5;1;11308581477;S
20241017;105406;884.3;4;11308581478;S
20241017;105406;884.2;3;11308581479;S
20241017;105406;884.1;1;11308581480;S
20241017;105425;884.5;1;11308584623;B
20241017;105441;884.5;1;11308591082;B
20241017;105451;884.5;4;11308595516;B
20241017;105451;884.6;21;11308595517;B
20241017;105514;884.5;1;11308602028;B
20241017;105514;884.2;1;11308602052;S
20241017;105514;884.1;1;11308602053;S
20241017;105514;884.1;1;11308602054;S
20241017;105514;884.1;10;11308602055;S
20241017;105514;884.1;2;11308602056;S
20241017;105514;884.1;1;11308602057;S
20241017;105514;884.1;3;11308602058;S
20241017;105514;884;57;11308602059;S
20241017;105514;884;10;11308602060;S
20241017;105514;884;10;11308602061;S
20241017;105514;884;1;11308602062;S
20241017;105514;884;1;11308602063;S
20241017;105514;884;1;11308602064;S
20241017;105514;884;1;11308602065;S
20241017;105514;884;1;11308602066;S
20241017;105514;884;3;11308602067;S
20241017;105514;883.9;45;11308602068;S
20241017;105514;883.9;33;11308602069;S
20241017;105514;883.9;18;11308602070;S
20241017;105527;884.3;1;11308603936;B
20241017;105558;884;1;11308610363;S
20241017;105558;884;10;11308610364;S
20241017;105558;883.9;72;11308610365;S
20241017;105558;883.9;1;11308610366;S
20241017;105641;884;1;11308618279;S
20241017;105641;883.9;91;11308618280;S
20241017;105641;883.9;5;11308618281;S
20241017;105644;883.9;46;11308618627;S
20241017;105644;883.9;4;11308618628;S
20241017;105657;884.2;1;11308620154;B
20241017;105657;884.2;1;11308620155;B
20241017;105657;884.3;4;11308620156;B
20241017;105657;884.4;1;11308620157;B
20241017;105657;884.4;2;11308620158;B
20241017;105657;884.4;3;11308620159;B
20241017;105657;884.4;4;11308620160;B
20241017;105657;884.5;14;11308620161;B
20241017;105727;884;2;11308624161;S
20241017;105738;884.1;1;11308625396;S
20241017;105738;884;3;11308625397;S
20241017;105738;884;3;11308625398;S
20241017;105738;884;2;11308625399;S
20241017;105738;884;1;11308625400;S
20241017;105758;884.4;2;11308627692;B
20241017;105758;884.4;3;11308627693;B
20241017;105758;884.4;3;11308627694;B
20241017;105758;884.5;22;11308627695;B
20241017;105824;884.4;2;11308632604;B
20241017;105824;884.5;2;11308632605;B
20241017;105849;884.5;1;11308640588;B
20241017;105850;884.5;10;11308640699;B
20241017;105853;884.5;8;11308641244;B
20241017;105853;884.5;2;11308641245;B
20241017;105853;884.5;1;11308641248;S
20241017;105957;884.6;10;11308649443;B
20241017;110008;884.6;1;11308650776;B
20241017;110031;884.6;1;11308653384;B
20241017;110031;884.6;2;11308653385;B
20241017;110031;884.6;2;11308653386;B
20241017;110046;884.7;1;11308655093;B
20241017;110051;884.7;1;11308655523;B
20241017;110119;884.7;8;11308659264;B
20241017;110130;884.7;1;11308661259;B
20241017;110130;884.7;2;11308661260;B
20241017;110130;884.7;3;11308661261;B
20241017;110155;884.8;1;11308665766;B
20241017;110212;884.8;1;11308668282;B
20241017;110213;884.8;1;11308668583;B
20241017;110226;884.8;4;11308670513;B
20241017;110246;884.5;4;11308674692;S
20241017;110251;884.5;8;11308676195;S
20241017;110332;884.8;3;11308683738;B
20241017;110332;884.8;1;11308683739;B
20241017;110332;884.8;10;11308683740;B
20241017;110332;884.8;40;11308683741;B
20241017;110332;884.8;41;11308683742;B
20241017;110332;884.9;1;11308683743;B
20241017;110332;884.9;10;11308683744;B
20241017;110332;884.9;1;11308683745;B
20241017;110332;884.9;2;11308683746;B
20241017;110332;884.9;1;11308683747;B
20241017;110332;884.9;1;11308683748;B
20241017;110332;884.9;20;11308683749;B
20241017;110332;885;7990;11308683750;B
20241017;110332;885;1;11308683751;B
20241017;110332;885.8;20;11308683776;B
20241017;110332;885.8;60;11308683807;B
20241017;110332;885.9;140;11308683808;B
20241017;110332;885.9;20;11308683813;B
20241017;110332;885.9;250;11308683818;B
20241017;110332;885.9;200;11308683819;B
20241017;110332;885.9;20;11308683820;B
20241017;110332;885.9;11;11308683822;B
20241017;110332;885.9;5;11308683823;B
20241017;110332;885.9;2;11308683825;B
20241017;110332;885.9;30;11308683827;B
20241017;110340;885.9;200;11308684964;B
20241017;110343;885.9;200;11308685335;B
20241017;110346;885.7;4;11308685701;S
20241017;110349;885.9;40;11308686011;B
20241017;110349;885.9;40;11308686034;B
20241017;110349;885.9;30;11308686052;B
20241017;110350;885.9;121;11308686129;B
20241017;110353;885.9;1;11308686467;B
20241017;110357;885.9;50;11308686781;B
20241017;110358;885.8;1;11308686890;S
20241017;110358;885.9;1;11308686959;B
20241017;110417;885.8;2;11308692160;S
20241017;110417;885.7;16;11308692161;S
20241017;110417;885.7;16;11308692162;S
20241017;110417;885.6;16;11308692163;S
20241017;110426;885.9;53;11308693879;B
20241017;110426;885.9;6;11308693880;B
20241017;110430;885.5;1;11308694705;S
20241017;110430;885.4;8;11308694706;S
20241017;110436;885.8;2;11308696011;B
20241017;110446;885.9;50;11308697836;B
20241017;110448;885.8;1;11308698415;B
20241017;110449;885.9;100;11308698521;B
20241017;110501;885.5;5;11308700467;S
20241017;110528;885.8;5;11308706013;B
20241017;110530;885.8;1;11308706337;B
20241017;110535;885.8;3;11308707476;B
20241017;110547;885.8;2;11308710376;B
20241017;110614;885.9;175;11308717862;B
20241017;110614;885.9;15;11308717863;B
20241017;110614;885.9;8;11308717864;B
20241017;110616;885.9;1;11308718229;B
20241017;110625;885.9;1;11308720380;B
20241017;110629;885.9;1;11308720680;B
20241017;110631;885.9;30;11308721250;B
20241017;110632;885.9;1;11308721425;B
20241017;110647;885.9;1;11308723516;B
20241017;110700;885.9;66;11308725548;B
20241017;110700;885.9;4;11308725549;B
20241017;110703;885.9;5;11308726304;B
20241017;110713;885.8;2;11308728650;S
20241017;110713;885.6;119;11308728651;S
20241017;110732;885.6;31;11308731536;S
20241017;110732;885.3;2;11308731537;S
20241017;110732;885.3;8;11308731538;S
20241017;110732;885.2;8;11308731539;S
20241017;110732;885;1;11308731540;S
20241017;110738;885;1;11308732313;S
20241017;110823;885.7;1;11308745948;B
20241017;110837;885;3;11308750776;S
20241017;110914;885;1;11308759338;S
20241017;110940;885.7;6;11308765118;B
20241017;110940;885.7;9;11308765119;B
20241017;110940;885.7;5;11308765120;S
20241017;111007;885.7;1;11308771170;B
20241017;111007;885.8;1;11308771171;B
20241017;111025;885.8;9;11308774959;B
20241017;111025;885.8;2;11308774960;B
20241017;111031;885.8;1;11308776113;B
20241017;111031;885.9;55;11308776114;B
20241017;111033;885.9;1;11308776444;B
20241017;111035;885.9;1;11308776916;B
20241017;111041;885.9;25;11308777896;B
20241017;111051;885.9;4;11308779955;B
20241017;111051;885.9;5;11308780086;B
20241017;111104;885.9;1;11308783036;B
20241017;111104;885.4;1;11308783062;S
20241017;111104;885.3;5;11308783063;S
20241017;111110;885.9;3;11308784465;B
20241017;111117;885.9;100;11308786337;B
20241017;111122;885.3;1;11308787427;S
20241017;111137;885.3;1;11308789657;S
20241017;111203;885.1;5;11308793295;S
20241017;111203;885.1;2;11308793296;S
20241017;111203;885;1;11308793297;S
20241017;111203;884.9;7;11308793298;S
20241017;111203;884.9;1;11308793299;S
20241017;111203;884.8;7;11308793300;S
20241017;111203;884.8;37;11308793301;S
20241017;111203;885.3;2;11308793382;B
20241017;111223;885.7;5;11308796566;B
20241017;111249;885.7;6;11308800152;B
20241017;111249;885.8;37;11308800153;B
20241017;111249;885.8;3;11308800154;B
20241017;111249;885.9;22;11308800155;B
20241017;111309;885.9;1;11308803536;B
20241017;111329;885.9;9;11308806587;B
20241017;111358;885.4;1;11308810478;S
20241017;111451;885.8;1;11308818032;B
20241017;111451;885.9;9;11308818033;B
20241017;111526;885.5;1;11308822966;S
20241017;111627;885.7;1;11308842175;S
20241017;111636;885.6;1;11308843920;B
20241017;111636;885.7;10;11308843921;B
20241017;111649;885.7;1;11308847623;B
20241017;111715;885.7;1;11308853174;B
20241017;111726;885.7;1;11308855434;B
20241017;111754;885.7;30;11308861833;B
20241017;111755;885.7;5;11308862219;B
20241017;111800;885.4;1;11308863054;S
20241017;111800;885.7;1;11308863123;B
20241017;111818;885.7;1;11308867332;B
20241017;111821;885.7;1;11308868638;B
20241017;111903;885.6;3;11308881443;B
20241017;111903;885.7;28;11308881444;B
20241017;111903;885.7;3;11308881445;B
20241017;111903;885.7;128;11308881446;B
20241017;111904;885.9;1;11308881591;B
20241017;111944;885.9;1;11308887500;B
20241017;112027;885.8;1;11308893261;B
20241017;112034;885.8;3;11308894226;B
20241017;112038;885.8;7;11308894871;B
20241017;112043;885.8;23;11308895516;S
20241017;112043;885.7;33;11308895517;S
20241017;112058;885.7;15;11308897543;S
20241017;112111;885.7;29;11308899183;S
20241017;112200;885.8;13;11308905734;B
20241017;112205;885.9;76;11308907181;B
20241017;112258;885.9;4;11308914984;B
20241017;112300;885.8;1;11308915242;S
20241017;112326;885.9;10;11308923916;B
20241017;112328;885.8;1;11308924904;S
20241017;112328;885.7;20;11308924905;S
20241017;112329;885.9;10;11308925062;B
20241017;112402;885.7;1;11308932969;S
20241017;112417;885.9;1;11308935242;B
20241017;112420;885.9;1;11308935677;B
20241017;112440;885.9;1;11308938069;B
20241017;112440;885.9;2;11308938149;B
20241017;112443;885.7;1;11308938585;S
20241017;112517;885.9;1;11308943934;B
20241017;112537;885.9;11;11308946949;B
20241017;112615;885.9;12;11308951170;B
20241017;112636;885.9;3;11308953061;B
20241017;112655;885.8;4;11308954679;B
20241017;112700;885.8;4;11308954988;B
20241017;112700;885.9;11;11308954989;B
20241017;112700;885.9;4;11308955186;B
20241017;112700;885.9;36;11308955187;B
20241017;112720;885.9;1;11308962054;B
20241017;112741;885.7;19;11308967269;S
20241017;112741;885.7;2;11308967270;S
20241017;112741;885.7;2;11308967271;S
20241017;112757;885.4;1;11308968480;S
20241017;112807;885.5;2;11308969942;S
20241017;112807;885.4;3;11308969943;S
20241017;112807;885.4;16;11308969944;S
20241017;112807;885.3;4;11308969945;S
20241017;112837;885.3;46;11308973307;S
20241017;112837;885.3;10;11308973308;S
20241017;112837;885.3;15;11308973309;S
20241017;112837;885.2;15;11308973310;S
20241017;112837;885;1;11308973311;S
20241017;112837;884.9;5;11308973312;S
20241017;112837;884.9;1;11308973313;S
20241017;112837;884.7;2;11308973314;S
20241017;112837;884.7;5;11308973315;S
20241017;112839;885.8;2;11308973440;B
20241017;112914;885.8;6;11309005986;B
20241017;112922;885.9;3;11309013705;B
20241017;112930;885.9;1;11309021934;B
20241017;112935;885.9;50;11309027122;B
20241017;112951;885.8;3;11309044568;S
20241017;112951;885.1;4;11309044569;S
20241017;112951;885;1;11309044570;S
20241017;112951;885;52;11309044571;S
20241017;112951;884.9;57;11309044572;S
20241017;112951;884.8;1;11309044573;S
20241017;112951;884.8;80;11309044574;S
20241017;112951;884.8;6;11309044575;S
20241017;112951;884.8;43;11309044576;S
20241017;112951;884.7;53;11309044577;S
20241017;113040;884.9;1;11309095317;B
20241017;113047;884.6;1;11309101117;S
20241017;113112;884.9;11;11309124905;B
20241017;113112;885.2;3;11309124906;B
20241017;113157;885.4;1;11309171348;B
20241017;113157;885.4;3;11309171349;B
20241017;113157;885.5;5;11309171350;B
20241017;113214;885.4;38;11309189811;S
20241017;113233;885.7;4;11309210533;B
20241017;113249;885.7;1;11309227978;S
20241017;113313;885.7;3;11309255293;B
20241017;113316;885.8;1;11309258171;B
20241017;113317;885.7;2;11309259832;B
20241017;113324;885.7;1;11309266563;B
20241017;113328;885.4;2;11309270028;S
20241017;113353;885.7;3;11309293187;B
20241017;113353;885.8;3;11309293188;B
20241017;113353;885.8;16;11309293189;B
20241017;113357;885.7;10;11309296900;S
20241017;113411;885.7;3;11309311280;B
20241017;113411;885.8;3;11309311281;B
20241017;113411;885.8;40;11309311282;B
20241017;113411;885.9;44;11309311283;B
20241017;113509;885.8;1;11309373505;B
20241017;113517;885.4;10;11309382034;S
20241017;113517;885.4;3;11309382035;S
20241017;113517;885.4;1;11309382036;S
20241017;113517;885.2;6;11309382037;S
20241017;113517;885.2;4;11309382346;S
20241017;113517;885.2;1;11309382347;S
20241017;113549;885.7;1;11309417291;B
20241017;113549;885.8;1;11309417292;B
20241017;113549;885.9;98;11309417293;B
20241017;113606;885.8;1;11309436037;B
20241017;113622;885;1;11309454014;S
20241017;113622;885;14;11309454015;S
20241017;113622;884.8;1;11309454016;S
20241017;113641;885.6;1;11309470790;B
20241017;113641;885.7;1;11309470791;B
20241017;113641;885.8;32;11309470792;B
20241017;113732;885.8;1;11309525430;B
20241017;113732;885.9;3;11309525431;B
20241017;113739;885.9;1;11309532335;B
20241017;113745;885.9;3;11309539824;B
20241017;113747;885.9;2;11309541996;B
20241017;113807;885.6;2;11309563286;S
20241017;113807;885.1;1;11309563287;S
20241017;113807;885;1;11309563288;S
20241017;113807;885;2;11309563289;S
20241017;113807;885;7;11309563290;S
20241017;113807;884.9;1;11309563291;S
20241017;113807;884.9;2;11309563292;S
20241017;113807;884.9;9;11309563293;S
20241017;113808;885.8;7;11309565241;B
20241017;113808;885.9;150;11309565242;B
20241017;113847;885.9;8;11309607498;B
20241017;113847;885.9;2;11309607499;B
20241017;113948;885.2;1;11309666397;S
20241017;113956;885.7;1;11309674936;B
20241017;114024;885.7;1;11309706012;B
20241017;114024;885.8;1;11309706013;B
20241017;114031;885.8;1;11309714456;B
20241017;114037;885.9;1;11309720482;B
20241017;114053;885.9;1;11309738699;B
20241017;114054;885.9;3;11309739757;B
20241017;114055;885.9;1;11309741019;B
20241017;114128;885.9;2;11309776532;B
20241017;114148;885.5;1;11309797984;S
20241017;114202;885.5;6;11309810192;S
20241017;114202;885.5;1;11309810193;S
20241017;114202;885.4;21;11309810194;S
20241017;114216;885.4;39;11309823251;S
20241017;114216;885.2;1;11309823252;S
20241017;114216;885.2;9;11309823253;S
20241017;114216;885.1;10;11309823254;S
20241017;114216;885;1;11309823255;S
20241017;114234;885;4;11309842796;B
20241017;114251;885;10;11309860203;B
20241017;114254;885;1;11309864224;B
20241017;114303;885;11;11309873760;B
20241017;114310;884.9;3;11309880993;S
20241017;114416;885;1;11309953721;B
20241017;114544;884.9;2;11310003817;S
20241017;114544;884.9;4;11310003818;S
20241017;114552;884.7;1;11310004625;S
20241017;114653;884.7;10;11310009447;S
20241017;114655;884.7;9;11310009555;S
20241017;114655;884.7;5;11310009556;S
20241017;114655;884.7;10;11310009557;S
20241017;114655;884.6;9;11310009558;S
20241017;114655;884.6;2;11310009559;S
20241017;114729;884.9;2;11310012893;B
20241017;114833;884.6;1;11310018041;S
20241017;114836;884.9;1;11310018231;B
20241017;114845;884.9;2;11310018943;B
20241017;114921;884.9;3;11310021664;B
20241017;114952;884.6;2;11310024368;S
20241017;114952;884.6;11;11310024369;S
20241017;115038;884.6;46;11310027875;S
20241017;115038;884.6;2;11310027876;S
20241017;115038;884.5;21;11310027877;S
20241017;115042;884.9;2;11310028209;B
20241017;115045;884.9;2;11310028526;B
20241017;115048;884.9;1;11310028688;B
20241017;115139;884.9;1;11310036038;B
20241017;115209;885;2;11310040127;B
20241017;115216;884.5;1;11310040975;S
20241017;115225;884.5;4;11310041770;S
20241017;115230;884.9;1;11310042298;B
20241017;115230;884.9;1;11310042420;B
20241017;115234;884.9;1;11310042863;B
20241017;115238;884.9;1;11310043159;B
20241017;115349;885;3;11310053861;B
20241017;115458;884.9;1;11310059448;B
20241017;115504;885;3;11310059905;B
20241017;115523;885;2;11310061640;B
20241017;115525;885;1;11310061785;B
20241017;115550;885;2;11310063633;B
20241017;115550;885.5;1;11310063634;B
20241017;115603;885;1;11310064718;B
20241017;115603;885.5;3;11310064719;B
20241017;115611;885.6;1;11310065330;B
20241017;115611;885.6;2;11310065331;B
20241017;115703;885.6;2;11310069022;B
20241017;115706;885.6;3;11310069224;B
20241017;115724;885.6;1;11310070721;B
20241017;115724;885;1;11310070795;S
20241017;115724;884.9;1;11310070796;S
20241017;115745;884.9;1;11310072861;S
20241017;115802;884.8;1;11310074465;S
20241017;115802;884.7;1;11310074466;S
20241017;115843;885;1;11310078163;S
20241017;115848;885.1;1;11310078597;B
20241017;115848;885.4;1;11310078598;B
20241017;115858;885.1;1;11310079468;S
20241017;120012;885.1;1;11310091251;S
20241017;120102;885.5;1;11310106158;B
20241017;120121;885.1;1;11310109983;S
20241017;120129;885.6;1;11310111017;B
20241017;120136;885.6;1;11310111702;B
20241017;120141;885.6;1;11310112056;B
20241017;120205;885;1;11310114479;S
20241017;120223;885.6;7;11310116546;B
20241017;120223;885.6;2;11310116547;B
20241017;120224;885.6;6;11310116642;B
20241017;120226;885.7;1;11310116822;B
20241017;120226;885.7;1;11310116823;B
20241017;120226;885.7;12;11310116824;B
20241017;120226;885.9;6;11310116825;B
20241017;120247;885.6;2;11310118769;S
20241017;120248;885.6;1;11310118807;B
20241017;120250;885;1;11310119029;S
20241017;120250;885;1;11310119030;S
20241017;120250;884.9;1;11310119031;S
20241017;120250;884.9;5;11310119032;S
20241017;120250;884.8;4;11310119033;S
20241017;120250;884.8;23;11310119034;S
20241017;120250;884.8;2;11310119035;S
20241017;120250;884.7;5;11310119036;S
20241017;120250;884.6;1;11310119037;S
20241017;120250;884.6;15;11310119038;S
20241017;120250;884.5;59;11310119039;S
20241017;120250;884.5;9;11310119040;S
20241017;120250;884.5;10;11310119041;S
20241017;120250;884.4;10;11310119042;S
20241017;120250;884.4;2;11310119043;S
20241017;120250;884.3;1;11310119044;S
20241017;120250;884.3;11;11310119045;S
20241017;120250;884.3;1;11310119046;S
20241017;120250;884.2;5;11310119047;S
20241017;120250;884.2;10;11310119048;S
20241017;120250;884.2;1;11310119049;S
20241017;120250;884.2;1;11310119050;S
20241017;120250;884.1;1;11310119051;S
20241017;120250;884.1;50;11310119052;S
20241017;120250;884.1;1;11310119053;S
20241017;120250;884;4;11310119054;S
20241017;120251;884.1;7;11310119142;S
20241017;120344;884.6;1;11310124385;S
20241017;120425;884.9;1;11310128280;B
20241017;120428;885.1;1;11310128434;B
20241017;120428;884.6;1;11310128465;S
20241017;120434;885.2;1;11310129201;B
20241017;120434;885.2;1;11310129202;B
20241017;120437;884.6;20;11310129567;S
20241017;120437;884.4;2;11310129568;S
20241017;120437;884.3;1;11310129569;S
20241017;120437;884.2;4;11310129570;S
20241017;120437;884.1;2;11310129571;S
20241017;120437;884.1;6;11310129572;S
20241017;120437;884;165;11310129573;S
20241017;120444;884.8;1;11310130351;B
20241017;120452;884.1;1;11310131102;S
20241017;120502;884.1;1;11310132007;S
20241017;120502;884;51;11310132008;S
20241017;120502;884;5;11310132009;S
20241017;120502;884;1;11310132010;S
20241017;120502;884;1;11310132011;S
20241017;120502;884;1;11310132012;S
20241017;120502;884;1;11310132013;S
20241017;120502;884;1;11310132014;S
20241017;120502;883.9;40;11310132015;S
20241017;120502;883.9;6;11310132016;S
20241017;120502;883.9;10;11310132017;S
20241017;120515;883.9;5;11310133448;S
20241017;120518;884.5;1;11310133658;B
20241017;120518;884.5;1;11310133659;B
20241017;120518;884.6;1;11310133660;B
20241017;120532;884.7;1;11310135025;B
20241017;120532;884.8;1;11310135035;B
20241017;120538;884.3;1;11310135680;S
20241017;120538;884.2;30;11310135681;S
20241017;120538;884;1;11310135682;S
20241017;120538;884;1;11310135683;S
20241017;120538;883.9;1018;11310135684;S
20241017;120538;883.9;1;11310135685;S
20241017;120538;883.8;1;11310135686;S
20241017;120538;883.8;5;11310135687;S
20241017;120538;883.6;1;11310135688;S
20241017;120538;883.6;2;11310135689;S
20241017;120538;883.5;2;11310135690;S
20241017;120538;883.5;3;11310135691;S
20241017;120538;883.4;48;11310135692;S
20241017;120538;883.4;60;11310135698;S
20241017;120539;883.4;9;11310135740;S
20241017;120539;883.7;10;11310135745;B
20241017;120547;883.7;40;11310136900;B
20241017;120547;883.9;4;11310136901;B
20241017;120547;884;4;11310136902;B
20241017;120547;884.6;1;11310136903;B
20241017;120547;884.6;1;11310136904;B
20241017;120547;884.7;42;11310136905;B
20241017;120559;884.7;1;11310138013;B
20241017;120612;884.8;1;11310139153;B
20241017;120615;884.8;2;11310139477;S
20241017;120636;884.1;1;11310141593;S
20241017;120636;883.8;1;11310141594;S
20241017;120636;883.8;1;11310141595;S
20241017;120636;883.8;1;11310141596;S
20241017;120651;884.6;1;11310143152;B
20241017;120653;883.9;1;11310143510;S
20241017;120712;883.9;1;11310145218;S
20241017;120716;884.4;1;11310145585;B
20241017;120722;884;1;11310146183;S
20241017;120736;884;1;11310147688;S
20241017;120800;884.4;1;11310150240;B
20241017;120812;884.5;1;11310151468;B
20241017;120812;884.5;1;11310151469;B
20241017;120812;884.6;1;11310151470;B
20241017;120812;884.7;1;11310151471;B
20241017;120812;884.8;6;11310151472;B
20241017;120812;884.9;1;11310151473;B
20241017;120812;885;1;11310151474;B
20241017;120812;885;15;11310151475;B
20241017;120812;885;56;11310151476;B
20241017;120813;884;3;11310151587;S
20241017;120819;883.9;16;11310152149;S
20241017;120819;883.8;1;11310152150;S
20241017;120819;883.8;38;11310152151;S
20241017;120819;883.7;2;11310152152;S
20241017;120819;883.6;2;11310152153;S
20241017;120819;883.6;41;11310152154;S
20241017;120834;884;4;11310153370;B
20241017;120849;884;3;11310154734;B
20241017;120849;884;7;11310154735;B
20241017;120918;883.9;2;11310157825;B
20241017;120919;883.8;1;11310157840;S
20241017;120919;883.6;3;11310157841;S
20241017;120936;883.6;2;11310159230;S
20241017;120947;883.9;1;11310160065;B
20241017;120951;883.8;1;11310160354;S
20241017;121008;883.8;4;11310161955;S
20241017;121025;884;1;11310163224;B
20241017;121032;883.9;2;11310163757;B
20241017;121032;884;1;11310163758;B
20241017;121043;883.9;1;11310165290;B
20241017;121059;883.6;1;11310167083;S
20241017;121104;883.7;1;11310167623;B
20241017;121131;883.5;1;11310170131;B
20241017;121157;883.5;1;11310172325;B
20241017;121157;883.4;1;11310172332;S
20241017;121200;883.4;1;11310172604;S
20241017;121231;883.4;50;11310175356;S
20241017;121306;883.3;12;11310180331;S
20241017;121308;883.3;1;11310180807;S
20241017;121315;883.4;5;11310182366;S
20241017;121319;883.5;1;11310183011;B
20241017;121334;883.4;16;11310185153;S
20241017;121410;883.5;10;11310190061;B
20241017;121451;883.4;1;11310194270;S
20241017;121458;883.5;5;11310194924;B
20241017;121501;883.5;1;11310195235;B
20241017;121502;883.5;5;11310195300;B
20241017;121506;883.5;1;11310195755;B
20241017;121507;883.5;7;11310195781;B
20241017;121507;883.5;24;11310195782;B
20241017;121507;883.5;15;11310195783;B
20241017;121507;884.6;1;11310195826;B
20241017;121513;884.6;1;11310196343;B
20241017;121523;884.6;1;11310197412;B
20241017;121523;884.7;1;11310197413;B
20241017;121524;883.9;56;11310197516;S
20241017;121524;883.9;57;11310197517;S
20241017;121524;883.8;66;11310197518;S
20241017;121524;883.8;5;11310197519;S
20241017;121524;883.7;5;11310197520;S
20241017;121524;883.7;5;11310197521;S
20241017;121525;883.3;6;11310197645;S
20241017;121530;883.4;1;11310198144;S
20241017;121530;883.4;1;11310198145;S
20241017;121530;883.3;8;11310198146;S
20241017;121600;883.6;1;11310201285;B
20241017;121605;883.4;1;11310201644;S
20241017;121608;883.6;1;11310201853;B
20241017;121649;883.3;3;11310206077;S
20241017;121709;883.5;1;11310207807;B
20241017;121748;883.4;1;11310211096;B
20241017;121837;883.4;1;11310215561;B
20241017;121851;883.5;1;11310216719;B
20241017;121904;883.4;4;11310217879;S
20241017;121907;883.5;10;11310218188;B
20241017;121922;883.4;6;11310220000;S
20241017;121930;883.4;1;11310220897;S
20241017;121953;883.4;10;11310223174;S
20241017;121957;883.4;57;11310223744;S
20241017;121957;883.4;4;11310223745;S
20241017;121957;883.5;1;11310223776;B
20241017;121958;883.4;1;11310223813;S
20241017;122018;883.5;3;11310227685;B
20241017;122035;883.4;1;11310230469;S
20241017;122035;883.4;5;11310230470;S
20241017;122035;883.3;1;11310230471;S
20241017;122038;883.5;1;11310231029;B
20241017;122038;883.5;1;11310231044;B
20241017;122043;883.3;19;11310231971;S
20241017;122043;883.3;1;11310231972;S
20241017;122043;883.3;1;11310231973;S
20241017;122043;883.2;6;11310231974;S
20241017;122043;883.2;1;11310231975;S
20241017;122043;883.2;1;11310231976;S
20241017;122043;883.1;1;11310231977;S
20241017;122043;883.1;20;11310231978;S
20241017;122043;883.1;1;11310231979;S
20241017;122043;883.1;2;11310231980;S
20241017;122043;883.1;1;11310231981;S
20241017;122043;883.1;33;11310231982;S
20241017;122043;883;1;11310231983;S
20241017;122043;883;12;11310231984;S
20241017;122056;883.4;1;11310234434;B
20241017;122108;883.4;1;11310236886;B
20241017;122109;883.4;1;11310236950;B
20241017;122124;883.4;1;11310239703;B
20241017;122145;883.4;12;11310243598;B
20241017;122145;883.4;1;11310243599;B
20241017;122155;883.4;1;11310245366;S
20241017;122158;883.4;3;11310245763;S
20241017;122201;883.4;3;11310245996;S
20241017;122208;883.1;1;11310246818;S
20241017;122208;883.4;30;11310246823;B
20241017;122229;883.2;2;11310249214;S
20241017;122229;883.1;1;11310249215;S
20241017;122229;883.1;16;11310249216;S
20241017;122233;883.1;2;11310249488;B
20241017;122236;883;5;11310249795;S
20241017;122236;883.1;20;11310249813;B
20241017;122236;883;1;11310249857;S
20241017;122239;883;1;11310250157;S
20241017;122252;883.1;2;11310251522;B
20241017;122253;883.1;1;11310251540;B
20241017;122255;883.1;30;11310251773;B
20241017;122259;883;1;11310252169;S
20241017;122310;883.1;10;11310253430;B
20241017;122322;883.1;7;11310255164;B
20241017;122327;883.1;1;11310255740;B
20241017;122352;883;2;11310258634;S
20241017;122356;883.1;1;11310258987;B
20241017;122410;883.1;2;11310261574;B
20241017;122410;883.1;1;11310261613;B
20241017;122424;883.1;2;11310264002;B
20241017;122452;883;2;11310268400;S
20241017;122456;883.1;1;11310269124;B
20241017;122510;883;1;11310271313;S
20241017;122516;883.1;1;11310272203;B
20241017;122526;883.1;1;11310274435;B
20241017;122527;883.1;1;11310274649;B
20241017;122534;883.1;1;11310275727;B
20241017;122534;883;14;11310275729;S
20241017;122538;883.1;37;11310276238;B
20241017;122538;883.1;1;11310276239;B
20241017;122538;883.5;1;11310276295;B
20241017;122540;883.5;1;11310276590;B
20241017;122556;883.5;1;11310278343;B
20241017;122557;883.1;10;11310278617;S
20241017;122557;883.6;1;11310278708;B
20241017;122612;883.1;1;11310280279;S
20241017;122612;883.6;1;11310280281;B
20241017;122631;883.1;1;11310282519;S
20241017;122638;883.6;1;11310283180;B
20241017;122650;883.1;2;11310284290;S
20241017;122700;883.1;1;11310285271;S
20241017;122703;883.5;1;11310285483;B
20241017;122703;883.6;26;11310285484;B
20241017;122716;883.2;1;11310286733;S
20241017;122716;883.2;4;11310286734;S
20241017;122716;883.1;5;11310286735;S
20241017;122716;883.1;13;11310286736;S
20241017;122744;883.5;1;11310289325;B
20241017;122825;883.2;1;11310293231;S
20241017;122832;883.2;2;11310293920;B
20241017;122837;883.1;1;11310294425;S
20241017;122859;883.2;1;11310296782;B
20241017;122925;883.2;4;11310299208;B
20241017;122945;883.2;1;11310301232;B
20241017;123004;883.1;50;11310303300;S
20241017;123004;883;61;11310303301;S
20241017;123004;883;2;11310303302;S
20241017;123004;883;2;11310303303;S
20241017;123004;883;50;11310303304;S
20241017;123004;883;1;11310303305;S
20241017;123004;883;2;11310303306;S
20241017;123004;883;10;11310303307;S
20241017;123004;883;22;11310303308;S
20241017;123014;883;40;11310304465;S
20241017;123033;883;1;11310306235;S
20241017;123126;883.2;1;11310311964;B
20241017;123128;883.2;1;11310312462;B
20241017;123146;883.2;1;11310314319;B
20241017;123206;883.2;1;11310316703;B
20241017;123215;883.1;5;11310317482;S
20241017;123215;883;71;11310317483;S
20241017;123237;883.1;1;11310319620;S
20241017;123315;883.1;4;11310323609;S
20241017;123322;883.1;3;11310324341;B
20241017;123337;883;79;11310325973;S
20241017;123341;883;28;11310326458;S
20241017;123355;883.1;1;11310328197;B
20241017;123401;883.1;1;11310329506;B
20241017;123420;883;4;11310332152;S
20241017;123438;883;4;11310334391;S
20241017;123457;883.1;24;11310336980;B
20241017;123457;883.2;17;11310336981;B
20241017;123457;883.2;2;11310336982;B
20241017;123457;883.6;1;11310336983;B
20241017;123457;883.6;16;11310336984;B
20241017;123512;883.6;1;11310339019;B
20241017;123513;883.1;3;11310339167;S
20241017;123536;883.5;1;11310341637;B
20241017;123552;883.2;5;11310343542;S
20241017;123552;883.2;1;11310343543;S
20241017;123552;883.1;7;11310343544;S
20241017;123628;883.2;1;11310347720;S
20241017;123645;883.5;1;11310349506;B
20241017;123657;883.5;1;11310350737;B
20241017;123750;883.5;1;11310357087;B
20241017;123810;883.3;1;11310359326;S
20241017;123810;883.2;1;11310359327;S
20241017;123810;883.2;2;11310359328;S
20241017;123815;883.5;1;11310360121;B
20241017;123851;883.2;15;11310363983;S
20241017;123921;883.3;1;11310367033;S
20241017;123921;883.2;92;11310367034;S
20241017;123921;883.2;1;11310367035;S
20241017;123921;883.2;6;11310367036;S
20241017;123934;883.6;1;11310368302;B
20241017;123938;883.6;1;11310368666;B
20241017;123938;883.3;1;11310368728;S
20241017;123938;883.3;5;11310368729;S
20241017;123938;883.2;88;11310368730;S
20241017;123938;883.2;6;11310368731;S
20241017;123953;883.2;2;11310370182;S
20241017;124029;883.2;4;11310373526;S
20241017;124057;883.2;22;11310376709;S
20241017;124057;883.2;2;11310376710;S
20241017;124057;883.2;1;11310376711;S
20241017;124107;883.2;1;11310377772;S
20241017;124114;883.5;1;11310378817;B
20241017;124152;883.5;1;11310383092;B
20241017;124152;883.5;4;11310383093;B
20241017;124155;883.5;1;11310383408;S
20241017;124220;883.5;29;11310385482;S
20241017;124220;883.5;1;11310385483;S
20241017;124220;883.5;1;11310385500;S
20241017;124221;883.5;4;11310385557;S
20241017;124228;883.5;1;11310386215;B
20241017;124247;883.5;3;11310387826;B
20241017;124303;883.6;1;11310389589;B
20241017;124306;883.5;1;11310390073;S
20241017;124307;883.6;1;11310390136;B
20241017;124307;883.6;2;11310390137;B
20241017;124314;883.6;1;11310390806;B
20241017;124323;883.6;1;11310391941;B
20241017;124330;883.6;1;11310392467;B
20241017;124418;883.5;9;11310398136;S
20241017;124418;883.3;5;11310398137;S
20241017;124418;883.2;1774;11310398138;S
20241017;124418;883.2;1;11310398139;S
20241017;124418;883.1;3;11310398140;S
20241017;124418;883.1;1;11310398141;S
20241017;124418;883.1;1;11310398142;S
20241017;124418;883.1;25;11310398143;S
20241017;124418;883.1;5;11310398144;S
20241017;124418;883.1;2;11310398145;S
20241017;124418;883.1;6;11310398146;S
20241017;124418;883.1;1;11310398147;S
20241017;124418;883;251;11310398148;S
20241017;124418;883;3;11310398149;S
20241017;124418;883;2;11310398150;S
20241017;124418;883;1240;11310398151;S
20241017;124418;883;40;11310398152;S
20241017;124418;883;1;11310398153;S
20241017;124418;883;1;11310398154;S
20241017;124418;883;6;11310398155;S
20241017;124418;883;10;11310398156;S
20241017;124418;883;2;11310398186;S
20241017;124419;883;5;11310398209;S
20241017;124424;883.4;1;11310398686;B
20241017;124440;883.4;1;11310400145;B
20241017;124440;883.4;1;11310400146;B
20241017;124440;883.4;1;11310400147;B
20241017;124440;883.5;6;11310400148;B
20241017;124508;883.4;1;11310403030;B
20241017;124514;883.5;1;11310403831;B
20241017;124540;883.1;1;11310407633;S
20241017;124540;883.1;5;11310407634;S
20241017;124540;883;6;11310407635;S
20241017;124615;883;10;11310413549;S
20241017;124629;883;1;11310416059;S
20241017;124636;883.3;1;11310417297;B
20241017;124636;883.4;1;11310417298;B
20241017;124636;883.4;5;11310417299;B
20241017;124701;883.2;1;11310421637;S
20241017;124701;883;95;11310421638;S
20241017;124701;883;1;11310421639;S
20241017;124701;883;1;11310421640;S
20241017;124701;883;2;11310421641;S
20241017;124738;883.2;1;11310427351;S
20241017;124745;883.1;5;11310428140;S
20241017;124752;883;183;11310428981;S
20241017;124752;883;1;11310428982;S
20241017;124807;883.3;1;11310431276;B
20241017;124812;883;1;11310431814;S
20241017;124816;883;64;11310432909;S
20241017;124848;883;3;11310439342;S
20241017;124857;883.4;1;11310440618;B
20241017;124909;883;99;11310442323;S
20241017;124909;883;1;11310442324;S
20241017;124911;883.4;1;11310442828;B
20241017;124917;883.4;1;11310443873;B
20241017;124917;883;92;11310443932;S
20241017;124917;883;1;11310443933;S
20241017;124917;883;7;11310443934;S
20241017;124924;883.3;1;11310444890;B
20241017;125003;883.3;1;11310449682;B
20241017;125013;883.3;2;11310450668;B
20241017;125017;883;149;11310451172;S
20241017;125017;883;1;11310451173;S
20241017;125027;883;1;11310452549;S
20241017;125054;883;1;11310455650;S
20241017;125100;883.3;4;11310456162;B
20241017;125100;883.3;1;11310456163;B
20241017;125100;883.4;1;11310456164;B
20241017;125123;883;1;11310458801;S
20241017;125125;883;2;11310458955;S
20241017;125130;883.4;1;11310459475;B
20241017;125139;883.4;1;11310460626;B
20241017;125149;883;35;11310461589;S
20241017;125149;883;1;11310461590;S
20241017;125149;882.9;2;11310461591;S
20241017;125149;882.9;30;11310461592;S
20241017;125149;882.9;1;11310461593;S
20241017;125149;882.9;4;11310461594;S
20241017;125149;882.8;5;11310461595;S
20241017;125149;882.5;5;11310461596;S
20241017;125149;882.4;1;11310461597;S
20241017;125149;882.3;1;11310461598;S
20241017;125149;882.3;1;11310461599;S
20241017;125149;882.3;1;11310461600;S
20241017;125149;882.3;2;11310461601;S
20241017;125149;882;7;11310461602;S
20241017;125149;882;2;11310461603;S
20241017;125149;882;1;11310461604;S
20241017;125149;882;1;11310461605;S
20241017;125149;882;2;11310461606;S
20241017;125149;882;1;11310461607;S
20241017;125149;882;1;11310461608;S
20241017;125149;882;1;11310461609;S
20241017;125149;882;3;11310461610;S
20241017;125149;881.9;1;11310461611;S
20241017;125149;881.8;4;11310461612;S
20241017;125149;881.8;17;11310461613;S
20241017;125149;881.7;70;11310461614;S
20241017;125149;881.6;4;11310461616;S
20241017;125149;881.5;2;11310461617;S
20241017;125149;881.5;2;11310461618;S
20241017;125149;881.5;20;11310461619;S
20241017;125150;882;3;11310461657;B
20241017;125150;882;2;11310461700;S
20241017;125150;882;2;11310461701;S
20241017;125150;881.5;1;11310461702;S
20241017;125154;882.6;1;11310462304;B
20241017;125206;882.8;1;11310463838;B
20241017;125208;882.7;1;11310463927;B
20241017;125224;882.8;3;11310465802;B
20241017;125225;882.8;1;11310465830;B
20241017;125235;881.9;1;11310466786;S
20241017;125235;881.9;5;11310466787;S
20241017;125235;881.8;5;11310466788;S
20241017;125235;882.7;1;11310466835;B
20241017;125243;882.7;1;11310467666;B
20241017;125246;881.8;4;11310468148;S
20241017;125310;882.8;1;11310473037;B
20241017;125310;882.8;1;11310473038;B
20241017;125310;882.8;10;11310473039;B
20241017;125410;882;3;11310479336;S
20241017;125441;882;2;11310482375;S
20241017;125441;882;2;11310482376;S
20241017;125454;881.9;1;11310483623;S
20241017;125454;881.8;1;11310483624;S
20241017;125541;882;5;11310488331;B
20241017;125622;881.8;40;11310492091;S
20241017;125622;881.8;1;11310492092;S
20241017;125622;881.8;9;11310492093;S
20241017;125754;881.8;1;11310500555;S
20241017;125754;881.8;1;11310500556;S
20241017;125758;881.9;1;11310500927;B
20241017;125814;881.9;1;11310502696;S
20241017;125823;882;13;11310503663;B
20241017;125834;882;1;11310504636;B
20241017;125843;882;3;11310507973;B
20241017;130021;881.9;4;11310521528;S
20241017;130023;881.9;4;11310521759;S
20241017;130030;881.9;1;11310522352;S
20241017;130030;881.8;3;11310522353;S
20241017;130139;882;10;11310527857;B
20241017;130149;881.8;1;11310528655;S
20241017;130149;881.7;5;11310528656;S
20241017;130149;881.7;1;11310528657;S
20241017;130149;881.6;4;11310528658;S
20241017;130153;882;1;11310529068;B
20241017;130158;882;2;11310529474;B
20241017;130159;881.6;2;11310529503;S
20241017;130232;882;5;11310532676;B
20241017;130320;882;1;11310536484;B
20241017;130331;882;1;11310537407;B
20241017;130348;882;3;11310538743;B
20241017;130546;881.7;5;11310549180;S
20241017;130546;881.6;8;11310549181;S
20241017;130546;881.6;9;11310549182;S
20241017;130546;881.6;1;11310549183;S
20241017;130546;881.5;17;11310549184;S
20241017;130546;881.5;1;11310549185;S
20241017;130546;881.5;20;11310549186;S
20241017;130546;881.4;21;11310549187;S
20241017;130546;881.3;30;11310549188;S
20241017;130546;881.3;1;11310549189;S
20241017;130546;881.2;100;11310549190;S
20241017;130546;881.2;1;11310549191;S
20241017;130546;881.2;1;11310549192;S
20241017;130546;881.2;1;11310549193;S
20241017;130546;881.1;1;11310549194;S
20241017;130546;881.1;4;11310549195;S
20241017;130546;881;5;11310549196;S
20241017;130546;881;2;11310549197;S
20241017;130546;881;3;11310549198;S
20241017;130546;881;1;11310549199;S
20241017;130546;881;1;11310549200;S
20241017;130546;881;1;11310549201;S
20241017;130546;881;4;11310549202;S
20241017;130546;881;62;11310549203;S
20241017;130546;881;1;11310549207;S
20241017;130547;881;1;11310549251;S
20241017;130547;881;6;11310549293;S
20241017;130623;881.9;2;11310552989;B
20241017;130637;881.9;1;11310554840;B
20241017;130642;881.9;1;11310555259;B
20241017;130800;881.9;2;11310564043;B
20241017;130814;881.9;1;11310565795;B
20241017;130814;881.9;20;11310565799;B
20241017;130822;881.4;1;11310567310;S
20241017;130836;881.4;4;11310571734;S
20241017;130836;881.3;1;11310571735;S
20241017;130839;881.9;30;11310572232;B
20241017;130849;881.9;1;11310573647;B
20241017;130857;881.9;1;11310574981;B
20241017;130906;881.9;1;11310576592;B
20241017;130936;882;1;11310579870;B
20241017;130948;882;24;11310580807;B
20241017;130954;882;1;11310581468;B
20241017;130959;882;5;11310581951;B
20241017;131020;882;2;11310584234;B
20241017;131033;881.8;5;11310585564;S
20241017;131058;881.8;2;11310588370;S
20241017;131213;881.8;3;11310598229;S
20241017;131224;881.8;3;11310599683;S
20241017;131236;881.9;1;11310600842;B
20241017;131246;881.9;1;11310601695;S
20241017;131255;881.9;2;11310602485;B
20241017;131322;881.9;2;11310604691;B
20241017;131402;881.8;1;11310608441;B
20241017;131428;881.9;6;11310610416;B
20241017;131450;881.6;5;11310611856;S
20241017;131450;881.5;1;11310611857;S
20241017;131450;881.4;1;11310611858;S
20241017;131450;881.3;57;11310611859;S
20241017;131450;881.3;12;11310611860;S
20241017;131450;881.2;5;11310611861;S
20241017;131450;881.2;4;11310611862;S
20241017;131450;881.2;12;11310611863;S
20241017;131450;881;30;11310611864;S
20241017;131450;881;23;11310611865;S
20241017;131456;881.8;1;11310612337;B
20241017;131456;881.8;1;11310612338;B
20241017;131512;881.8;1;11310617706;B
20241017;131512;881.8;1;11310617707;B
20241017;131516;881.9;1;11310618176;B
20241017;131553;881.8;3;11310621012;S
20241017;131649;881.5;1;11310625765;S
20241017;131649;881.3;1;11310625766;S
20241017;131649;881.2;1;11310625767;S
20241017;131649;881.1;1;11310625768;S
20241017;131649;881.1;1;11310625769;S
20241017;131649;881.1;7;11310625770;S
20241017;131649;881;9;11310625771;S
20241017;131649;881;8;11310625772;S
20241017;131711;881.2;5;11310627601;S
20241017;131711;881.1;1;11310627602;S
20241017;131711;881.1;7;11310627603;S
20241017;131711;881;17;11310627604;S
20241017;131726;881;10;11310628817;S
20241017;131749;881;22;11310630536;S
20241017;131844;881.6;1;11310634494;B
20241017;131844;881.6;2;11310634495;B
20241017;131844;881.7;1;11310634513;B
20241017;131844;881.8;1;11310634514;B
20241017;131848;881.6;10;11310634807;S
20241017;131856;881.6;5;11310635471;S
20241017;131856;881.3;5;11310635472;S
20241017;131856;881.3;1;11310635473;S
20241017;131856;881.2;5;11310635474;S
20241017;131856;881.2;5;11310635475;S
20241017;131856;881;4;11310635476;S
20241017;131911;881.1;5;11310636522;S
20241017;131911;881;39;11310636523;S
20241017;131911;881;1;11310636524;S
20241017;131911;881;4;11310636525;S
20241017;131911;881;2;11310636526;S
20241017;131911;881;30;11310636527;S
20241017;131911;881;32;11310636528;S
20241017;131911;881;1;11310636529;S
20241017;131911;881;6;11310636530;S
20241017;131912;881.6;1;11310636564;B
20241017;131917;881.6;1;11310636940;B
20241017;131921;881.1;1;11310637263;S
20241017;131921;881.1;1;11310637264;S
20241017;131921;881;20;11310637265;S
20241017;131930;881.6;1;11310637862;B
20241017;131953;881.6;1;11310639552;B
20241017;132026;881.1;5;11310641755;S
20241017;132026;881;1916;11310641756;S
20241017;132026;881;1;11310641757;S
20241017;132026;881;1;11310641758;S
20241017;132026;881;1;11310641759;S
20241017;132026;880.9;20;11310641760;S
20241017;132026;880.9;3;11310641761;S
20241017;132026;880.8;2;11310641762;S
20241017;132026;880.8;50;11310641763;S
20241017;132026;880.8;3;11310641764;S
20241017;132026;880.7;4;11310641765;S
20241017;132026;880.7;5;11310641766;S
20241017;132026;880.7;2;11310641767;S
20241017;132026;880.7;2;11310641768;S
20241017;132041;880.6;1;11310642769;S
20241017;132042;880.6;5;11310642813;S
20241017;132042;880.5;30;11310642814;S
20241017;132042;880.5;1;11310642815;S
20241017;132042;880.5;50;11310642816;S
20241017;132042;880.5;10;11310642836;S
20241017;132042;880.5;100;11310642837;S
20241017;132042;880.5;40;11310642839;S
20241017;132042;880.4;84;11310642840;S
20241017;132042;880.4;66;11310642857;S
20241017;132119;880.7;2;11310646600;B
20241017;132120;880.5;1;11310646626;S
20241017;132120;880.4;69;11310646627;S
20241017;132138;880.4;5;11310647771;S
20241017;132159;880.6;1;11310649035;B
20241017;132159;880.6;1;11310649036;B
20241017;132159;880.6;1;11310649037;B
20241017;132159;880.7;7;11310649038;B
20241017;132213;880.4;1;11310650089;S
20241017;132224;880.7;3;11310650941;B
20241017;132310;880.5;1;11310655572;S
20241017;132310;880.4;38;11310655573;S
20241017;132313;880.7;2;11310655849;B
20241017;132314;880.4;1;11310655883;S
20241017;132323;880.7;1;11310656649;B
20241017;132355;880.6;1;11310661483;B
20241017;132402;880.7;20;11310662407;B
20241017;132421;880.7;2;11310664772;B
20241017;132428;880.4;1;11310665558;S
20241017;132432;880.4;3;11310665869;S
20241017;132437;880.4;46;11310666591;S
20241017;132437;880.4;100;11310666592;S
20241017;132437;880.4;1;11310666593;S
20241017;132437;880.4;6;11310666594;S
20241017;132438;880.4;94;11310666803;S
20241017;132438;880.2;1;11310666804;S
20241017;132438;880.2;5;11310666805;S
20241017;132453;880.3;15;11310668581;S
20241017;132502;880.3;2;11310669867;S
20241017;132519;880.6;1;11310671477;B
20241017;132537;880.6;1;11310673491;B
20241017;132607;880.4;1;11310676894;S
20241017;132607;880.3;18;11310676895;S
20241017;132708;880.7;1;11310682710;B
20241017;132709;880.7;18;11310682764;B
20241017;132714;880.7;50;11310683214;B
20241017;132736;880.7;10;11310700980;B
20241017;132922;880.3;1;11310818450;S
20241017;132946;880.6;1;11310835761;B
20241017;132951;880.6;1;11310836278;B
20241017;133005;880.7;25;11310837619;B
20241017;133007;880.7;5;11310837806;B
20241017;133032;880.3;1;11310840675;S
20241017;133032;880.3;1;11310840676;S
20241017;133032;880.3;2;11310840677;S
20241017;133032;880.2;1;11310840678;S
20241017;133112;880.2;1;11310844462;S
20241017;133114;880.2;1;11310844601;S
20241017;133143;880.6;2;11310846687;B
20241017;133207;880.3;2;11310848668;S
20241017;133207;880.2;3;11310848669;S
20241017;133207;880.2;1;11310848670;S
20241017;133207;880.2;22;11310848671;S
20241017;133207;880.2;5;11310848672;S
20241017;133207;880.2;6;11310848673;S
20241017;133207;880.1;1;11310848674;S
20241017;133207;880.1;1;11310848683;S
20241017;133208;880.1;1;11310848725;S
20241017;133208;880.1;29;11310848726;S
20241017;133208;880.1;1;11310848729;S
20241017;133208;880.1;1;11310848730;S
20241017;133208;880.1;1;11310848731;S
20241017;133208;880;20;11310848732;S
20241017;133208;880;12;11310848733;S
20241017;133208;880;15;11310848734;S
20241017;133208;880;60;11310848735;S
20241017;133208;880;34;11310848737;S
20241017;133208;880;1;11310848738;S
20241017;133208;880;1;11310848746;S
20241017;133208;880;104;11310848750;S
20241017;133208;880;5;11310848751;S
20241017;133208;880;29;11310848752;S
20241017;133208;880;6;11310848755;S
20241017;133208;880;1;11310848756;S
20241017;133208;880;19;11310848757;S
20241017;133208;880;1;11310848758;S
20241017;133208;880;2;11310848759;S
20241017;133208;880;3;11310848760;S
20241017;133208;880;1;11310848761;S
20241017;133208;880;5;11310848762;S
20241017;133208;880;2;11310848763;S
20241017;133208;880;18;11310848764;S
20241017;133208;880;1;11310848765;S
20241017;133208;880;1;11310848766;S
20241017;133208;880;1;11310848767;S
20241017;133208;880;3;11310848768;S
20241017;133208;880;3;11310848769;S
20241017;133208;880;50;11310848770;S
20241017;133208;880;10;11310848771;S
20241017;133208;880;1;11310848772;S
20241017;133208;880;1;11310848773;S
20241017;133208;880;1;11310848774;S
20241017;133208;880;10;11310848775;S
20241017;133208;880;2;11310848776;S
20241017;133208;880;8;11310848778;S
20241017;133208;880;3;11310848779;S
20241017;133208;880;1;11310848780;S
20241017;133208;880;5;11310848781;S
20241017;133208;880;60;11310848782;S
20241017;133208;880;6;11310848783;S
20241017;133208;880;1;11310848784;S
20241017;133208;880;1;11310848785;S
20241017;133208;880;10;11310848786;S
20241017;133208;880;25;11310848787;S
20241017;133208;880;1;11310848788;S
20241017;133208;880;2;11310848789;S
20241017;133208;880;1;11310848790;S
20241017;133208;880;1;11310848791;S
20241017;133208;880;1;11310848792;S
20241017;133208;880;12;11310848793;S
20241017;133208;880;7;11310848794;S
20241017;133208;880;10;11310848795;S
20241017;133208;880;1;11310848796;S
20241017;133208;880;1;11310848797;S
20241017;133208;880;25;11310848798;S
20241017;133208;880.6;2;11310848809;B
20241017;133208;880.6;5;11310848810;B
20241017;133208;880.7;3;11310848811;B
20241017;133208;880;3;11310848813;S
20241017;133208;880;46;11310848816;S
20241017;133208;880;26;11310848817;S
20241017;133208;880;10;11310848818;S
20241017;133208;880.7;10;11310848839;B
20241017;133208;880;1;11310848841;S
20241017;133208;880;15;11310848842;S
20241017;133208;880;1;11310848843;S
20241017;133208;879.6;7;11310848844;S
20241017;133208;880;1;11310848854;B
20241017;133209;880;10;11310848855;S
20241017;133209;880;2;11310848860;S
20241017;133209;880;4;11310848861;S
20241017;133209;880;1;11310848862;S
20241017;133209;879.7;5;11310848863;S
20241017;133209;879.6;5;11310848864;S
20241017;133209;879.3;1;11310848865;S
20241017;133209;879;2;11310848866;S
20241017;133209;879;25;11310848867;S
20241017;133209;879;1;11310848868;S
20241017;133209;879;3;11310848869;S
20241017;133209;878.8;1;11310848870;S
20241017;133209;878.8;5;11310848871;S
20241017;133209;878.7;5;11310848872;S
20241017;133209;878.7;15;11310848879;S
20241017;133209;878.6;5;11310848880;S
20241017;133209;878.6;5;11310848881;S
20241017;133209;878.5;54;11310848882;S
20241017;133209;878.5;10;11310848883;S
20241017;133209;878.5;5;11310848884;S
20241017;133209;878.2;65;11310848885;S
20241017;133209;878.2;10;11310848891;S
20241017;133209;878.2;5;11310848895;S
20241017;133209;878.2;140;11310848897;S
20241017;133209;878.2;22;11310848898;S
20241017;133209;878.2;1;11310848899;S
20241017;133209;878;1;11310848900;S
20241017;133209;878;1;11310848901;S
20241017;133209;878;1;11310848902;S
20241017;133209;878;1;11310848903;S
20241017;133209;878;100;11310848904;S
20241017;133209;878;4;11310848905;S
20241017;133209;878;1;11310848906;S
20241017;133209;878;10;11310848907;S
20241017;133209;878;1;11310848908;S
20241017;133209;878;11;11310848909;S
20241017;133209;877.9;22;11310848910;S
20241017;133209;877.9;5;11310848911;S
20241017;133209;877.9;5;11310848912;S
20241017;133209;877.9;11;11310848913;S
20241017;133209;877.8;1;11310848914;S
20241017;133209;877.5;4;11310848916;S
20241017;133209;877.5;1;11310848917;S
20241017;133209;877.7;1;11310848925;B
20241017;133209;877.7;71;11310848948;B
20241017;133209;877.8;15;11310848949;B
20241017;133209;877.9;14;11310848950;B
20241017;133209;878;1;11310848951;B
20241017;133210;877.4;55;11310848964;S
20241017;133210;877.2;6;11310848965;S
20241017;133210;877.1;1;11310848966;S
20241017;133210;877;6;11310848967;S
20241017;133210;877;60;11310848968;S
20241017;133210;877;22;11310848969;S
20241017;133210;877;7;11310848970;S
20241017;133210;877;10;11310848973;S
20241017;133210;877;5;11310848975;S
20241017;133210;877;40;11310848980;S
20241017;133210;877;16;11310848981;S
20241017;133210;877;1;11310848982;S
20241017;133210;877;2;11310848983;S
20241017;133210;877;1;11310848984;S
20241017;133210;876.9;10;11310848985;S
20241017;133210;876.9;1;11310848987;S
20241017;133210;876.8;6;11310848988;S
20241017;133210;877.8;21;11310848994;S
20241017;133210;877.8;2;11310848997;S
20241017;133210;878;11;11310849003;B
20241017;133210;878;1;11310849005;B
20241017;133210;878;1;11310849006;B
20241017;133210;877.8;7;11310849008;S
20241017;133210;877.8;5;11310849009;S
20241017;133210;877;1;11310849018;S
20241017;133210;877;1;11310849019;S
20241017;133210;876.8;11;11310849020;S
20241017;133210;876.8;2;11310849021;S
20241017;133211;876.8;20;11310849081;S
20241017;133227;877.9;15;11310850623;B
20241017;133250;877.1;1;11310852939;S
20241017;133252;877.6;1;11310853099;B
20241017;133254;877.1;1;11310853267;S
20241017;133254;877;2;11310853268;S
20241017;133303;877.7;1;11310854025;B
20241017;133330;877.7;1;11310856455;B
20241017;133338;877.7;12;11310858374;B
20241017;133350;877.6;2;11310860432;B
20241017;133406;877;1;11310861975;S
20241017;133407;877;2;11310862027;S
20241017;133407;877.6;6;11310862035;B
20241017;133435;877.1;1;11310865402;S
20241017;133435;877;1;11310865403;S
20241017;133435;877;1;11310865404;S
20241017;133435;877;15;11310865405;S
20241017;133435;877;19;11310865406;S
20241017;133435;876.9;6;11310865407;S
20241017;133435;876.8;11;11310865408;S
20241017;133435;876.8;1;11310865409;S
20241017;133435;876.8;6;11310865410;S
20241017;133435;876.7;20;11310865411;S
20241017;133450;876.5;8;11310869789;S
20241017;133450;876.5;3;11310869790;S
20241017;133450;876.3;1;11310869791;S
20241017;133450;876.2;5;11310869792;S
20241017;133450;876.1;1;11310869793;S
20241017;133450;876.1;1;11310869794;S
20241017;133450;876.1;5;11310869795;S
20241017;133450;876;6;11310869796;S
20241017;133451;876.7;9;11310869954;B
20241017;133451;876.7;5;11310869955;B
20241017;133451;876.8;5;11310869956;B
20241017;133451;877.4;1;11310869957;B
20241017;133451;876.1;15;11310869961;S
20241017;133451;876.1;2;11310869962;S
20241017;133451;876;3;11310869963;S
20241017;133451;876;1;11310869964;S
20241017;133451;875.7;14;11310869965;S
20241017;133451;875.6;12;11310869966;S
20241017;133451;875.6;3;11310869967;S
20241017;133451;875.5;12;11310869982;S
20241017;133451;875.4;4;11310869983;S
20241017;133451;875.3;1;11310869984;S
20241017;133451;875.3;4;11310869985;S
20241017;133451;875.1;1;11310869986;S
20241017;133451;875.1;113;11310869987;S
20241017;133451;875;6;11310869988;S
20241017;133451;875;14;11310869989;S
20241017;133451;875;2;11310869990;S
20241017;133451;875;1;11310869991;S
20241017;133451;875;15;11310869992;S
20241017;133451;875;4;11310869993;S
20241017;133451;875;1;11310869994;S
20241017;133451;875;1;11310869995;S
20241017;133451;875;5;11310869996;S
20241017;133451;874.9;6;11310869997;S
20241017;133451;874.8;8;11310869998;S
20241017;133451;874.8;10;11310869999;S
20241017;133451;874.7;142;11310870000;S
20241017;133451;874.7;30;11310870034;S
20241017;133451;875.8;1;11310870051;B
20241017;133451;875.8;1;11310870052;B
20241017;133451;874.7;28;11310870102;S
20241017;133451;874.5;16;11310870103;S
20241017;133451;874.4;10;11310870104;S
20241017;133451;874.4;6;11310870105;S
20241017;133451;874.3;6;11310870106;S
20241017;133451;874.2;5;11310870107;S
20241017;133451;874.1;1;11310870108;S
20241017;133451;874;10;11310870109;S
20241017;133451;874;18;11310870110;S
20241017;133451;873.6;10;11310870111;S
20241017;133451;873.6;1;11310870112;S
20241017;133451;875.6;3;11310870178;B
20241017;133451;875.8;10;11310870179;B
20241017;133451;875;1;11310870180;S
20241017;133451;875;4;11310870187;S
20241017;133451;875;29;11310870204;S
20241017;133451;874.5;25;11310870205;S
20241017;133451;873.8;96;11310870206;S
20241017;133452;873.7;52;11310870208;S
20241017;133452;874.4;1;11310870230;B
20241017;133452;875.2;1;11310870253;B
20241017;133452;873.7;1;11310870274;S
20241017;133452;873.6;2;11310870275;S
20241017;133452;873.6;6;11310870276;S
20241017;133452;873.6;41;11310870277;S
20241017;133452;874.5;99;11310870298;S
20241017;133452;874.5;1;11310870300;S
20241017;133452;875.2;1;11310870301;B
20241017;133452;873.7;1;11310870315;S
20241017;133452;873.6;206;11310870316;S
20241017;133452;873.5;20;11310870317;S
20241017;133452;873.5;9;11310870318;S
20241017;133452;873.5;17;11310870319;S
20241017;133452;874.8;1;11310870349;B
20241017;133452;873.7;15;11310870421;S
20241017;133501;874.8;3;11310872287;B
20241017;133502;875;2;11310872444;B
20241017;133502;875.1;1;11310872445;B
20241017;133502;875.2;57;11310872446;B
20241017;133502;875.3;57;11310872447;B
20241017;133502;875.8;5;11310872448;B
20241017;133502;876;28;11310872449;B
20241017;133518;875.3;50;11310874617;S
20241017;133518;875.3;6;11310874618;S
20241017;133518;875.2;4;11310874619;S
20241017;133525;875.3;1;11310875570;S
20241017;133525;875.1;1;11310875571;S
20241017;133527;874.6;2;11310875889;S
20241017;133527;874.5;2;11310875890;S
20241017;133527;874.5;28;11310875891;S
20241017;133527;874.4;1;11310875892;S
20241017;133527;874.4;16;11310875893;S
20241017;133527;873.8;31;11310875894;S
20241017;133616;875.5;1;11310881298;B
20241017;133631;875.5;5;11310882708;B
20241017;133657;875.9;1;11310885299;B
20241017;133659;876.1;1;11310885424;B
20241017;133700;876.1;11;11310885438;B
20241017;133700;876.2;5;11310885439;B
20241017;133700;877;1;11310885440;B
20241017;133701;877;3;11310885573;S
20241017;133701;877;10;11310885574;S
20241017;133702;875.6;1;11310885695;S
20241017;133702;875.5;1;11310885696;S
20241017;133702;875.5;1;11310885697;S
20241017;133702;875.3;26;11310885698;S
20241017;133702;875.3;107;11310885699;S
20241017;133706;876.7;1;11310885984;B
20241017;133706;876.9;57;11310885985;B
20241017;133756;877.6;1;11310890701;B
20241017;133811;877.6;1;11310891926;B
20241017;133827;877.6;1;11310893445;B
20241017;133841;877.4;1;11310894739;B
20241017;133841;877.6;1;11310894740;B
20241017;133844;877.7;1;11310895044;B
20241017;133844;877.8;1;11310895045;B
20241017;133844;877.9;1;11310895046;B
20241017;133844;877.9;8;11310895047;B
20241017;133845;877.5;2;11310895102;B
20241017;133845;877.5;1;11310895103;B
20241017;133850;877.1;1;11310895533;S
20241017;133850;877;1;11310895534;S
20241017;133850;877;2;11310895535;S
20241017;133850;876.9;25;11310895536;S
20241017;133850;876.9;21;11310895537;S
20241017;133856;877;1;11310896074;S
20241017;133856;877;1;11310896075;S
20241017;133856;876.9;3;11310896076;S
20241017;133859;877.4;1;11310896259;B
20241017;133859;877.5;2;11310896260;B
20241017;133859;877.5;1;11310896261;B
20241017;133859;877.6;1;11310896262;B
20241017;133859;877.8;1;11310896263;B
20241017;133859;877.9;44;11310896264;B
20241017;133901;877.9;9;11310896399;B
20241017;133904;877.8;1;11310896639;B
20241017;133904;877.8;1;11310896640;B
20241017;133904;877.9;3;11310896641;B
20241017;133920;877.1;1;11310898045;S
20241017;133920;877;1;11310898046;S
20241017;133920;876.9;6;11310898047;S
20241017;133920;876.9;1;11310898048;S
20241017;133920;876.4;1;11310898049;S
20241017;133920;876.3;16;11310898050;S
20241017;133920;876.3;10;11310898051;S
20241017;133920;876;14;11310898052;S
20241017;133926;877.3;1;11310898416;B
20241017;133926;877.4;1;11310898417;B
20241017;133926;877.5;3;11310898418;B
20241017;133926;877.5;1;11310898419;B
20241017;133926;877.6;6;11310898420;B
20241017;133926;877.7;14;11310898421;B
20241017;133926;877.8;1;11310898422;B
20241017;133926;877.8;16;11310898423;B
20241017;133926;877.9;7;11310898424;B
20241017;133934;877.7;1;11310899037;B
20241017;133934;877.8;2;11310899038;B
20241017;133934;877.9;14;11310899039;B
20241017;133939;877.9;1;11310899406;B
20241017;133942;877.9;1;11310899654;B
20241017;133951;877.9;50;11310900416;S
20241017;133958;877.9;49;11310900940;S
20241017;133958;877.6;12;11310900941;S
20241017;133958;877.5;12;11310900942;S
20241017;133958;876.6;1;11310900943;S
20241017;133958;876.4;1;11310900944;S
20241017;133958;876.2;10;11310900945;S
20241017;133958;876.1;15;11310900946;S
20241017;134004;877.5;1;11310901502;B
20241017;134010;876.5;1;11310902375;S
20241017;134010;876.3;9;11310902376;S
20241017;134020;877.2;1;11310903135;B
20241017;134020;877.3;1;11310903136;B
20241017;134020;877.5;1;11310903137;B
20241017;134020;877.7;12;11310903138;B
20241017;134020;877.8;10;11310903139;B
20241017;134020;877.9;15;11310903140;B
20241017;134020;878;195;11310903141;B
20241017;134024;878;51;11310903584;B
20241017;134024;878;100;11310903585;B
20241017;134107;879;1;11310907675;B
20241017;134112;879.7;1;11310908275;B
20241017;134117;879.3;9;11310908892;B
20241017;134117;879.4;1;11310908893;B
20241017;134119;879.4;1;11310909107;B
20241017;134121;878.3;1;11310909355;S
20241017;134121;878.2;1;11310909356;S
20241017;134121;878.1;1;11310909357;S
20241017;134121;878.1;5;11310909358;S
20241017;134121;878;1;11310909359;S
20241017;134121;878;10;11310909360;S
20241017;134121;878;5;11310909361;S
20241017;134121;877.6;5;11310909362;S
20241017;134121;877.6;1;11310909363;S
20241017;134121;877.5;21;11310909364;S
20241017;134121;877.4;1;11310909365;S
20241017;134121;877.2;1;11310909366;S
20241017;134121;877.2;57;11310909367;S
20241017;134121;877.1;16;11310909368;S
20241017;134121;877.1;113;11310909369;S
20241017;134121;877;61;11310909370;S
20241017;134122;879.3;1;11310909444;B
20241017;134132;877.2;1;11310910611;S
20241017;134140;877.8;1;11310911398;B
20241017;134202;877.9;1;11310913252;B
20241017;134209;877.8;3;11310913920;S
20241017;134209;877.1;1;11310913921;S
20241017;134209;877.1;5;11310913922;S
20241017;134209;877;31;11310913923;S
20241017;134213;877.9;1;11310914396;B
20241017;134213;878;8;11310914397;B
20241017;134213;878.1;41;11310914398;B
20241017;134237;878.1;1;11310916409;B
20241017;134242;878.1;1;11310916683;B
20241017;134310;878;1;11310918920;B
20241017;134310;878.1;4;11310918921;B
20241017;134335;878;1;11310920782;B
20241017;134403;878;9;11310922936;B
20241017;134415;878.1;1;11310923888;B
20241017;134422;878;1;11310924306;S
20241017;134436;877.6;2;11310925457;S
20241017;134436;877.5;14;11310925458;S
20241017;134519;877.6;1;11310930764;S
20241017;134519;877.5;1;11310930765;S
20241017;134519;877.5;1;11310930766;S
20241017;134519;877.4;49;11310930767;S
20241017;134549;878.1;1;11310933775;B
20241017;134549;878.1;1;11310933776;B
20241017;134549;878.4;10;11310933777;B
20241017;134549;877.5;1;11310933838;S
20241017;134636;878.3;4;11310937548;B
20241017;134701;878.5;10;11310939229;B
20241017;134726;878.3;11;11310941524;S
20241017;134726;878.1;1;11310941525;S
20241017;134726;878;3;11310941526;S
20241017;134726;877.9;4;11310941527;S
20241017;134726;877.5;37;11310941528;S
20241017;134726;877.4;1;11310941529;S
20241017;134726;877.4;5;11310941530;S
20241017;134726;877.4;38;11310941531;S
20241017;134859;877.5;1;11310949631;S
20241017;134904;878;1;11310950181;B
20241017;135025;878.1;5;11310956870;B
20241017;135025;878.3;1;11310956871;B
20241017;135025;878.3;12;11310956872;B
20241017;135057;877.9;1;11310959093;S
20241017;135057;877.5;2;11310959094;S
20241017;135057;877.4;2;11310959095;S
20241017;135057;877.4;2;11310959096;S
20241017;135057;877.4;2;11310959097;S
20241017;135057;877.4;2;11310959098;S
20241017;135057;877.4;2;11310959099;S
20241017;135057;877.3;1;11310959100;S
20241017;135057;877.3;6;11310959101;S
20241017;135115;877.5;1;11310960173;S
20241017;135129;877.4;1;11310961137;S
20241017;135205;877.3;2;11310963695;S
20241017;135209;877.3;2;11310964000;S
20241017;135211;878;1;11310964124;B
20241017;135255;877.9;1;11310967131;B
20241017;135259;877.9;4;11310967321;B
20241017;135259;878;6;11310967322;B
20241017;135318;878.1;1;11310968617;B
20241017;135318;878.1;6;11310968618;B
20241017;135329;878.1;1;11310969497;B
20241017;135428;878;55;11310973850;B
20241017;135428;878.1;13;11310973851;B
20241017;135428;878.1;45;11310973852;B
20241017;135428;878.1;2;11310973853;B
20241017;135433;878.4;1;11310974088;B
20241017;135446;878.1;3;11310976033;S
20241017;135503;878.4;10;11310977290;B
20241017;135520;878.5;98;11310978872;B
20241017;135521;878.9;1;11310978876;B
20241017;135600;879.1;1;11310982534;B
20241017;135600;879.1;1;11310982535;B
20241017;135600;879.2;8;11310982536;B
20241017;135701;878.8;4;11310986339;S
20241017;135732;878.7;1;11310988251;S
20241017;135732;878.6;1;11310988252;S
20241017;135732;878.6;1;11310988253;S
20241017;135738;878.6;1;11310988648;B
20241017;135746;878.6;2;11310989340;B
20241017;135746;878.8;6;11310989341;B
20241017;135746;879;1;11310989342;B
20241017;135746;879.1;5;11310989343;B
20241017;135746;879.1;1;11310989344;B
20241017;135746;879.2;8;11310989345;B
20241017;135817;878.7;16;11310991548;S
20241017;135817;878.7;1;11310991549;S
20241017;135817;878.6;57;11310991550;S
20241017;135817;878.6;16;11310991551;S
20241017;135817;878.5;210;11310991552;S
20241017;135827;878.5;200;11310992117;S
20241017;135831;878.5;50;11310992408;S
20241017;135832;878.5;50;11310992418;S
20241017;135836;878.5;10;11310992770;S
20241017;135836;878.5;10;11310992773;S
20241017;135838;878.5;10;11310992869;S
20241017;135838;878.5;10;11310992892;S
20241017;135914;878.5;4;11310995159;S
20241017;135944;879;1;11310997186;S
20241017;135944;878.5;14;11310997187;S
20241017;135946;879.2;1;11310997357;B
20241017;135946;879.2;1;11310997358;B
20241017;135946;879.3;3;11310997359;B
20241017;140046;879;1;11311001987;B
20241017;140049;878.5;4;11311002288;S
20241017;140104;879.1;8;11311003345;B
20241017;140105;878.6;8;11311003474;S
20241017;140105;878.5;2;11311003475;S
20241017;140146;878.9;1;11311007233;B
20241017;140146;879;8;11311007234;B
20241017;140152;878.5;10;11311007565;S
20241017;140249;879.1;1;11311011686;B
20241017;140250;878.5;2;11311011739;S
20241017;140257;879.1;1;11311012204;B
20241017;140328;879.1;3;11311014101;B
20241017;140328;879.4;57;11311014102;B
20241017;140328;879.5;65;11311014103;B
20241017;140328;879.6;39;11311014104;B
20241017;140328;879.7;20;11311014105;B
20241017;140328;879.8;16;11311014106;B
20241017;140358;879.1;1;11311016047;S
20241017;140407;878.7;57;11311016574;S
20241017;140407;878.7;7;11311016575;S
20241017;140407;878.6;3;11311016576;S
20241017;140407;878.6;70;11311016577;S
20241017;140407;878.6;7;11311016578;S
20241017;140407;878.5;56;11311016579;S
20241017;140437;879.7;1;11311019678;B
20241017;140443;879;1;11311020432;S
20241017;140447;879.6;3;11311020816;B
20241017;140447;879.7;4;11311020817;B
20241017;140447;879.8;4;11311020818;B
20241017;140447;879.8;9;11311020819;B
20241017;140458;879;2;11311021529;S
20241017;140458;878.6;9;11311021530;S
20241017;140458;878.5;9;11311021531;S
20241017;140501;879.8;9;11311021689;B
20241017;140504;878.6;9;11311021856;S
20241017;140504;878.5;7;11311021857;S
20241017;140509;879.6;2;11311022259;B
20241017;140513;878.6;2;11311022519;S
20241017;140513;878.5;118;11311022520;S
20241017;140513;878.5;16;11311022526;S
20241017;140513;878.5;4;11311022527;S
20241017;140522;879.5;1;11311023135;B
20241017;140523;878.5;5;11311023203;S
20241017;140556;878.7;1;11311028803;S
20241017;140610;879.4;1;11311029932;B
20241017;140636;879.3;1;11311031925;B
20241017;140724;879.4;1;11311039545;B
20241017;140724;879.5;1;11311039546;B
20241017;140741;879;1;11311043409;S
20241017;140741;879;3;11311043410;S
20241017;140744;878.9;1;11311043700;B
20241017;140745;878.8;1;11311043808;S
20241017;140903;878.6;1;11311051055;S
20241017;140903;878.5;1;11311051056;S
20241017;140910;878.5;8;11311051781;S
20241017;140910;878.5;3;11311051782;S
20241017;140910;878.5;1;11311051783;S
20241017;140910;878.5;3;11311051784;S
20241017;140910;878.5;20;11311051785;S
20241017;140910;878.5;1;11311051786;S
20241017;140910;878.2;3;11311051787;S
20241017;140910;878.1;31;11311051788;S
20241017;140943;878.1;5;11311057959;S
20241017;141008;878.7;2;11311059870;B
20241017;141009;878.7;3;11311060011;B
20241017;141009;878.9;3;11311060012;B
20241017;141009;879;1;11311060013;B
20241017;141009;879.1;1;11311060014;B
20241017;141009;880;2;11311060015;B
20241017;141054;879.1;1;11311069497;B
20241017;141210;879;1;11311075477;S
20241017;141255;879;1;11311082686;B
