<DATE>;<TIME>;<LAST>;<VOL>;<ID>;<OPER>
20241014;095951;3990;3;11291474823;S
20241014;095951;3990;46;11291474824;S
20241014;095951;3990;3;11291474825;S
20241014;095951;3990;238;11291474826;S
20241014;095951;3990;47;11291474827;S
20241014;095951;3990;14;11291474828;S
20241014;095951;3990;23;11291474829;S
20241014;095951;3990;2;11291474830;B
20241014;095951;3990;5;11291474831;S
20241014;095951;3990;1;11291474832;S
20241014;095951;3990;11;11291474833;S
20241014;095951;3990;50;11291474834;S
20241014;095951;3990;1;11291474835;B
20241014;095951;3990;1;11291474836;B
20241014;095951;3990;1;11291474837;B
20241014;095951;3990;5;11291474838;B
20241014;095951;3990;1;11291474839;B
20241014;095951;3990;1;11291474840;B
20241014;095951;3990;1;11291474841;S
20241014;095951;3990;1;11291474842;S
20241014;095951;3990;3;11291474843;S
20241014;095951;3990;2;11291474844;S
20241014;095951;3990;4;11291474845;S
20241014;095951;3990;50;11291474846;S
20241014;095951;3990;1;11291474847;S
20241014;095951;3990;1;11291474848;S
20241014;095951;3990;2;11291474849;S
20241014;095951;3990;1;11291474850;S
20241014;095951;3990;2;11291474851;S
20241014;095951;3990;1;11291474852;B
20241014;095951;3990;5;11291474853;B
20241014;095951;3990;65;11291474854;S
20241014;095951;3990;1;11291474855;S
20241014;095951;3990;4;11291474856;S
20241014;095951;3990;6;11291474857;S
20241014;095951;3990;10;11291474858;S
20241014;095951;3990;130;11291474859;S
20241014;095951;3990;2;11291474860;S
20241014;095951;3990;1;11291474861;S
20241014;095951;3990;1;11291474862;S
20241014;095951;3990;2;11291474863;S
20241014;095951;3990;6;11291474864;S
20241014;095951;3990;5;11291474865;S
20241014;095951;3990;3;11291474866;S
20241014;095951;3990;1;11291474867;B
20241014;095951;3990;182;11291474868;S
20241014;095951;3990;25;11291474869;S
20241014;095951;3990;1;11291474870;S
20241014;095951;3990;66;11291474871;S
20241014;095951;3990;10;11291474872;S
20241014;095951;3990;18;11291474873;S
20241014;095951;3990;50;11291474874;S
20241014;095951;3990;1;11291474875;S
20241014;095951;3990;30;11291474876;S
20241014;095951;3990;10;11291474877;B
20241014;095951;3990;26;11291474878;S
20241014;095951;3990;20;11291474879;S
20241014;095951;3990;1;11291474880;S
20241014;095951;3990;1;11291474881;S
20241014;095951;3990;1;11291474882;S
20241014;095951;3990;12;11291474883;S
20241014;095951;3990;5;11291474884;S
20241014;095951;3990;5;11291474885;S
20241014;095951;3990;27;11291474886;S
20241014;095951;3990;1;11291474887;B
20241014;095951;3990;1;11291474888;B
20241014;095951;3990;23;11291474889;S
20241014;095951;3990;2;11291474890;S
20241014;095951;3990;1;11291474891;S
20241014;095951;3990;1;11291474892;S
20241014;095951;3990;2;11291474893;S
20241014;095951;3990;46;11291474894;S
20241014;095951;3990;4;11291474895;S
20241014;095951;3990;4;11291474896;S
20241014;095951;3990;34;11291474897;S
20241014;095951;3990;7;11291474898;S
20241014;095951;3990;4;11291474899;S
20241014;095951;3990;22;11291474900;S
20241014;095951;3990;1;11291474901;S
20241014;095951;3990;1;11291474902;B
20241014;095951;3990;1;11291474903;S
20241014;095951;3990;75;11291474904;S
20241014;095951;3990;20;11291474905;S
20241014;095951;3990;20;11291474906;S
20241014;095951;3990;5;11291474907;S
20241014;095951;3990;15;11291474908;B
20241014;100000;3985;1;11291478569;S
20241014;100000;3981;15;11291478579;S
20241014;100000;3980.5;15;11291478580;S
20241014;100000;3980.5;1;11291478581;S
20241014;100000;3986;2;11291478637;B
20241014;100001;3981.5;15;11291479459;B
20241014;100001;3981.5;30;11291479460;B
20241014;100001;3982;15;11291479461;B
20241014;100001;3982;7;11291479462;B
20241014;100001;3982.5;15;11291479463;B
20241014;100001;3982.5;7;11291479464;B
20241014;100001;3983;15;11291479465;B
20241014;100001;3983.5;15;11291479466;B
20241014;100001;3984;11;11291479467;B
20241014;100001;3981;1;11291479469;S
20241014;100001;3981;2;11291480034;B
20241014;100002;3980.5;3;11291480517;S
20241014;100002;3980.5;16;11291480655;S
20241014;100003;3980.5;1;11291481060;S
20241014;100003;3980.5;8;11291481213;S
20241014;100003;3980;3;11291481214;S
20241014;100003;3980;2;11291481215;S
20241014;100003;3980;15;11291481216;S
20241014;100003;3980;8;11291481217;S
20241014;100003;3979.5;1;11291481218;S
20241014;100003;3979.5;1;11291481219;S
20241014;100003;3979.5;2;11291481220;S
20241014;100003;3979.5;3;11291481221;S
20241014;100003;3979.5;7;11291481222;S
20241014;100005;3980;1;11291485891;B
20241014;100005;3980;14;11291485897;B
20241014;100005;3980;30;11291485898;B
20241014;100005;3980.5;15;11291485899;B
20241014;100005;3980.5;8;11291485900;B
20241014;100005;3980.5;13;11291485901;B
20241014;100005;3980.5;1;11291485907;B
20241014;100005;3980.5;1;11291485921;B
20241014;100005;3980.5;1;11291486528;B
20241014;100006;3980.5;1;11291487179;B
20241014;100006;3980.5;1;11291489418;B
20241014;100006;3979.5;3;11291489422;S
20241014;100006;3979.5;1;11291489423;S
20241014;100006;3979;5;11291489818;S
20241014;100006;3979;3;11291489828;S
20241014;100006;3979;3;11291489835;S
20241014;100006;3980.5;1;11291489846;B
20241014;100007;3980.5;27;11291493547;B
20241014;100007;3980.5;60;11291493548;B
20241014;100007;3980.5;43;11291493549;B
20241014;100007;3979;18;11291494002;S
20241014;100007;3980.5;1;11291494007;B
20241014;100008;3979.5;1;11291494567;S
20241014;100008;3979.5;3;11291496343;S
20241014;100008;3979;46;11291496344;S
20241014;100008;3979;20;11291496345;S
20241014;100008;3978.5;1;11291496346;S
20241014;100008;3978.5;8;11291496347;S
20241014;100008;3978;9;11291496376;S
20241014;100008;3979.5;15;11291497325;B
20241014;100008;3979.5;30;11291497326;B
20241014;100008;3980;76;11291497327;B
20241014;100008;3980;15;11291497328;B
20241014;100008;3980.5;15;11291497329;B
20241014;100008;3981;10;11291497330;B
20241014;100008;3981;15;11291497331;B
20241014;100008;3981.5;15;11291497332;B
20241014;100008;3981.5;30;11291497333;B
20241014;100008;3982;15;11291497334;B
20241014;100008;3982;30;11291497335;B
20241014;100008;3982.5;15;11291497336;B
20241014;100008;3982.5;30;11291497337;B
20241014;100008;3983;15;11291497338;B
20241014;100008;3983;30;11291497339;B
20241014;100008;3983;40;11291497340;B
20241014;100008;3983.5;15;11291497341;B
20241014;100008;3983.5;40;11291497342;B
20241014;100008;3983.5;30;11291497343;B
20241014;100008;3984;15;11291497344;B
20241014;100008;3984;30;11291497345;B
20241014;100008;3984.5;30;11291497346;B
20241014;100008;3985;40;11291497347;B
20241014;100008;3985;30;11291497348;B
20241014;100008;3985.5;30;11291497349;B
20241014;100008;3986;30;11291497350;B
20241014;100008;3987;40;11291497351;B
20241014;100008;3988.5;260;11291497352;B
20241014;100008;3988.5;54;11291497353;B
20241014;100009;3987.5;3;11291497934;B
20241014;100009;3987.5;1;11291497939;B
20241014;100009;3987.5;1;11291497942;B
20241014;100009;3983.5;15;11291498022;S
20241014;100009;3983;17;11291498023;S
20241014;100009;3983;15;11291498024;S
20241014;100009;3982.5;15;11291498025;S
20241014;100009;3982;15;11291498026;S
20241014;100009;3982;25;11291498027;S
20241014;100009;3982;123;11291498028;S
20241014;100009;3982.5;1;11291498116;S
20241014;100009;3986.5;15;11291498595;B
20241014;100009;3986.5;1;11291499638;B
20241014;100009;3986.5;3;11291499639;B
20241014;100010;3982.5;1;11291501271;S
20241014;100010;3986.5;1;11291501275;B
20241014;100010;3986.5;2;11291501280;B
20241014;100010;3982.5;2;11291501346;S
20241014;100010;3982.5;11;11291501378;S
20241014;100010;3982.5;1;11291501379;S
20241014;100010;3984;2;11291502191;B
20241014;100010;3982;6;11291502259;S
20241014;100010;3984;1;11291502439;B
20241014;100010;3982;151;11291503157;S
20241014;100010;3981.5;15;11291503158;S
20241014;100010;3981;15;11291503159;S
20241014;100010;3981;51;11291503160;S
20241014;100010;3980.5;8;11291503161;S
20241014;100010;3983;1;11291503297;B
20241014;100010;3983;1;11291503310;B
20241014;100010;3983;5;11291503369;B
20241014;100010;3983;3;11291503377;B
20241014;100010;3980;8;11291503499;B
20241014;100010;3980;1;11291503535;B
20241014;100010;3980;9;11291503544;B
20241014;100010;3980;1;11291503546;B
20241014;100011;3979.5;9;11291504172;B
20241014;100011;3980;15;11291504173;B
20241014;100011;3980.5;1;11291504469;B
20241014;100011;3980.5;1;11291505994;B
20241014;100011;3980.5;1;11291505998;B
20241014;100011;3980.5;4;11291506006;B
20241014;100012;3981.5;1;11291508855;B
20241014;100012;3981.5;10;11291508860;B
20241014;100013;3982;1;11291510018;B
20241014;100013;3981;1;11291510019;S
20241014;100013;3982;1;11291510021;B
20241014;100013;3982;1;11291510022;B
20241014;100013;3983;1;11291510266;B
20241014;100013;3983;14;11291511020;B
20241014;100013;3983;30;11291511021;B
20241014;100013;3983.5;2;11291511026;B
20241014;100013;3983.5;3;11291511035;B
20241014;100013;3983.5;1;11291511038;B
20241014;100014;3983.5;1;11291512152;B
20241014;100014;3983.5;1;11291512413;B
20241014;100014;3983.5;1;11291513624;B
20241014;100014;3983.5;3;11291513628;B
20241014;100014;3983;3;11291513636;S
20241014;100014;3983;10;11291513951;S
20241014;100014;3983.5;1;11291513958;B
20241014;100014;3983.5;1;11291513963;B
20241014;100015;3983.5;1;11291515295;B
20241014;100015;3983.5;1;11291515296;B
20241014;100015;3983.5;7;11291515297;B
20241014;100017;3983.5;100;11291515996;S
20241014;100018;3983;20;11291516175;S
20241014;100019;3983.5;1;11291516432;B
20241014;100022;3983;8;11291517613;S
20241014;100023;3983;6;11291517812;S
20241014;100023;3983;34;11291517813;S
20241014;100023;3983;2;11291517998;S
20241014;100024;3983;5;11291518268;S
20241014;100025;3983.5;3;11291518414;B
20241014;100025;3983.5;3;11291518446;B
20241014;100025;3983.5;7;11291518459;B
20241014;100025;3983.5;7;11291518502;B
20241014;100026;3983.5;10;11291519038;B
20241014;100026;3983.5;2;11291519039;B
20241014;100027;3983.5;8;11291519227;B
20241014;100027;3983.5;20;11291519228;B
20241014;100027;3983.5;22;11291519229;B
20241014;100028;3983.5;3;11291519461;B
20241014;100028;3983.5;27;11291519558;B
20241014;100029;3984;4;11291519678;B
20241014;100029;3984;1;11291519679;B
20241014;100030;3984.5;1;11291520124;B
20241014;100030;3984;76;11291520125;S
20241014;100030;3984.5;1;11291520325;B
20241014;100031;3984;25;11291520933;S
20241014;100031;3984;34;11291520934;S
20241014;100031;3983.5;3;11291520935;S
20241014;100031;3983.5;1;11291520936;S
20241014;100031;3983;1;11291520937;S
20241014;100033;3982;3;11291521931;S
20241014;100033;3982;5;11291521932;S
20241014;100033;3982;17;11291521933;S
20241014;100035;3982.5;2;11291522494;B
20241014;100035;3982.5;12;11291522655;B
20241014;100036;3982;3;11291523150;S
20241014;100036;3982;12;11291523151;S
20241014;100036;3982;1;11291523152;S
20241014;100036;3981.5;2;11291523153;S
20241014;100036;3981;7;11291523154;S
20241014;100036;3981.5;12;11291523155;B
20241014;100036;3980.5;1;11291523213;S
20241014;100037;3981.5;5;11291523653;S
20241014;100038;3982;10;11291523831;B
20241014;100038;3982;10;11291523832;B
20241014;100040;3982;4;11291524474;B
20241014;100040;3982;4;11291524494;B
20241014;100040;3981.5;25;11291524548;S
20241014;100040;3981.5;17;11291524653;S
20241014;100041;3982;2;11291524709;B
20241014;100041;3982;1;11291524710;B
20241014;100041;3982;2;11291524958;S
20241014;100041;3981.5;20;11291524959;S
20241014;100042;3982;5;11291525279;S
20241014;100043;3982.5;30;11291525532;B
20241014;100043;3982.5;60;11291525533;B
20241014;100043;3983;10;11291525534;B
20241014;100043;3982;1;11291525711;S
20241014;100044;3982;9;11291526011;S
20241014;100044;3982;11;11291526012;S
20241014;100044;3982;5;11291526163;S
20241014;100045;3982;20;11291526186;S
20241014;100048;3982;25;11291527251;S
20241014;100048;3981.5;14;11291527252;S
20241014;100049;3982;25;11291527800;S
20241014;100049;3982;2;11291527801;S
20241014;100053;3981.5;15;11291528807;S
20241014;100053;3981;30;11291528808;S
20241014;100053;3981;15;11291528809;S
20241014;100053;3980.5;24;11291528810;S
20241014;100053;3980.5;15;11291528811;S
20241014;100053;3980.5;30;11291528812;S
20241014;100053;3980;15;11291528813;S
20241014;100053;3979.5;15;11291528814;S
20241014;100053;3979.5;10;11291528815;S
20241014;100053;3979;15;11291528816;S
20241014;100053;3978.5;15;11291528817;S
20241014;100053;3978.5;40;11291528818;S
20241014;100053;3978;15;11291528819;S
20241014;100053;3978;97;11291528820;S
20241014;100053;3977.5;15;11291528821;S
20241014;100053;3977.5;134;11291528822;S
20241014;100053;3978.5;30;11291528970;S
20241014;100053;3978;19;11291528971;S
20241014;100055;3977.5;25;11291529308;S
20241014;100056;3977.5;5;11291529623;S
20241014;100056;3977;2;11291529624;S
20241014;100056;3977.5;10;11291529682;S
20241014;100059;3979;1;11291530669;S
20241014;100059;3979;1;11291530684;S
20241014;100101;3979;4;11291531430;S
20241014;100101;3979;4;11291531431;S
20241014;100101;3978.5;17;11291531432;S
20241014;100102;3978;6;11291531844;S
20241014;100103;3978;3;11291531935;S
20241014;100103;3978;5;11291531942;S
20241014;100105;3978.5;30;11291532445;B
20241014;100105;3978.5;51;11291532446;B
20241014;100105;3978.5;5;11291532447;B
20241014;100107;3979;1;11291533244;B
20241014;100107;3979;30;11291533245;B
20241014;100107;3979.5;18;11291533246;B
20241014;100107;3979.5;60;11291533247;B
20241014;100107;3979.5;60;11291533248;B
20241014;100107;3979.5;11;11291533249;B
20241014;100107;3979.5;49;11291533350;B
20241014;100107;3979.5;1;11291533351;B
20241014;100108;3979;101;11291533644;S
20241014;100108;3979;25;11291533645;S
20241014;100108;3979;15;11291533646;S
20241014;100108;3979;30;11291533647;S
20241014;100108;3979;5;11291533648;S
20241014;100108;3979;19;11291533649;S
20241014;100108;3978.5;5;11291533650;S
20241014;100108;3978.5;15;11291533651;S
20241014;100108;3978.5;19;11291533652;S
20241014;100108;3978.5;40;11291533653;S
20241014;100108;3978;15;11291533654;S
20241014;100108;3978;40;11291533655;S
20241014;100108;3977.5;15;11291533656;S
20241014;100108;3977.5;5;11291533657;S
20241014;100108;3977.5;1;11291533658;S
20241014;100109;3978.5;1;11291534027;S
20241014;100113;3978.5;20;11291534872;S
20241014;100114;3979;2;11291534942;B
20241014;100116;3979;3;11291535495;B
20241014;100116;3978.5;9;11291535499;S
20241014;100116;3978.5;1;11291535500;S
20241014;100117;3978.5;3;11291535698;S
20241014;100119;3979;1;11291536264;B
20241014;100119;3979.5;30;11291536265;B
20241014;100119;3979.5;12;11291536266;B
20241014;100119;3979.5;3;11291536314;B
20241014;100119;3979.5;11;11291536315;B
20241014;100119;3979.5;30;11291536316;B
20241014;100119;3979.5;42;11291536317;B
20241014;100120;3979.5;2;11291536614;B
20241014;100120;3980;15;11291536702;B
20241014;100120;3980;28;11291536703;B
20241014;100123;3980;5;11291537582;B
20241014;100123;3980;27;11291537631;B
20241014;100123;3980;23;11291537632;B
20241014;100123;3980;5;11291537719;B
20241014;100124;3980;32;11291537953;B
20241014;100124;3980;14;11291537954;B
20241014;100124;3979;25;11291538065;S
20241014;100124;3979;15;11291538066;S
20241014;100124;3979;10;11291538067;S
20241014;100125;3980;1;11291538315;B
20241014;100126;3980;16;11291538348;B
20241014;100126;3980;27;11291538419;B
20241014;100126;3980;2;11291538668;B
20241014;100126;3980;7;11291538669;B
20241014;100128;3979.5;25;11291538907;S
20241014;100128;3979;5;11291538908;S
20241014;100128;3980;53;11291539012;B
20241014;100128;3980;34;11291539013;B
20241014;100128;3979.5;2;11291539075;S
20241014;100128;3980;2;11291539213;B
20241014;100130;3979.5;5;11291539510;S
20241014;100130;3980;1;11291539622;B
20241014;100130;3980;5;11291539681;B
20241014;100131;3980;16;11291539856;B
20241014;100132;3979.5;3;11291540174;S
20241014;100136;3980;2;11291540827;B
20241014;100136;3980;1;11291540828;B
20241014;100137;3980;1;11291541237;B
20241014;100137;3980;3;11291541276;B
20241014;100137;3979.5;15;11291541335;S
20241014;100137;3979.5;8;11291541336;S
20241014;100137;3979.5;20;11291541337;S
20241014;100137;3979;7;11291541338;S
20241014;100137;3979.5;2;11291541387;B
20241014;100138;3979.5;3;11291541533;B
20241014;100139;3979.5;12;11291541809;B
20241014;100143;3979;1;11291542698;S
20241014;100143;3979;1;11291542699;S
20241014;100143;3979.5;1;11291542745;B
20241014;100144;3979;25;11291542917;S
20241014;100144;3978.5;15;11291542918;S
20241014;100145;3978.5;1;11291543033;S
20241014;100145;3978.5;2;11291543034;S
20241014;100145;3979.5;3;11291543149;B
20241014;100145;3979.5;5;11291543236;B
20241014;100145;3979.5;6;11291543341;B
20241014;100146;3979.5;7;11291543579;B
20241014;100146;3979.5;2;11291543580;B
20241014;100147;3979.5;2;11291543905;B
20241014;100150;3979;1;11291544676;B
20241014;100150;3979.5;10;11291544677;B
20241014;100150;3979.5;31;11291544678;B
20241014;100151;3979.5;7;11291544955;B
20241014;100151;3979.5;22;11291545176;B
20241014;100151;3979.5;14;11291545177;B
20241014;100152;3979;15;11291545310;S
20241014;100152;3979;30;11291545311;S
20241014;100152;3978.5;8;11291545312;S
20241014;100152;3978.5;1;11291545313;S
20241014;100152;3978.5;23;11291545314;S
20241014;100152;3978.5;13;11291545315;S
20241014;100155;3979.5;46;11291546336;B
20241014;100155;3979.5;4;11291546337;B
20241014;100155;3979.5;1;11291546353;B
20241014;100156;3979;3;11291546637;S
20241014;100156;3979;27;11291546686;S
20241014;100156;3978.5;25;11291546687;S
20241014;100156;3978.5;15;11291546688;S
20241014;100156;3978;15;11291546689;S
20241014;100156;3977.5;15;11291546690;S
20241014;100156;3977.5;3;11291546691;S
20241014;100156;3978;15;11291546844;S
20241014;100156;3978;30;11291546845;S
20241014;100156;3977.5;43;11291546846;S
20241014;100159;3979;6;11291547446;B
20241014;100203;3979;6;11291548658;B
20241014;100203;3979.5;1;11291548740;B
20241014;100203;3979.5;37;11291548741;B
20241014;100203;3979.5;2;11291548839;B
20241014;100204;3979;2;11291549106;S
20241014;100205;3978.5;1;11291549484;S
20241014;100205;3979.5;20;11291549680;B
20241014;100207;3979;9;11291550124;S
20241014;100207;3978.5;14;11291550125;S
20241014;100207;3978.5;2;11291550126;S
20241014;100207;3978.5;7;11291550199;S
20241014;100207;3978.5;3;11291550200;S
20241014;100208;3978.5;1;11291550301;S
20241014;100209;3978.5;7;11291550688;S
20241014;100209;3978.5;5;11291550689;S
20241014;100209;3978.5;1;11291550741;S
20241014;100209;3978.5;2;11291550772;S
20241014;100209;3978.5;11;11291550773;S
20241014;100209;3978;15;11291550774;S
20241014;100209;3978;11;11291550775;S
20241014;100209;3977.5;15;11291550776;S
20241014;100209;3977;46;11291550777;S
20241014;100211;3978;15;11291551255;S
20241014;100211;3978;2;11291551293;B
20241014;100212;3977.5;25;11291551477;S
20241014;100212;3977;75;11291551478;S
20241014;100214;3977.5;1;11291552304;B
20241014;100214;3977;10;11291552311;S
20241014;100216;3977.5;10;11291552549;B
20241014;100216;3977.5;1;11291552559;B
20241014;100216;3977;10;11291552575;S
20241014;100220;3977;3;11291553785;S
20241014;100223;3977;3;11291554898;S
20241014;100224;3977;20;11291555196;S
20241014;100225;3977;3;11291555603;S
20241014;100227;3977;5;11291556121;S
20241014;100227;3977;1;11291556122;S
20241014;100227;3977.5;12;11291556221;B
20241014;100228;3977;1;11291556441;S
20241014;100229;3977.5;1;11291556611;B
20241014;100230;3977;10;11291556852;S
20241014;100230;3977.5;1;11291557106;B
20241014;100231;3977.5;15;11291557254;B
20241014;100231;3977.5;2;11291557273;B
20241014;100231;3977.5;13;11291557274;B
20241014;100232;3977.5;2;11291557448;B
20241014;100232;3977.5;27;11291557449;B
20241014;100232;3977.5;14;11291557450;B
20241014;100232;3978;23;11291557451;B
20241014;100233;3977;61;11291557941;S
20241014;100233;3977;2;11291557942;S
20241014;100233;3977;5;11291557943;S
20241014;100233;3977;123;11291557944;S
20241014;100233;3977;15;11291557945;S
20241014;100233;3976.5;27;11291557946;S
20241014;100234;3976;1;11291558029;S
20241014;100236;3976;2;11291558557;S
20241014;100237;3975.5;1;11291558952;S
20241014;100238;3977;2;11291559032;B
20241014;100238;3977;1;11291559099;B
20241014;100240;3975.5;1;11291559701;S
20241014;100241;3977;10;11291559826;B
20241014;100241;3977;15;11291559827;B
20241014;100241;3977.5;5;11291559828;B
20241014;100242;3977;1;11291560141;B
20241014;100243;3975.5;1;11291560150;S
20241014;100244;3977.5;1;11291560475;S
20241014;100244;3976;4;11291560476;S
20241014;100246;3976;5;11291560993;S
20241014;100246;3976;4;11291561049;S
20241014;100250;3976.5;2;11291561925;B
20241014;100250;3976.5;15;11291561926;B
20241014;100250;3976.5;8;11291561927;B
20241014;100250;3976.5;2;11291561966;B
20241014;100252;3976.5;1;11291562227;B
20241014;100252;3976;2;11291562306;S
20241014;100252;3975.5;5;11291562307;S
20241014;100252;3975.5;1;11291562308;S
20241014;100252;3975.5;2;11291562309;S
20241014;100253;3976.5;1;11291562492;B
20241014;100253;3976.5;1;11291562526;B
20241014;100253;3977;1;11291562568;B
20241014;100254;3975.5;1;11291562636;S
20241014;100255;3976.5;10;11291562829;B
20241014;100256;3976;12;11291562960;B
20241014;100257;3976;2;11291563236;B
20241014;100301;3976;1;11291563888;B
20241014;100305;3975.5;10;11291564816;S
20241014;100306;3975.5;17;11291565018;S
20241014;100306;3975.5;8;11291565019;S
20241014;100306;3975.5;2;11291565020;S
20241014;100306;3975.5;3;11291565021;S
20241014;100307;3975.5;2;11291565300;S
20241014;100307;3976;2;11291565481;B
20241014;100309;3975.5;2;11291565845;S
20241014;100309;3975.5;3;11291565856;S
20241014;100309;3975;10;11291565857;S
20241014;100309;3975;1;11291565858;S
20241014;100309;3975;1;11291565859;S
20241014;100309;3975;1;11291565860;S
20241014;100309;3975;5;11291565861;S
20241014;100309;3975;11;11291565862;S
20241014;100310;3975;13;11291566064;S
20241014;100310;3975.5;1;11291566078;B
20241014;100310;3975;2;11291566097;S
20241014;100310;3975;1;11291566098;S
20241014;100310;3975.5;1;11291566149;B
20241014;100311;3975;1;11291566240;S
20241014;100311;3975.5;10;11291566301;B
20241014;100315;3975.5;1;11291567311;B
20241014;100315;3975.5;1;11291567361;B
20241014;100315;3975;1;11291567379;S
20241014;100315;3975.5;10;11291567474;B
20241014;100315;3975.5;1;11291567475;B
20241014;100315;3976;14;11291567476;B
20241014;100317;3975;1;11291567914;S
20241014;100317;3975;10;11291567915;S
20241014;100317;3975;1;11291567916;S
20241014;100317;3975;1;11291567917;S
20241014;100317;3975;6;11291567918;S
20241014;100317;3975;1;11291567919;S
20241014;100317;3975;2;11291567920;S
20241014;100317;3975;1;11291567921;S
20241014;100317;3975;1;11291567922;S
20241014;100317;3975;1;11291567923;S
20241014;100317;3975;1;11291567924;S
20241014;100317;3975;2;11291567925;S
20241014;100317;3975;1;11291567996;S
20241014;100317;3975;8;11291568022;S
20241014;100317;3975;2;11291568023;S
20241014;100317;3975;1;11291568024;S
20241014;100317;3975;24;11291568025;S
20241014;100317;3975;4;11291568026;S
20241014;100317;3975;200;11291568027;S
20241014;100317;3975;1;11291568028;S
20241014;100317;3975;2;11291568029;S
20241014;100319;3974.5;10;11291568387;S
20241014;100319;3974.5;1;11291568388;S
20241014;100319;3974.5;1;11291568389;S
20241014;100319;3974.5;1;11291568390;S
20241014;100319;3974.5;10;11291568391;S
20241014;100319;3974;70;11291568392;S
20241014;100319;3974;7;11291568393;S
20241014;100319;3973.5;1;11291568394;S
20241014;100319;3973.5;4;11291568453;S
20241014;100319;3973.5;3;11291568454;S
20241014;100319;3973;1;11291568455;S
20241014;100319;3973;5;11291568456;S
20241014;100319;3973;5;11291568457;S
20241014;100319;3971.5;1;11291568458;S
20241014;100319;3971.5;8;11291568471;S
20241014;100319;3972.5;3;11291568519;B
20241014;100320;3971.5;1;11291568597;S
20241014;100320;3971.5;1;11291568598;S
20241014;100321;3971;10;11291568948;S
20241014;100321;3971;1;11291568949;S
20241014;100321;3971;2;11291568950;S
20241014;100321;3971;36;11291568951;S
20241014;100321;3971;1;11291568976;S
20241014;100321;3970.5;2;11291569014;S
20241014;100321;3970.5;2;11291569015;S
20241014;100321;3970.5;1;11291569016;S
20241014;100321;3970.5;6;11291569017;S
20241014;100321;3970.5;4;11291569018;S
20241014;100321;3970.5;1;11291569025;S
20241014;100322;3970.5;208;11291569401;S
20241014;100322;3970.5;15;11291569402;S
20241014;100322;3970;1;11291569403;S
20241014;100322;3970;26;11291569404;S
20241014;100322;3970;10;11291569484;S
20241014;100323;3970;14;11291569604;S
20241014;100323;3970;26;11291569647;S
20241014;100323;3970;1;11291569657;S
20241014;100323;3971;1;11291569801;B
20241014;100324;3970;23;11291569850;S
20241014;100324;3970;143;11291569851;S
20241014;100326;3970;300;11291570512;S
20241014;100328;3971;5;11291570713;B
20241014;100329;3970.5;10;11291570975;S
20241014;100329;3971;7;11291571164;B
20241014;100330;3970.5;30;11291571188;S
20241014;100331;3971;2;11291571590;B
20241014;100331;3971;13;11291571591;B
20241014;100331;3971;1;11291571623;B
20241014;100331;3971;15;11291571630;B
20241014;100331;3971;4;11291571785;B
20241014;100331;3971;4;11291571810;B
20241014;100331;3971.5;15;11291571838;B
20241014;100331;3971.5;35;11291571839;B
20241014;100332;3972;44;11291571961;B
20241014;100332;3972;10;11291571974;B
20241014;100334;3972.5;3;11291572589;S
20241014;100334;3972.5;1;11291572608;S
20241014;100334;3972;11;11291572609;S
20241014;100334;3972;13;11291572610;S
20241014;100334;3972;2;11291572672;S
20241014;100334;3972;13;11291572673;S
20241014;100334;3972;5;11291572713;S
20241014;100335;3972;5;11291572811;S
20241014;100335;3972.5;1;11291572841;S
20241014;100335;3972;2;11291572842;S
20241014;100335;3973.5;1;11291573040;B
20241014;100338;3973;5;11291573693;S
20241014;100339;3973;20;11291573880;S
20241014;100339;3973;15;11291573881;S
20241014;100339;3973;9;11291573882;S
20241014;100339;3972.5;9;11291573883;S
20241014;100339;3972.5;15;11291573884;S
20241014;100339;3972;15;11291573885;S
20241014;100339;3971.5;15;11291573886;S
20241014;100339;3971.5;2;11291573887;S
20241014;100341;3973.5;15;11291574295;B
20241014;100341;3973.5;5;11291574296;B
20241014;100343;3972;10;11291574850;S
20241014;100343;3971.5;8;11291574851;S
20241014;100343;3971.5;15;11291574852;S
20241014;100343;3971;15;11291574853;S
20241014;100343;3971;75;11291574854;S
20241014;100343;3970.5;60;11291574855;S
20241014;100343;3970.5;15;11291574856;S
20241014;100343;3970.5;1;11291574857;S
20241014;100343;3970.5;30;11291574858;S
20241014;100343;3970.5;1;11291574859;S
20241014;100343;3970;70;11291574860;S
20241014;100343;3970.5;2;11291575231;S
20241014;100344;3970.5;1;11291575314;S
20241014;100346;3972.5;2;11291575711;B
20241014;100346;3972.5;5;11291575789;B
20241014;100346;3972;2;11291575795;S
20241014;100347;3972.5;5;11291575888;B
20241014;100347;3972.5;3;11291575932;B
20241014;100347;3973;18;11291575933;B
20241014;100347;3973;15;11291575934;B
20241014;100347;3973;13;11291575935;B
20241014;100347;3973;35;11291575936;B
20241014;100347;3973.5;15;11291575937;B
20241014;100347;3973.5;14;11291575938;B
20241014;100347;3973.5;60;11291575939;B
20241014;100347;3974;15;11291575940;B
20241014;100347;3974;30;11291575941;B
20241014;100347;3974;82;11291575942;B
20241014;100351;3974.5;2;11291576937;B
20241014;100352;3974.5;5;11291577550;B
20241014;100354;3974.5;8;11291578230;B
20241014;100354;3974.5;7;11291578231;B
20241014;100355;3974.5;15;11291578449;B
20241014;100355;3975;8;11291578450;B
20241014;100402;3974.5;15;11291580565;B
20241014;100402;3974.5;15;11291580566;B
20241014;100402;3974.5;10;11291580567;B
20241014;100403;3973.5;5;11291580871;S
20241014;100405;3974;1;11291581058;B
20241014;100407;3973.5;1;11291581554;B
20241014;100408;3973.5;1;11291581736;B
20241014;100408;3973;10;11291581756;S
20241014;100410;3973.5;3;11291582267;B
20241014;100411;3973.5;1;11291582399;B
20241014;100414;3973;10;11291583051;S
20241014;100417;3973;8;11291583581;S
20241014;100417;3973;1;11291583796;S
20241014;100418;3973.5;1;11291583932;B
20241014;100421;3973.5;5;11291584511;B
20241014;100423;3973;16;11291584888;S
20241014;100424;3973;5;11291585149;S
20241014;100424;3973;1;11291585150;S
20241014;100424;3972.5;3;11291585151;S
20241014;100424;3972.5;11;11291585152;S
20241014;100424;3973;1;11291585154;B
20241014;100424;3973;13;11291585170;B
20241014;100426;3972;8;11291585553;S
20241014;100426;3971.5;15;11291585554;S
20241014;100426;3971;2;11291585555;S
20241014;100427;3973;1;11291585978;B
20241014;100428;3971.5;1;11291586065;S
20241014;100429;3973;11;11291586226;B
20241014;100430;3972.5;1;11291586507;B
20241014;100435;3971.5;20;11291587504;S
20241014;100435;3971.5;1;11291587556;S
20241014;100436;3972.5;6;11291587793;B
20241014;100437;3972.5;8;11291588118;B
20241014;100437;3972.5;1;11291588119;B
20241014;100437;3972.5;8;11291588120;B
20241014;100437;3972.5;9;11291588121;B
20241014;100439;3973.5;6;11291588620;B
20241014;100440;3972.5;1;11291588745;S
20241014;100441;3973.5;9;11291589007;B
20241014;100441;3973.5;8;11291589008;B
20241014;100441;3974;3;11291589009;B
20241014;100441;3974;10;11291589118;B
20241014;100442;3974;15;11291589396;B
20241014;100442;3974;20;11291589397;B
20241014;100442;3974.5;2;11291589401;B
20241014;100444;3974.5;15;11291589791;S
20241014;100449;3974.5;1;11291591056;S
20241014;100450;3975;17;11291591220;B
20241014;100452;3975;2;11291591905;B
20241014;100453;3974.5;25;11291592054;S
20241014;100453;3975;60;11291592098;B
20241014;100453;3974.5;1;11291592204;S
20241014;100455;3975;7;11291592659;B
20241014;100456;3975;20;11291592706;B
20241014;100458;3975;1;11291593348;B
20241014;100502;3974.5;25;11291594167;S
20241014;100502;3974.5;17;11291594168;S
20241014;100502;3974;15;11291594169;S
20241014;100502;3974;2;11291594170;S
20241014;100502;3974;3;11291594171;S
20241014;100503;3974;1;11291594409;S
20241014;100503;3974;11;11291594410;S
20241014;100503;3973;2;11291594411;S
20241014;100504;3974;15;11291594657;B
20241014;100509;3973.5;3;11291595862;S
20241014;100509;3973;1;11291595863;S
20241014;100509;3973;9;11291595864;S
20241014;100510;3974;15;11291596161;B
20241014;100510;3974;9;11291596162;B
20241014;100510;3974;18;11291596163;B
20241014;100510;3974.5;3;11291596164;B
20241014;100510;3974.5;15;11291596165;B
20241014;100510;3974.5;1;11291596166;B
20241014;100510;3974.5;9;11291596167;B
20241014;100510;3974;1;11291596236;B
20241014;100510;3972.5;1;11291596301;S
20241014;100512;3974;1;11291596902;B
20241014;100514;3973;2;11291597178;S
20241014;100514;3973;5;11291597179;S
20241014;100514;3972.5;3;11291597180;S
20241014;100517;3974;1;11291598037;B
20241014;100521;3974;2;11291599078;B
20241014;100522;3974;4;11291599306;B
20241014;100523;3974;1;11291599670;B
20241014;100529;3973.5;1;11291600966;S
20241014;100530;3974;1;11291601175;B
20241014;100535;3974;30;11291602077;B
20241014;100535;3974;2;11291602078;B
20241014;100535;3974.5;9;11291602079;B
20241014;100536;3974.5;1;11291602323;S
20241014;100536;3975;3;11291602369;B
20241014;100537;3975;1;11291602655;B
20241014;100537;3975;1;11291602721;B
20241014;100540;3975;4;11291603225;B
20241014;100541;3974.5;3;11291603527;S
20241014;100541;3975;134;11291603534;B
20241014;100541;3975;100;11291603535;B
20241014;100541;3975;2;11291603536;B
20241014;100541;3975;1;11291603537;B
20241014;100541;3975;1;11291603538;B
20241014;100541;3975;2;11291603539;B
20241014;100541;3975;16;11291603540;B
20241014;100541;3975.5;1;11291603541;B
20241014;100541;3975;18;11291603542;S
20241014;100544;3977.5;18;11291604042;B
20241014;100544;3978;28;11291604043;B
20241014;100544;3978;4;11291604044;B
20241014;100544;3978;1;11291604057;B
20241014;100546;3977.5;1;11291604521;B
20241014;100547;3977.5;18;11291604853;B
20241014;100547;3978;15;11291604854;B
20241014;100547;3978;8;11291604855;B
20241014;100547;3978.5;5;11291604856;B
20241014;100549;3977;22;11291605236;S
20241014;100550;3977.5;18;11291605441;B
20241014;100550;3978;15;11291605442;B
20241014;100550;3978;8;11291605443;B
20241014;100550;3978.5;9;11291605444;B
20241014;100551;3978;1;11291605662;B
20241014;100552;3978;3;11291605841;B
20241014;100552;3978.5;1;11291605842;B
20241014;100552;3978.5;6;11291605843;B
20241014;100554;3978;3;11291606193;S
20241014;100554;3978;3;11291606194;S
20241014;100555;3978.5;15;11291606360;B
20241014;100555;3978.5;15;11291606361;B
20241014;100555;3978;44;11291606481;S
20241014;100555;3978;9;11291606482;S
20241014;100555;3977.5;47;11291606483;S
20241014;100556;3978;1;11291606523;B
20241014;100559;3978;1;11291607094;S
20241014;100559;3978;4;11291607095;S
20241014;100600;3978;1;11291607342;B
20241014;100601;3978;1;11291607541;B
20241014;100602;3978;1;11291607990;B
20241014;100602;3978;1;11291608011;B
20241014;100602;3978;1;11291608014;B
20241014;100602;3978;1;11291608030;B
20241014;100603;3978;1;11291608147;B
20241014;100603;3978;19;11291608258;B
20241014;100603;3979;15;11291608259;B
20241014;100603;3979;15;11291608260;B
20241014;100603;3979;6;11291608261;B
20241014;100603;3979;60;11291608262;B
20241014;100603;3979;60;11291608263;B
20241014;100603;3979.5;15;11291608264;B
20241014;100603;3979.5;70;11291608265;B
20241014;100603;3979.5;6;11291608266;B
20241014;100603;3980;25;11291608267;B
20241014;100603;3980;2;11291608268;B
20241014;100603;3980;3;11291608269;B
20241014;100603;3980;4;11291608270;B
20241014;100603;3980;3;11291608271;B
20241014;100603;3980;15;11291608272;B
20241014;100603;3980;10;11291608273;B
20241014;100603;3980;40;11291608274;B
20241014;100603;3980.5;15;11291608275;B
20241014;100603;3980.5;30;11291608276;B
20241014;100603;3980.5;30;11291608277;B
20241014;100603;3980.5;57;11291608278;B
20241014;100603;3980;1;11291608289;B
20241014;100606;3980;5;11291609015;B
20241014;100610;3980;1;11291610030;B
20241014;100614;3979.5;6;11291611029;S
20241014;100614;3979;4;11291611030;S
20241014;100615;3980;1;11291611353;B
20241014;100616;3980;1;11291611695;B
20241014;100617;3980;1;11291611911;B
20241014;100618;3980;18;11291612333;B
20241014;100620;3980;1;11291612916;S
20241014;100621;3980;1;11291612976;S
20241014;100621;3980;1;11291612977;S
20241014;100625;3980.5;1;11291614224;B
20241014;100627;3980.5;29;11291614872;B
20241014;100627;3981;1;11291614873;B
20241014;100627;3981;20;11291614874;B
20241014;100627;3981;5;11291615046;B
20241014;100627;3981;4;11291615047;B
20241014;100627;3981;17;11291615048;B
20241014;100631;3981;1;11291616157;B
20241014;100631;3981;18;11291616238;B
20241014;100631;3981;31;11291616239;B
20241014;100631;3981.5;10;11291616240;B
20241014;100631;3981.5;50;11291616241;B
20241014;100631;3981.5;60;11291616242;B
20241014;100631;3982;1;11291616243;B
20241014;100631;3981.5;1;11291616247;B
20241014;100635;3981.5;5;11291617303;B
20241014;100635;3981.5;12;11291617403;B
20241014;100635;3981.5;30;11291617404;B
20241014;100635;3982;5;11291617405;B
20241014;100635;3982;50;11291617406;B
20241014;100635;3982;5;11291617407;B
20241014;100635;3982;23;11291617408;B
20241014;100635;3981.5;7;11291617409;S
20241014;100635;3981.5;11;11291617410;B
20241014;100636;3982;25;11291617823;B
20241014;100638;3982;1;11291618344;S
20241014;100643;3982;4;11291619443;S
20241014;100643;3982;2;11291619444;S
20241014;100643;3982.5;1;11291619450;B
20241014;100644;3982.5;1;11291619650;B
20241014;100645;3982;1;11291619977;S
20241014;100647;3982.5;1;11291620552;B
20241014;100649;3982;10;11291620946;S
20241014;100649;3982.5;1;11291620996;B
20241014;100649;3982;4;11291621133;S
20241014;100650;3982.5;46;11291621306;B
20241014;100650;3982.5;4;11291621307;B
20241014;100651;3982;1;11291621497;S
20241014;100651;3982.5;1;11291621630;B
20241014;100652;3982;2;11291621813;S
20241014;100655;3982.5;20;11291622447;B
20241014;100655;3982.5;60;11291622448;B
20241014;100655;3982.5;1;11291622449;B
20241014;100655;3982.5;18;11291622450;B
20241014;100655;3982.5;9;11291622451;B
20241014;100655;3982.5;60;11291622452;B
20241014;100655;3982.5;1;11291622453;B
20241014;100655;3982.5;1;11291622504;B
20241014;100655;3982.5;60;11291622505;B
20241014;100655;3983;26;11291622506;B
20241014;100655;3983;51;11291622507;B
20241014;100655;3983;100;11291622508;B
20241014;100655;3983;9;11291622509;B
20241014;100655;3983;60;11291622510;B
20241014;100655;3983;6;11291622518;S
20241014;100657;3983.5;1;11291622978;B
20241014;100657;3983.5;1;11291622979;B
20241014;100657;3983.5;30;11291623006;B
20241014;100657;3983.5;18;11291623007;B
20241014;100657;3983.5;14;11291623008;B
20241014;100657;3984;25;11291623009;B
20241014;100657;3984;14;11291623010;B
20241014;100657;3983.5;1;11291623129;S
20241014;100658;3983.5;14;11291623220;S
20241014;100658;3983.5;4;11291623248;B
20241014;100658;3983.5;11;11291623249;B
20241014;100704;3983;7;11291624755;S
20241014;100707;3983.5;1;11291625415;B
20241014;100707;3983;6;11291625430;S
20241014;100709;3983.5;3;11291625851;B
20241014;100712;3983.5;4;11291626483;B
20241014;100712;3983.5;28;11291626484;B
20241014;100714;3983;1;11291626851;S
20241014;100716;3983;10;11291627445;S
20241014;100716;3983.5;1;11291627468;B
20241014;100720;3984.5;10;11291628368;B
20241014;100720;3984.5;2;11291628369;B
20241014;100721;3984;10;11291628541;S
20241014;100721;3984;20;11291628542;S
20241014;100721;3984;10;11291628543;S
20241014;100721;3983.5;15;11291628544;S
20241014;100721;3983.5;14;11291628545;S
20241014;100721;3983;49;11291628546;S
20241014;100723;3984;6;11291628969;S
20241014;100723;3984.5;1;11291628970;B
20241014;100725;3984;1;11291629405;S
20241014;100725;3984;1;11291629634;S
20241014;100729;3984;4;11291630457;S
20241014;100729;3984.5;27;11291630562;B
20241014;100729;3984.5;23;11291630563;B
20241014;100729;3984;1;11291630564;S
20241014;100729;3984;20;11291630621;B
20241014;100731;3984;2;11291630936;B
20241014;100733;3984;20;11291631400;B
20241014;100734;3984;5;11291631592;B
20241014;100734;3984;2;11291631625;B
20241014;100736;3984;3;11291631975;B
20241014;100736;3984;1;11291631976;B
20241014;100737;3984;1;11291632243;B
20241014;100741;3984;7;11291633290;B
20241014;100743;3984;23;11291633773;B
20241014;100743;3984;2;11291633774;B
20241014;100744;3983.5;1;11291634030;S
20241014;100745;3984;2;11291634130;B
20241014;100746;3984;28;11291634467;B
20241014;100746;3984;2;11291634468;B
20241014;100746;3984;1;11291634594;B
20241014;100752;3983.5;1;11291635766;S
20241014;100752;3983.5;5;11291635816;S
20241014;100753;3984;1;11291635908;B
20241014;100753;3984;3;11291636049;B
20241014;100754;3984;14;11291636303;B
20241014;100754;3984;1;11291636304;B
20241014;100755;3984;30;11291636374;B
20241014;100755;3984;1;11291636513;B
20241014;100756;3984;15;11291636692;B
20241014;100758;3983.5;2;11291637129;S
20241014;100758;3983.5;2;11291637130;S
20241014;100759;3984;2;11291637315;B
20241014;100801;3983.5;1;11291637698;S
20241014;100801;3983.5;10;11291637699;S
20241014;100801;3983;64;11291637700;S
20241014;100801;3983;14;11291637774;S
20241014;100803;3983;25;11291638266;S
20241014;100804;3983;10;11291638480;S
20241014;100804;3983.5;6;11291638486;B
20241014;100804;3983;1;11291638521;S
20241014;100805;3983.5;1;11291638669;B
20241014;100809;3983;1;11291639614;S
20241014;100812;3983;1;11291640409;B
20241014;100817;3982.5;1;11291641386;S
20241014;100817;3982.5;2;11291641387;S
20241014;100817;3982.5;11;11291641388;S
20241014;100822;3982;10;11291642541;S
20241014;100824;3982.5;1;11291643084;B
20241014;100825;3982;30;11291643286;S
20241014;100825;3982;50;11291643287;S
20241014;100825;3982;9;11291643288;S
20241014;100825;3981.5;11;11291643289;S
20241014;100829;3981.5;1;11291644102;S
20241014;100829;3981;2;11291644103;S
20241014;100829;3980.5;13;11291644104;S
20241014;100829;3980;15;11291644105;S
20241014;100829;3980;19;11291644106;S
20241014;100830;3980;6;11291644381;S
20241014;100830;3980;2;11291644382;S
20241014;100830;3979.5;15;11291644383;S
20241014;100830;3979;15;11291644384;S
20241014;100830;3979;73;11291644385;S
20241014;100834;3980.5;1;11291645273;B
20241014;100838;3980.5;4;11291646104;B
20241014;100841;3979;2;11291646734;S
20241014;100842;3979;1;11291647041;S
20241014;100846;3980.5;1;11291647940;B
20241014;100848;3979;1;11291648367;S
20241014;100849;3980.5;10;11291648623;B
20241014;100852;3980.5;4;11291649178;B
20241014;100852;3980.5;8;11291649179;B
20241014;100852;3980.5;2;11291649180;B
20241014;100852;3981;22;11291649181;B
20241014;100854;3981.5;1;11291649685;B
20241014;100854;3982;5;11291649868;B
20241014;100856;3981;3;11291650239;S
20241014;100859;3981;12;11291651016;S
20241014;100859;3980.5;1;11291651017;S
20241014;100859;3980.5;15;11291651018;S
20241014;100859;3980.5;12;11291651019;S
20241014;100859;3980;15;11291651020;S
20241014;100859;3980;45;11291651021;S
20241014;100905;3980.5;7;11291652830;S
20241014;100905;3981;1;11291652840;B
20241014;100905;3981.5;1;11291652850;B
20241014;100908;3980.5;5;11291653591;S
20241014;100910;3981;1;11291654181;B
20241014;100910;3981.5;10;11291654244;B
20241014;100911;3980.5;1;11291654534;S
20241014;100912;3980.5;4;11291655085;S
20241014;100912;3980;8;11291655086;S
20241014;100916;3980.5;1;11291655982;B
20241014;100916;3980.5;2;11291656209;B
20241014;100918;3980;111;11291656713;S
20241014;100918;3980.5;5;11291656792;B
20241014;100918;3980.5;7;11291656999;B
20241014;100918;3980.5;18;11291657000;B
20241014;100918;3981;19;11291657001;B
20241014;100921;3980.5;1;11291657599;B
20241014;100921;3981;2;11291657600;B
20241014;100921;3981;13;11291657639;B
20241014;100921;3981;1;11291657640;B
20241014;100921;3981.5;10;11291657672;B
20241014;100923;3980.5;19;11291658103;S
20241014;100923;3981;4;11291658312;B
20241014;100927;3980.5;31;11291659225;S
20241014;100927;3980;35;11291659226;S
20241014;100927;3980;60;11291659292;S
20241014;100928;3980.5;1;11291659564;B
20241014;100931;3980;4;11291660443;S
20241014;100932;3980;352;11291660702;S
20241014;100932;3980;5;11291660703;S
20241014;100932;3980;2;11291660704;S
20241014;100932;3980;50;11291660705;S
20241014;100932;3980;48;11291660706;S
20241014;100932;3980;1;11291660707;S
20241014;100934;3980;1;11291661379;B
20241014;100939;3979.5;2;11291662544;S
20241014;100939;3979;5;11291662545;S
20241014;100939;3978.5;2;11291662546;S
20241014;100939;3978.5;15;11291662547;S
20241014;100939;3979;1;11291662629;B
20241014;100940;3979;25;11291662940;B
20241014;100941;3978;2;11291663023;S
20241014;100941;3978;1;11291663024;S
20241014;100941;3978;7;11291663025;S
20241014;100941;3979;12;11291663117;B
20241014;100941;3979;15;11291663118;B
20241014;100941;3979;3;11291663119;B
20241014;100943;3978.5;7;11291664258;S
20241014;100943;3978.5;1;11291664354;S
20241014;100944;3978.5;1;11291664633;S
20241014;100946;3979;1;11291665443;B
20241014;100947;3978;1;11291665829;S
20241014;100954;3978.5;3;11291667659;B
20241014;100954;3978.5;1;11291667697;B
20241014;100957;3978.5;10;11291668207;B
20241014;100959;3978.5;1;11291668799;B
20241014;100959;3978.5;33;11291668800;B
20241014;100959;3978.5;12;11291668801;B
20241014;100959;3979;35;11291668802;B
20241014;100959;3979;15;11291668803;B
20241014;100959;3979;12;11291668804;B
20241014;100959;3979.5;19;11291668805;B
20241014;100959;3979.5;15;11291668806;B
20241014;100959;3979.5;89;11291668807;B
20241014;100959;3979.5;30;11291668808;B
20241014;100959;3980;41;11291668809;B
20241014;100959;3980;15;11291668810;B
20241014;100959;3980;12;11291668811;B
20241014;100959;3980;40;11291668812;B
20241014;100959;3980;1;11291668813;B
20241014;100959;3980.5;14;11291668814;B
20241014;100959;3980.5;40;11291668815;B
20241014;100959;3980.5;1;11291668816;B
20241014;100959;3980.5;24;11291668817;B
20241014;100959;3981;15;11291668818;B
20241014;100959;3981;1;11291668819;B
20241014;100959;3981;1;11291668820;B
20241014;100959;3981;5;11291668821;B
20241014;100959;3981;51;11291668822;B
20241014;100959;3981;5;11291668823;S
20241014;100959;3981;5;11291668824;S
20241014;100959;3981;5;11291668826;S
20241014;101000;3981;1;11291668932;S
20241014;101004;3981;15;11291669813;S
20241014;101005;3981;20;11291670023;S
20241014;101005;3981;33;11291670024;S
20241014;101005;3981;38;11291670025;S
20241014;101007;3981.5;1;11291670478;B
20241014;101010;3981;3;11291671175;S
20241014;101010;3981;9;11291671211;S
20241014;101017;3981.5;12;11291672890;B
20241014;101017;3981;1;11291672932;S
20241014;101018;3981;1;11291673331;S
20241014;101022;3981;37;11291674272;S
20241014;101022;3979;1;11291674299;B
20241014;101023;3979;2;11291674504;S
20241014;101023;3978.5;2;11291674505;S
20241014;101023;3978;2;11291674506;S
20241014;101023;3978;4;11291674507;S
20241014;101026;3979;1;11291675158;S
20241014;101026;3978.5;2;11291675159;S
20241014;101027;3979.5;25;11291675325;B
20241014;101027;3979.5;4;11291675410;B
20241014;101029;3979.5;14;11291675923;B
20241014;101029;3979.5;4;11291675924;B
20241014;101029;3980;3;11291675925;B
20241014;101029;3980;22;11291675926;B
20241014;101029;3980.5;46;11291675927;B
20241014;101029;3981;13;11291675928;B
20241014;101031;3979;1;11291676295;S
20241014;101034;3978;1;11291677299;S
20241014;101036;3979;1;11291677842;B
20241014;101037;3978;1;11291677993;S
20241014;101039;3979;1;11291678588;B
20241014;101041;3979;3;11291679031;B
20241014;101044;3978;13;11291679952;S
20241014;101044;3978;3;11291679953;S
20241014;101044;3978;1;11291679954;S
20241014;101044;3977.5;8;11291679955;S
20241014;101044;3979;13;11291680069;B
20241014;101044;3979;5;11291680070;B
20241014;101044;3979.5;5;11291680071;B
20241014;101044;3979.5;143;11291680072;B
20241014;101044;3979.5;51;11291680073;B
20241014;101044;3980;6;11291680074;B
20241014;101044;3979.5;51;11291680076;B
20241014;101044;3980;54;11291680077;B
20241014;101044;3980;7;11291680078;B
20241014;101044;3980.5;5;11291680079;B
20241014;101044;3981;1;11291680080;B
20241014;101044;3981;1;11291680081;B
20241014;101044;3981;76;11291680681;B
20241014;101044;3981;30;11291680682;B
20241014;101044;3981.5;18;11291680683;B
20241014;101045;3979;15;11291680705;S
20241014;101045;3979;59;11291680706;S
20241014;101045;3978.5;9;11291680727;S
20241014;101046;3980.5;59;11291681071;B
20241014;101046;3980.5;15;11291681072;B
20241014;101046;3980.5;8;11291681073;B
20241014;101046;3981;11;11291681074;B
20241014;101048;3979.5;5;11291681500;S
20241014;101051;3981;12;11291682363;B
20241014;101052;3981;7;11291682628;B
20241014;101052;3981;8;11291682629;B
20241014;101053;3980.5;2;11291682836;B
20241014;101053;3981;9;11291682837;B
20241014;101053;3981;14;11291682838;B
20241014;101053;3981;16;11291682850;B
20241014;101053;3981.5;9;11291682851;B
20241014;101053;3981;25;11291682874;B
20241014;101054;3981;1;11291683062;B
20241014;101054;3979.5;6;11291683202;S
20241014;101055;3981.5;24;11291683472;B
20241014;101055;3982;77;11291683473;B
20241014;101057;3981;40;11291683777;B
20241014;101057;3981.5;9;11291683778;B
20241014;101057;3981.5;15;11291683779;B
20241014;101057;3982;18;11291683780;B
20241014;101057;3982;6;11291683781;B
20241014;101057;3982;9;11291683782;B
20241014;101057;3982;3;11291683783;B
20241014;101058;3982.5;1;11291684024;B
20241014;101058;3983;1;11291684025;B
20241014;101058;3983;48;11291684026;B
20241014;101102;3983;3;11291684787;B
20241014;101103;3981;3;11291685129;B
20241014;101103;3982;30;11291685130;B
20241014;101103;3982.5;3;11291685131;B
20241014;101103;3982.5;26;11291685132;B
20241014;101106;3982.5;30;11291685668;B
20241014;101109;3981.5;24;11291686321;B
20241014;101109;3980;5;11291686379;S
20241014;101109;3979.5;152;11291686380;S
20241014;101109;3979;15;11291686381;S
20241014;101109;3979;13;11291686382;S
20241014;101109;3979;2;11291686383;S
20241014;101109;3978.5;6;11291686384;S
20241014;101109;3978.5;51;11291686385;S
20241014;101109;3978;15;11291686386;S
20241014;101109;3978;60;11291686387;S
20241014;101109;3978;24;11291686388;S
20241014;101109;3977.5;7;11291686389;S
20241014;101110;3980.5;3;11291686630;B
20241014;101110;3980.5;7;11291686744;B
20241014;101110;3980.5;5;11291686749;B
20241014;101110;3980.5;20;11291686750;B
20241014;101111;3980;14;11291686917;B
20241014;101113;3980;1;11291687209;B
20241014;101113;3980.5;2;11291687210;B
20241014;101115;3980.5;23;11291687560;B
20241014;101115;3980.5;25;11291687561;B
20241014;101115;3981;25;11291687562;B
20241014;101115;3981;51;11291687563;B
20241014;101115;3981.5;2;11291687564;B
20241014;101115;3981.5;24;11291687565;B
20241014;101115;3981;22;11291687631;B
20241014;101116;3980;2;11291687666;S
20241014;101116;3980;10;11291687756;S
20241014;101116;3981.5;12;11291687809;B
20241014;101117;3981.5;77;11291687887;B
20241014;101117;3981.5;3;11291687892;B
20241014;101117;3982;1;11291687901;B
20241014;101117;3982;2;11291688003;B
20241014;101118;3981;1;11291688165;B
20241014;101119;3981;2;11291688396;B
20241014;101119;3982;10;11291688401;B
20241014;101120;3982;12;11291688503;B
20241014;101120;3980;51;11291688577;S
20241014;101120;3980;9;11291688578;S
20241014;101121;3981;15;11291688773;B
20241014;101121;3981.5;15;11291688774;B
20241014;101121;3981.5;20;11291688775;B
20241014;101121;3981.5;18;11291688789;B
20241014;101121;3979;15;11291688817;S
20241014;101121;3979;8;11291688818;S
20241014;101122;3980.5;3;11291688946;B
20241014;101122;3980;3;11291688954;S
20241014;101122;3979;10;11291688955;S
20241014;101122;3978.5;9;11291688956;S
20241014;101123;3978.5;15;11291689032;B
20241014;101123;3979;6;11291689050;B
20241014;101124;3978.5;15;11291689233;B
20241014;101126;3979;6;11291689654;B
20241014;101126;3979;9;11291689655;B
20241014;101127;3978.5;15;11291689798;S
20241014;101127;3978.5;6;11291689799;S
20241014;101127;3978;1;11291689800;S
20241014;101127;3978;15;11291689801;S
20241014;101127;3978;15;11291689802;S
20241014;101127;3978;4;11291689803;S
20241014;101127;3978;6;11291689804;S
20241014;101127;3977.5;1;11291689805;S
20241014;101127;3977.5;1;11291689806;S
20241014;101127;3977.5;1;11291689807;S
20241014;101127;3977.5;15;11291689808;S
20241014;101127;3977.5;10;11291689809;S
20241014;101127;3977.5;10;11291689810;S
20241014;101128;3979.5;10;11291690030;B
20241014;101129;3978;15;11291690203;S
20241014;101129;3977.5;85;11291690204;S
20241014;101129;3979;3;11291690259;B
20241014;101130;3978.5;1;11291690759;B
20241014;101130;3979;3;11291690760;B
20241014;101131;3977.5;15;11291691132;S
20241014;101131;3977;1;11291691133;S
20241014;101131;3977;15;11291691134;S
20241014;101131;3977;100;11291691135;S
20241014;101131;3976.5;3;11291691136;S
20241014;101131;3976.5;2;11291691137;S
20241014;101131;3976.5;3;11291691138;S
20241014;101131;3976.5;15;11291691139;S
20241014;101131;3976.5;30;11291691140;S
20241014;101131;3976;25;11291691141;S
20241014;101131;3976;15;11291691142;S
20241014;101131;3976;30;11291691143;S
20241014;101131;3975.5;2;11291691144;S
20241014;101131;3975.5;44;11291691145;S
20241014;101131;3977.5;3;11291691185;B
20241014;101131;3977.5;2;11291691218;B
20241014;101135;3977.5;10;11291692182;B
20241014;101135;3977.5;1;11291692322;B
20241014;101137;3977.5;1;11291692695;B
20241014;101138;3977.5;5;11291692926;B
20241014;101139;3977.5;1;11291693108;B
20241014;101141;3977.5;7;11291693537;B
20241014;101141;3978;3;11291693538;B
20241014;101141;3977.5;15;11291693545;B
20241014;101142;3977.5;39;11291693859;S
20241014;101142;3977;30;11291693860;S
20241014;101142;3977;25;11291693861;S
20241014;101142;3977;8;11291693862;S
20241014;101142;3977;15;11291693863;S
20241014;101142;3976.5;8;11291693864;S
20241014;101142;3976.5;15;11291693865;S
20241014;101142;3976;10;11291693866;S
20241014;101142;3977;8;11291693909;B
20241014;101143;3977;7;11291694419;B
20241014;101143;3977;7;11291694420;B
20241014;101143;3977;11;11291694421;B
20241014;101144;3976;10;11291694955;S
20241014;101144;3975.5;1;11291694956;S
20241014;101145;3975.5;1;11291695059;S
20241014;101146;3977;5;11291695529;B
20241014;101148;3976.5;1;11291696045;B
20241014;101148;3976.5;8;11291696046;B
20241014;101148;3977;1;11291696208;B
20241014;101148;3976;3;11291696309;S
20241014;101148;3976;15;11291696310;S
20241014;101148;3975.5;54;11291696311;S
20241014;101148;3975.5;10;11291696312;S
20241014;101148;3975.5;15;11291696313;S
20241014;101148;3975.5;7;11291696314;S
20241014;101149;3975.5;5;11291696419;B
20241014;101149;3975.5;3;11291696427;B
20241014;101149;3975.5;7;11291696432;B
20241014;101149;3975;1;11291696506;S
20241014;101149;3975;3;11291696507;S
20241014;101149;3975;10;11291696508;S
20241014;101149;3974.5;8;11291696509;S
20241014;101149;3974;1;11291696510;S
20241014;101149;3974;15;11291696511;S
20241014;101149;3974;30;11291696512;S
20241014;101149;3974;8;11291696513;S
20241014;101149;3973.5;2;11291696514;S
20241014;101149;3973.5;1;11291696515;S
20241014;101149;3973.5;15;11291696516;S
20241014;101149;3973;3;11291696517;S
20241014;101149;3973;2;11291696518;S
20241014;101149;3973;1;11291696519;S
20241014;101150;3973.5;15;11291696779;S
20241014;101150;3973.5;30;11291696780;S
20241014;101150;3973;9;11291696781;S
20241014;101150;3973;15;11291696782;S
20241014;101150;3973;9;11291696783;S
20241014;101150;3973;20;11291696784;S
20241014;101150;3972.5;3;11291696785;S
20241014;101151;3973.5;1;11291696986;B
20241014;101151;3974;3;11291697009;B
20241014;101153;3974;1;11291697452;S
20241014;101153;3973.5;12;11291697453;S
20241014;101153;3973.5;15;11291697454;S
20241014;101153;3973;30;11291697455;S
20241014;101153;3973;15;11291697456;S
20241014;101153;3972.5;2;11291697457;S
20241014;101154;3973;30;11291697738;S
20241014;101154;3972.5;1;11291697739;S
20241014;101154;3972.5;2;11291697740;S
20241014;101154;3972.5;42;11291697741;S
20241014;101154;3972.5;18;11291697951;S
20241014;101154;3972.5;11;11291697952;S
20241014;101156;3972.5;40;11291698416;S
20241014;101158;3972.5;4;11291698943;S
20241014;101158;3973.5;1;11291699003;B
20241014;101158;3973.5;5;11291699017;B
20241014;101158;3973.5;2;11291699092;B
20241014;101159;3972.5;5;11291699236;S
20241014;101159;3972.5;60;11291699237;S
20241014;101159;3972.5;30;11291699238;S
20241014;101159;3972.5;15;11291699239;S
20241014;101159;3972;13;11291699240;S
20241014;101159;3972;4;11291699241;S
20241014;101159;3972;50;11291699242;S
20241014;101159;3972;46;11291699243;S
20241014;101159;3973.5;9;11291699314;B
20241014;101159;3972.5;16;11291699337;S
20241014;101201;3973.5;2;11291699638;B
20241014;101201;3973.5;15;11291699639;B
20241014;101201;3974;15;11291699640;B
20241014;101201;3974;3;11291699641;B
20241014;101201;3974;15;11291699642;B
20241014;101201;3974.5;15;11291699643;B
20241014;101201;3975;15;11291699644;B
20241014;101201;3975;70;11291699645;B
20241014;101201;3974;3;11291699707;S
20241014;101201;3973.5;7;11291699708;S
20241014;101202;3975;15;11291699932;B
20241014;101202;3973.5;8;11291700215;S
20241014;101202;3973;4;11291700216;S
20241014;101203;3975;15;11291700464;B
20241014;101203;3975;13;11291700465;B
20241014;101203;3975.5;22;11291700466;B
20241014;101206;3975.5;59;11291701124;B
20241014;101206;3975.5;1;11291701125;B
20241014;101207;3975.5;1;11291701401;B
20241014;101209;3973.5;15;11291702044;S
20241014;101209;3973.5;11;11291702045;S
20241014;101209;3973.5;39;11291702073;S
20241014;101209;3973.5;5;11291702190;S
20241014;101210;3975;15;11291702435;B
20241014;101210;3975.5;4;11291702436;B
20241014;101210;3975.5;2;11291702437;B
20241014;101210;3975.5;12;11291702438;B
20241014;101210;3975.5;9;11291702439;B
20241014;101212;3973.5;3;11291702965;S
20241014;101213;3975.5;2;11291703099;B
20241014;101213;3975.5;4;11291703161;B
20241014;101213;3975.5;82;11291703162;B
20241014;101213;3976;15;11291703163;B
20241014;101213;3976.5;15;11291703164;B
20241014;101213;3976.5;17;11291703165;B
20241014;101213;3976.5;2;11291703166;B
20241014;101213;3977;15;11291703167;B
20241014;101213;3977;100;11291703168;B
20241014;101213;3977;1;11291703172;B
20241014;101214;3976.5;1;11291703313;B
20241014;101214;3977;5;11291703314;B
20241014;101215;3975.5;6;11291703614;S
20241014;101215;3977;15;11291703691;B
20241014;101215;3977.5;4;11291703692;B
20241014;101215;3977.5;15;11291703693;B
20241014;101215;3978;15;11291703694;B
20241014;101215;3978;104;11291703695;B
20241014;101215;3978.5;2;11291703696;B
20241014;101218;3977;15;11291704340;S
20241014;101218;3977;5;11291704341;S
20241014;101219;3977.5;15;11291704588;S
20241014;101219;3977;46;11291704589;S
20241014;101219;3977;15;11291704590;S
20241014;101219;3976.5;15;11291704591;S
20241014;101219;3976.5;9;11291704592;S
20241014;101219;3979;19;11291704853;B
20241014;101222;3979;2;11291705564;B
20241014;101223;3978;1;11291705721;S
20241014;101223;3979;9;11291705884;B
20241014;101223;3979;3;11291705885;B
20241014;101225;3979.5;1;11291706605;B
20241014;101225;3980;21;11291706606;B
20241014;101225;3980;1;11291706607;B
20241014;101225;3980;1;11291706680;B
20241014;101226;3979;15;11291706845;S
20241014;101226;3979;7;11291706846;S
20241014;101226;3978.5;3;11291706847;S
20241014;101226;3980;14;11291706901;B
20241014;101228;3979.5;28;11291707424;B
20241014;101229;3979.5;15;11291707927;S
20241014;101229;3979.5;11;11291707928;S
20241014;101229;3979;4;11291707929;S
20241014;101230;3979.5;1;11291708038;S
20241014;101232;3980;1;11291708433;B
20241014;101232;3980;50;11291708478;B
20241014;101233;3979;30;11291708560;S
20241014;101233;3980;2;11291708640;B
20241014;101235;3979.5;6;11291709346;S
20241014;101235;3979.5;3;11291709347;S
20241014;101235;3979;11;11291709348;S
20241014;101235;3979;5;11291709349;S
20241014;101235;3978.5;15;11291709350;S
20241014;101235;3978.5;11;11291709351;S
20241014;101235;3978;14;11291709352;S
20241014;101235;3978;3;11291709353;S
20241014;101235;3977.5;15;11291709354;S
20241014;101235;3977.5;15;11291709355;S
20241014;101236;3979.5;9;11291709509;B
20241014;101238;3979.5;6;11291709952;B
20241014;101238;3979.5;19;11291709953;B
20241014;101238;3978.5;10;11291709971;S
20241014;101240;3979.5;11;11291710366;B
20241014;101240;3980;18;11291710368;B
20241014;101241;3979;3;11291710579;S
20241014;101241;3979;22;11291710610;S
20241014;101241;3979;2;11291710611;S
20241014;101242;3978.5;30;11291710793;S
20241014;101244;3978;8;11291711247;S
20241014;101244;3977.5;1;11291711248;S
20241014;101244;3977.5;6;11291711249;S
20241014;101244;3979.5;1;11291711259;B
20241014;101246;3978.5;2;11291711549;B
20241014;101247;3977;8;11291711772;S
20241014;101247;3978.5;1;11291711785;B
20241014;101248;3978.5;12;11291711868;B
20241014;101248;3979;1;11291711869;B
20241014;101248;3977;1;11291711947;S
20241014;101248;3978.5;5;11291711956;B
20241014;101248;3977;1;11291711999;S
20241014;101248;3977;3;11291712000;S
20241014;101248;3977;1;11291712001;S
20241014;101248;3977;15;11291712002;S
20241014;101248;3977;6;11291712003;S
20241014;101248;3976.5;15;11291712004;S
20241014;101248;3976.5;6;11291712005;S
20241014;101248;3976;15;11291712006;S
20241014;101248;3976;38;11291712007;S
20241014;101252;3978;15;11291712964;B
20241014;101252;3978.5;4;11291712965;B
20241014;101253;3978.5;3;11291713149;B
20241014;101254;3977;2;11291713245;S
20241014;101255;3978.5;3;11291713514;B
20241014;101255;3978.5;2;11291713515;B
20241014;101258;3977;1;11291714188;S
20241014;101258;3977;9;11291714189;S
20241014;101300;3977;6;11291714644;S
20241014;101300;3976.5;15;11291714645;S
20241014;101300;3976.5;8;11291714646;S
20241014;101300;3976.5;71;11291714647;S
20241014;101300;3978;15;11291714675;B
20241014;101300;3978;5;11291714676;B
20241014;101303;3976.5;2;11291715378;B
20241014;101310;3976.5;13;11291716896;B
20241014;101310;3977;2;11291716897;B
20241014;101311;3976.5;1;11291717098;B
20241014;101313;3976.5;14;11291717564;B
20241014;101313;3976.5;8;11291717565;B
20241014;101313;3977;13;11291717566;B
20241014;101313;3977;9;11291717567;B
20241014;101313;3977;16;11291717568;B
20241014;101314;3976.5;2;11291717659;S
20241014;101315;3976.5;3;11291718096;S
20241014;101315;3976.5;9;11291718097;S
20241014;101319;3976.5;15;11291718814;B
20241014;101319;3976.5;9;11291718815;B
20241014;101319;3977;10;11291718816;B
20241014;101319;3977;14;11291718817;B
20241014;101320;3976.5;15;11291719044;B
20241014;101321;3976.5;6;11291719225;S
20241014;101321;3976;20;11291719226;S
20241014;101322;3976.5;1;11291719464;S
20241014;101327;3977;1;11291720615;B
20241014;101327;3977;2;11291720616;B
20241014;101327;3977;2;11291720617;B
20241014;101330;3976.5;1;11291721277;S
20241014;101331;3976.5;1;11291721494;B
20241014;101331;3976;2;11291721642;S
20241014;101332;3976.5;14;11291721869;B
20241014;101334;3976.5;23;11291722144;B
20241014;101334;3976.5;3;11291722257;B
20241014;101334;3976.5;8;11291722334;B
20241014;101334;3977;12;11291722335;B
20241014;101334;3977;1;11291722414;B
20241014;101337;3976.5;15;11291722904;S
20241014;101337;3976;2;11291722905;S
20241014;101339;3977;5;11291723331;B
20241014;101341;3976.5;10;11291723740;S
20241014;101341;3977;2;11291723812;B
20241014;101345;3976;6;11291724688;S
20241014;101345;3976;3;11291724689;S
20241014;101345;3976;8;11291724690;S
20241014;101348;3976.5;15;11291725260;B
20241014;101348;3976.5;19;11291725261;B
20241014;101348;3977;7;11291725277;B
20241014;101349;3977;4;11291725763;B
20241014;101349;3977;17;11291725904;B
20241014;101349;3977;10;11291725905;B
20241014;101349;3977;13;11291725906;B
20241014;101352;3977;9;11291726729;B
20241014;101355;3977;2;11291727381;B
20241014;101355;3977;15;11291727382;B
20241014;101356;3977;1;11291727666;B
20241014;101357;3977;1;11291727822;B
20241014;101357;3976.5;129;11291727854;S
20241014;101357;3976;42;11291727855;S
20241014;101357;3976;58;11291727856;S
20241014;101359;3976.5;5;11291728245;B
20241014;101359;3976.5;10;11291728286;B
20241014;101359;3976.5;5;11291728287;B
20241014;101400;3976.5;1;11291728628;B
20241014;101402;3976;1;11291729065;S
20241014;101404;3977;9;11291729283;B
20241014;101404;3977;8;11291729284;B
20241014;101405;3977;2;11291729568;B
20241014;101406;3977.5;5;11291729787;B
20241014;101406;3977.5;3;11291729896;B
20241014;101407;3977.5;22;11291730049;B
20241014;101407;3977.5;15;11291730050;B
20241014;101407;3977.5;3;11291730051;B
20241014;101407;3978;5;11291730231;B
20241014;101407;3978;38;11291730310;B
20241014;101418;3977.5;4;11291732556;B
20241014;101419;3976.5;20;11291732718;S
20241014;101419;3976.5;1;11291732719;S
20241014;101419;3977;10;11291732738;B
20241014;101420;3977;4;11291732987;B
20241014;101421;3977;2;11291733184;B
20241014;101426;3976.5;1;11291734032;S
20241014;101426;3976.5;2;11291734035;S
20241014;101427;3977;5;11291734271;B
20241014;101428;3976.5;60;11291734444;S
20241014;101428;3976.5;40;11291734445;S
20241014;101429;3976.5;20;11291734758;S
20241014;101429;3976.5;15;11291734759;S
20241014;101429;3976.5;15;11291734760;S
20241014;101430;3977;9;11291735122;B
20241014;101430;3977;1;11291735123;B
20241014;101430;3977;4;11291735124;B
20241014;101430;3977.5;16;11291735125;B
20241014;101430;3977.5;9;11291735126;B
20241014;101430;3978;75;11291735127;B
20241014;101430;3978;15;11291735128;B
20241014;101430;3978;70;11291735129;B
20241014;101430;3978;11;11291735130;B
20241014;101430;3978;16;11291735131;B
20241014;101430;3978.5;15;11291735132;B
20241014;101430;3979;14;11291735133;B
20241014;101430;3979.5;14;11291735134;B
20241014;101430;3979.5;30;11291735135;B
20241014;101430;3979.5;1;11291735136;B
20241014;101430;3979.5;30;11291735137;B
20241014;101430;3980;15;11291735138;B
20241014;101430;3980;5;11291735139;B
20241014;101430;3980;20;11291735140;B
20241014;101434;3979.5;15;11291735909;B
20241014;101434;3979.5;15;11291735910;B
20241014;101434;3979.5;2;11291735955;B
20241014;101438;3979.5;13;11291737175;B
20241014;101438;3979.5;16;11291737176;B
20241014;101438;3980;21;11291737177;B
20241014;101441;3979.5;5;11291737723;B
20241014;101441;3980;59;11291737732;B
20241014;101441;3980;140;11291737733;B
20241014;101441;3980;1;11291737734;B
20241014;101441;3978;1;11291737778;S
20241014;101443;3978;7;11291738214;S
20241014;101444;3978;2;11291738368;S
20241014;101450;3979.5;2;11291740027;B
20241014;101453;3979;1;11291740705;S
20241014;101453;3979.5;1;11291740784;B
20241014;101454;3979.5;1;11291740863;B
20241014;101454;3979.5;20;11291741099;B
20241014;101456;3979;1;11291741709;S
20241014;101457;3979;1;11291741830;S
20241014;101500;3978.5;1;11291742846;S
20241014;101500;3978.5;12;11291742855;S
20241014;101501;3979;1;11291743003;S
20241014;101501;3978.5;2;11291743004;S
20241014;101501;3978.5;9;11291743005;S
20241014;101503;3978;5;11291743828;S
20241014;101503;3978;1;11291743829;S
20241014;101503;3978;1;11291743830;S
20241014;101503;3978;3;11291743831;S
20241014;101504;3979.5;2;11291744059;B
20241014;101505;3978;7;11291744331;S
20241014;101506;3979.5;1;11291744714;B
20241014;101507;3978;1;11291745126;S
20241014;101510;3977.5;1;11291746414;S
20241014;101510;3977.5;30;11291746415;S
20241014;101510;3977.5;13;11291746416;S
20241014;101510;3977;15;11291746417;S
20241014;101510;3977;3;11291746418;S
20241014;101510;3977;13;11291746419;S
20241014;101510;3977;28;11291746420;S
20241014;101510;3976.5;5;11291746421;S
20241014;101510;3976.5;15;11291746422;S
20241014;101510;3976.5;27;11291746423;S
20241014;101511;3976.5;1;11291747165;S
20241014;101513;3976.5;4;11291748039;S
20241014;101514;3977.5;1;11291748435;B
20241014;101514;3977.5;1;11291748439;B
20241014;101515;3977.5;49;11291749010;B
20241014;101515;3978;15;11291749011;B
20241014;101515;3978;44;11291749012;B
20241014;101518;3978;1;11291750317;B
20241014;101518;3978;52;11291750326;B
20241014;101518;3978;1;11291750327;B
20241014;101518;3978.5;15;11291750328;B
20241014;101518;3978.5;11;11291750329;B
20241014;101518;3979;15;11291750330;B
20241014;101518;3979;6;11291750331;B
20241014;101520;3980;3;11291751415;B
20241014;101521;3979.5;15;11291751755;B
20241014;101521;3979.5;9;11291751756;B
20241014;101521;3980;43;11291751757;B
20241014;101522;3978;11;11291752341;S
20241014;101525;3979.5;1;11291753207;B
20241014;101527;3979.5;1;11291754468;B
20241014;101528;3979.5;8;11291754896;B
20241014;101531;3980;1;11291756235;B
20241014;101532;3979;1;11291756594;S
20241014;101532;3980;2;11291756703;B
20241014;101532;3980;2;11291756704;B
20241014;101532;3980;9;11291756705;B
20241014;101532;3980;9;11291756706;B
20241014;101532;3980;7;11291756707;B
20241014;101532;3980;73;11291756708;B
20241014;101533;3980;6;11291757061;B
20241014;101533;3980.5;44;11291757062;B
20241014;101535;3980;1;11291757738;B
20241014;101536;3980.5;7;11291758087;B
20241014;101536;3980.5;1;11291758133;B
20241014;101537;3979;1;11291758661;S
20241014;101537;3979;5;11291758662;S
20241014;101538;3979;2;11291758823;S
20241014;101544;3979.5;10;11291760962;S
20241014;101549;3980.5;11;11291763010;B
20241014;101549;3980.5;1;11291763011;B
20241014;101550;3979.5;1;11291763320;S
20241014;101551;3979.5;8;11291763577;S
20241014;101552;3980.5;7;11291764058;B
20241014;101552;3980.5;8;11291764059;B
20241014;101552;3980.5;43;11291764140;B
20241014;101552;3981;15;11291764252;B
20241014;101553;3980.5;12;11291764564;S
20241014;101553;3980;15;11291764565;S
20241014;101553;3980;9;11291764566;S
20241014;101553;3980;5;11291764567;S
20241014;101553;3979.5;2;11291764568;S
20241014;101553;3979.5;7;11291764569;S
20241014;101554;3980;5;11291764791;S
20241014;101559;3980;1;11291766410;S
20241014;101600;3980;1;11291766946;S
20241014;101601;3980;1;11291767255;S
20241014;101603;3980;1;11291767892;B
20241014;101603;3980;1;11291767937;B
20241014;101606;3980;7;11291769298;B
20241014;101607;3979.5;4;11291769361;S
20241014;101607;3980;8;11291769368;B
20241014;101607;3980;13;11291769369;B
20241014;101607;3980;6;11291769370;B
20241014;101608;3980.5;1;11291769661;B
20241014;101608;3980.5;1;11291769819;B
20241014;101609;3980;297;11291770010;S
20241014;101609;3980;1;11291770011;S
20241014;101609;3979.5;2;11291770012;S
20241014;101610;3979.5;4;11291770461;S
20241014;101610;3979;1;11291770462;S
20241014;101610;3979;20;11291770463;S
20241014;101611;3979.5;15;11291770820;B
20241014;101611;3979.5;12;11291770821;B
20241014;101611;3980;25;11291770822;B
20241014;101611;3980;15;11291770823;B
20241014;101611;3980;12;11291770824;B
20241014;101611;3980;10;11291770825;B
20241014;101611;3980;1;11291770861;S
20241014;101611;3980;25;11291770890;S
20241014;101611;3980;118;11291770916;S
20241014;101611;3979.5;20;11291770917;S
20241014;101611;3979;29;11291770918;S
20241014;101613;3979;1;11291771525;S
20241014;101615;3980.5;1;11291771989;B
20241014;101618;3979.5;2;11291773040;S
20241014;101618;3979.5;15;11291773041;S
20241014;101618;3979.5;3;11291773042;S
20241014;101618;3979.5;15;11291773112;S
20241014;101618;3979;10;11291773113;S
20241014;101620;3980;1;11291773550;B
20241014;101625;3979;24;11291775079;S
20241014;101629;3979.5;1;11291776243;B
20241014;101631;3979;1;11291777014;S
20241014;101633;3979.5;1;11291777508;B
20241014;101633;3979;1;11291777533;S
20241014;101634;3979.5;5;11291777631;B
20241014;101634;3979;1;11291777841;S
20241014;101635;3979.5;8;11291777924;B
20241014;101635;3979.5;14;11291777925;B
20241014;101635;3979.5;1;11291777926;B
20241014;101635;3980;2;11291777927;B
20241014;101635;3980;4;11291778198;B
20241014;101635;3980;1;11291778209;B
20241014;101636;3979;16;11291778526;S
20241014;101636;3979;4;11291778527;S
20241014;101636;3978.5;2;11291778528;S
20241014;101636;3978.5;2;11291778529;S
20241014;101636;3978.5;13;11291778530;S
20241014;101636;3978;7;11291778531;S
20241014;101636;3978;15;11291778532;S
20241014;101636;3978;13;11291778533;S
20241014;101636;3977.5;15;11291778534;S
20241014;101636;3977.5;73;11291778535;S
20241014;101636;3977;15;11291778536;S
20241014;101636;3977;2;11291778537;S
20241014;101636;3977;5;11291778538;S
20241014;101636;3977;19;11291778539;S
20241014;101637;3978;1;11291778693;B
20241014;101638;3977;1;11291779138;S
20241014;101639;3978.5;1;11291779285;B
20241014;101643;3978;1;11291780391;B
20241014;101644;3978.5;5;11291780518;B
20241014;101646;3979;1;11291780970;B
20241014;101646;3977.5;10;11291781121;S
20241014;101649;3979;1;11291781876;B
20241014;101652;3977.5;5;11291782638;S
20241014;101652;3977;2;11291782639;S
20241014;101652;3977;1;11291782640;S
20241014;101653;3978.5;51;11291782966;B
20241014;101653;3978.5;7;11291782967;B
20241014;101653;3979;9;11291782968;B
20241014;101655;3979;1;11291783588;S
20241014;101655;3979.5;12;11291783598;B
20241014;101656;3979;14;11291783654;S
20241014;101657;3979;1;11291784028;B
20241014;101703;3978;15;11291785585;S
20241014;101703;3978;2;11291785586;S
20241014;101703;3978;8;11291785587;S
20241014;101703;3977.5;15;11291785588;S
20241014;101703;3977.5;8;11291785589;S
20241014;101703;3977;14;11291785590;S
20241014;101703;3977;9;11291785591;S
20241014;101705;3978.5;2;11291786184;B
20241014;101706;3978.5;1;11291786290;B
20241014;101708;3978.5;1;11291786867;B
20241014;101709;3978.5;17;11291787000;B
20241014;101711;3977.5;2;11291787484;S
20241014;101713;3978.5;1;11291788129;B
20241014;101714;3979;2;11291788333;B
20241014;101714;3979;7;11291788416;B
20241014;101714;3979;9;11291788417;B
20241014;101714;3979;1;11291788418;B
20241014;101714;3979;16;11291788419;B
20241014;101714;3979;8;11291788420;B
20241014;101714;3979;2;11291788596;B
20241014;101716;3979;43;11291788870;B
20241014;101716;3979;3;11291789084;B
20241014;101717;3979;4;11291789526;B
20241014;101717;3979.5;39;11291789527;B
20241014;101720;3980;1;11291790299;B
20241014;101721;3980;5;11291790625;B
20241014;101721;3979.5;15;11291790629;S
20241014;101721;3979.5;9;11291790630;S
20241014;101721;3979.5;30;11291790631;S
20241014;101721;3979.5;5;11291790632;S
20241014;101721;3979;15;11291790633;S
20241014;101721;3979;8;11291790634;S
20241014;101721;3978.5;15;11291790635;S
20241014;101721;3978.5;2;11291790636;S
20241014;101721;3978.5;1;11291790694;B
20241014;101721;3979.5;5;11291790696;B
20241014;101722;3980;3;11291790997;B
20241014;101722;3979;15;11291791052;S
20241014;101722;3979;30;11291791053;S
20241014;101722;3978.5;25;11291791054;S
20241014;101722;3978.5;1;11291791055;S
20241014;101722;3979;1;11291791081;S
20241014;101723;3980;6;11291791234;B
20241014;101726;3979;14;11291792139;S
20241014;101726;3979;6;11291792140;S
20241014;101727;3979.5;5;11291792408;B
20241014;101727;3978;1;11291792412;S
20241014;101728;3978;14;11291792532;S
20241014;101728;3977.5;11;11291792533;S
20241014;101728;3979;1;11291792616;B
20241014;101728;3979;14;11291792658;B
20241014;101728;3979.5;11;11291792659;B
20241014;101729;3978;1;11291792914;S
20241014;101729;3979.5;15;11291792915;B
20241014;101733;3979.5;1;11291794708;B
20241014;101735;3979.5;1;11291795243;B
20241014;101737;3979.5;1;11291795806;B
20241014;101738;3979;3;11291796177;S
20241014;101738;3978.5;1;11291796178;S
20241014;101738;3978.5;20;11291796179;S
20241014;101738;3978;18;11291796180;S
20241014;101738;3978;51;11291796181;S
20241014;101738;3978;15;11291796182;S
20241014;101738;3977.5;2;11291796183;S
20241014;101738;3977.5;15;11291796184;S
20241014;101738;3977.5;30;11291796185;S
20241014;101738;3977;15;11291796186;S
20241014;101738;3977;100;11291796187;S
20241014;101738;3977;2;11291796188;S
20241014;101738;3977;30;11291796189;S
20241014;101738;3976.5;15;11291796190;S
20241014;101738;3976.5;1;11291796191;S
20241014;101738;3976.5;19;11291796192;S
20241014;101738;3976.5;1;11291796193;S
20241014;101738;3976.5;1;11291796194;S
20241014;101738;3976.5;3;11291796195;S
20241014;101738;3976.5;2;11291796196;S
20241014;101738;3976.5;10;11291796197;S
20241014;101738;3976.5;10;11291796198;S
20241014;101738;3976.5;36;11291796199;S
20241014;101738;3977;25;11291796202;S
20241014;101740;3978;3;11291796954;B
20241014;101742;3978;1;11291797300;B
20241014;101742;3978;1;11291797386;B
20241014;101743;3978;5;11291797558;B
20241014;101746;3979;1;11291798420;B
20241014;101747;3977.5;1;11291798735;S
20241014;101747;3979;3;11291798762;B
20241014;101747;3977.5;8;11291798829;S
20241014;101749;3977.5;6;11291799248;S
20241014;101749;3977.5;6;11291799249;S
20241014;101750;3978.5;1;11291799550;B
20241014;101750;3978.5;1;11291799551;B
20241014;101750;3979;3;11291799553;B
20241014;101750;3979;35;11291799554;B
20241014;101750;3979;2;11291799687;B
20241014;101751;3979;4;11291800164;B
20241014;101753;3978;1;11291800620;S
20241014;101754;3978;15;11291800829;S
20241014;101754;3977.5;15;11291800830;S
20241014;101754;3977.5;30;11291800831;S
20241014;101754;3977.5;4;11291800832;S
20241014;101754;3979;3;11291800931;B
20241014;101755;3977.5;15;11291801210;S
20241014;101755;3977;1;11291801211;S
20241014;101755;3977;15;11291801212;S
20241014;101755;3977;2;11291801213;S
20241014;101755;3977;8;11291801214;S
20241014;101755;3976.5;24;11291801215;S
20241014;101755;3976.5;15;11291801216;S
20241014;101755;3976.5;145;11291801217;S
20241014;101755;3976.5;30;11291801218;S
20241014;101755;3976.5;8;11291801219;S
20241014;101755;3976;41;11291801220;S
20241014;101755;3976;10;11291801221;S
20241014;101755;3976;1;11291801222;S
20241014;101755;3976;7;11291801223;S
20241014;101755;3976;28;11291801224;S
20241014;101757;3978;1;11291801741;S
20241014;101800;3978.5;15;11291802445;B
20241014;101800;3979;11;11291802446;B
20241014;101800;3979;15;11291802447;B
20241014;101800;3979;59;11291802448;B
20241014;101800;3978.5;6;11291802455;B
20241014;101802;3978;1;11291803014;S
20241014;101802;3977.5;15;11291803015;S
20241014;101802;3977;15;11291803016;S
20241014;101802;3976.5;30;11291803017;S
20241014;101802;3976.5;1;11291803018;S
20241014;101802;3976.5;30;11291803019;S
20241014;101802;3976.5;15;11291803020;S
20241014;101802;3976.5;41;11291803021;S
20241014;101803;3978.5;2;11291803327;B
20241014;101803;3978.5;13;11291803376;B
20241014;101803;3978.5;152;11291803377;B
20241014;101803;3978.5;12;11291803378;B
20241014;101803;3979;60;11291803379;B
20241014;101803;3979;15;11291803380;B
20241014;101803;3979;7;11291803381;B
20241014;101803;3979;30;11291803382;B
20241014;101803;3979;12;11291803383;B
20241014;101803;3979.5;15;11291803384;B
20241014;101803;3979.5;60;11291803385;B
20241014;101803;3980;5;11291803386;B
20241014;101803;3980;50;11291803387;B
20241014;101803;3980;3;11291803388;B
20241014;101803;3980;15;11291803389;B
20241014;101803;3980;46;11291803390;B
20241014;101803;3980;182;11291803391;B
20241014;101803;3980;51;11291803392;B
20241014;101803;3980.5;15;11291803393;B
20241014;101803;3980.5;60;11291803394;B
20241014;101806;3978.5;1;11291804368;S
20241014;101807;3978.5;1;11291804657;S
20241014;101807;3979.5;1;11291804731;B
20241014;101808;3980;22;11291804957;B
20241014;101811;3980;1;11291805860;B
20241014;101812;3980;1;11291806068;B
20241014;101812;3980;50;11291806118;B
20241014;101812;3980;1;11291806120;B
20241014;101814;3980;1;11291806766;S
20241014;101815;3980.5;1;11291806903;B
20241014;101815;3980.5;1;11291806904;B
20241014;101815;3981;27;11291806905;B
20241014;101815;3981;193;11291806906;B
20241014;101815;3981;24;11291807099;B
20241014;101817;3981;1;11291807786;B
20241014;101818;3981;1;11291808418;B
20241014;101819;3980.5;1;11291808508;S
20241014;101819;3980;50;11291808509;S
20241014;101819;3980;15;11291808510;S
20241014;101819;3980;34;11291808511;S
20241014;101819;3980;16;11291808512;S
20241014;101819;3979.5;134;11291808513;S
20241014;101819;3980;50;11291808650;B
20241014;101820;3980;1;11291809089;B
20241014;101825;3979.5;3;11291810497;S
20241014;101825;3979.5;10;11291810610;S
20241014;101826;3980;1;11291810646;B
20241014;101826;3979.5;49;11291810717;S
20241014;101826;3980;5;11291810773;B
20241014;101828;3980;5;11291811294;B
20241014;101829;3980;1;11291811485;B
20241014;101829;3980;4;11291811507;B
20241014;101829;3980;1;11291811550;B
20241014;101831;3980;2;11291812150;B
20241014;101832;3979.5;1;11291812444;S
20241014;101832;3980;4;11291812458;B
20241014;101833;3980;3;11291812642;B
20241014;101835;3979.5;3;11291813288;S
20241014;101835;3979.5;2;11291813289;S
20241014;101835;3979.5;3;11291813290;S
20241014;101835;3979.5;2;11291813291;S
20241014;101835;3979;29;11291813292;S
20241014;101835;3980;4;11291813332;B
20241014;101838;3979;11;11291814124;S
20241014;101838;3979;1;11291814125;S
20241014;101838;3978.5;10;11291814126;S
20241014;101838;3978.5;14;11291814127;S
20241014;101838;3978;1;11291814128;S
20241014;101838;3978;14;11291814129;S
20241014;101838;3977.5;28;11291814130;S
20241014;101838;3977.5;15;11291814131;S
20241014;101838;3977;6;11291814132;S
20241014;101839;3977.5;5;11291814275;B
20241014;101841;3977;1;11291814730;B
20241014;101841;3977;5;11291814796;B
20241014;101842;3977;1;11291815085;B
20241014;101843;3976.5;2;11291815269;S
20241014;101844;3977;1;11291815662;B
20241014;101845;3977;1;11291816052;B
20241014;101846;3976.5;3;11291816296;S
20241014;101847;3977;3;11291816342;B
20241014;101847;3977;6;11291816344;B
20241014;101852;3976.5;1;11291817928;S
20241014;101853;3977;1;11291818199;B
20241014;101859;3977;1;11291819746;B
20241014;101901;3976.5;7;11291820493;S
20241014;101902;3976.5;3;11291820742;S
20241014;101902;3977;1;11291820942;B
20241014;101904;3977;1;11291821414;B
20241014;101905;3977;3;11291821852;B
20241014;101906;3977;1;11291822120;B
20241014;101908;3977;1;11291822634;B
20241014;101908;3977;5;11291822657;B
20241014;101910;3977;1;11291823208;B
20241014;101910;3976.5;1;11291823223;S
20241014;101910;3977;5;11291823237;B
20241014;101910;3977;1;11291823292;B
20241014;101912;3977;10;11291823787;B
20241014;101912;3976.5;5;11291823884;S
20241014;101913;3977;25;11291823916;B
20241014;101914;3977;1;11291824504;B
20241014;101916;3977;4;11291824864;B
20241014;101916;3976.5;30;11291824871;S
20241014;101917;3977;10;11291825148;B
20241014;101917;3977;17;11291825217;B
20241014;101917;3977;1;11291825519;B
20241014;101918;3977;1;11291825607;B
20241014;101918;3976.5;8;11291825741;S
20241014;101918;3976.5;3;11291825742;S
20241014;101918;3976.5;1;11291825743;S
20241014;101918;3976.5;2;11291825744;S
20241014;101918;3976.5;5;11291825745;S
20241014;101918;3976.5;25;11291825746;S
20241014;101918;3976.5;25;11291825747;S
20241014;101918;3976.5;1;11291825748;S
20241014;101919;3977;10;11291825845;B
20241014;101919;3977;7;11291825846;B
20241014;101921;3976.5;1;11291826439;S
20241014;101922;3977;3;11291826966;B
20241014;101923;3977;2;11291827333;B
20241014;101925;3977;1;11291827898;B
20241014;101928;3976.5;19;11291828898;S
20241014;101929;3977;101;11291829106;B
20241014;101930;3977;21;11291829272;B
20241014;101930;3977.5;15;11291829396;S
20241014;101930;3977.5;30;11291829397;S
20241014;101931;3978;7;11291829463;B
20241014;101931;3978;13;11291829464;B
20241014;101933;3977;1;11291830447;S
20241014;101934;3977;3;11291830592;S
20241014;101935;3978.5;1;11291830957;B
20241014;101936;3978.5;2;11291831195;B
20241014;101938;3977.5;1;11291831797;S
20241014;101938;3977;1;11291831798;S
20241014;101943;3978;1;11291833037;S
20241014;101943;3978;1;11291833038;S
20241014;101947;3978;1;11291833907;S
20241014;101947;3978;1;11291833920;S
20241014;101948;3978;1;11291834011;B
20241014;101948;3977.5;1;11291834091;S
20241014;101948;3977;2;11291834092;S
20241014;101948;3978;2;11291834132;B
20241014;101951;3977;1;11291834835;S
20241014;101954;3977;1;11291835779;S
20241014;101955;3977.5;8;11291835862;B
20241014;101955;3977.5;2;11291835863;B
20241014;101955;3977;1;11291835907;S
20241014;101956;3977.5;1;11291836115;B
20241014;101956;3977.5;1;11291836223;B
20241014;101956;3977;1;11291836288;S
20241014;101957;3977.5;1;11291836357;B
20241014;101957;3977;4;11291836444;S
20241014;101959;3977.5;1;11291836860;B
20241014;102000;3977;1;11291837252;S
20241014;102000;3977;2;11291837513;S
20241014;102001;3978;1;11291837561;B
20241014;102001;3977;1;11291837736;S
20241014;102006;3977;1;11291839214;S
20241014;102006;3977.5;1;11291839262;B
20241014;102007;3977.5;1;11291839586;B
20241014;102008;3977.5;1;11291839868;B
20241014;102009;3977.5;1;11291840147;B
20241014;102010;3977.5;1;11291840188;B
20241014;102010;3977.5;10;11291840270;B
20241014;102010;3977.5;15;11291840271;B
20241014;102010;3977.5;5;11291840272;B
20241014;102010;3977.5;1;11291840273;B
20241014;102010;3977.5;1;11291840274;B
20241014;102010;3978;11;11291840275;B
20241014;102010;3978;1;11291840519;B
20241014;102010;3977;8;11291840560;S
20241014;102011;3977;8;11291840732;S
20241014;102012;3977;9;11291840979;S
20241014;102012;3977;1;11291841009;S
20241014;102012;3977.5;1;11291841034;B
20241014;102012;3977.5;1;11291841041;B
20241014;102013;3977.5;1;11291841057;B
20241014;102013;3977.5;1;11291841075;B
20241014;102013;3977.5;1;11291841260;B
20241014;102014;3977.5;44;11291841400;B
20241014;102014;3977.5;1;11291841401;B
20241014;102014;3978;53;11291841402;B
20241014;102015;3977.5;1;11291841811;B
20241014;102015;3977.5;1;11291841812;B
20241014;102015;3977.5;10;11291841813;B
20241014;102015;3977.5;1;11291841820;S
20241014;102016;3977.5;1;11291841832;S
20241014;102017;3978;1;11291842084;B
20241014;102017;3978;1;11291842100;B
20241014;102017;3977.5;1;11291842336;S
20241014;102017;3977.5;1;11291842346;S
20241014;102018;3977.5;1;11291842493;B
20241014;102018;3977.5;1;11291842507;B
20241014;102018;3977.5;1;11291842530;S
20241014;102018;3977.5;1;11291842544;S
20241014;102018;3977.5;1;11291842552;S
20241014;102018;3977.5;1;11291842585;B
20241014;102020;3977;1;11291842985;S
20241014;102020;3977.5;1;11291843142;B
20241014;102020;3978;1;11291843143;B
20241014;102021;3977.5;1;11291843431;B
20241014;102022;3977.5;1;11291843512;B
20241014;102023;3977;1;11291843714;S
20241014;102023;3977;1;11291843761;S
20241014;102023;3977;1;11291843782;S
20241014;102023;3977;1;11291843788;S
20241014;102023;3977;1;11291843796;S
20241014;102023;3977;1;11291843853;S
20241014;102023;3977;1;11291843887;S
20241014;102023;3977;1;11291843914;S
20241014;102023;3977;1;11291843945;S
20241014;102023;3977;1;11291843962;S
20241014;102023;3977;1;11291843977;S
20241014;102024;3977.5;1;11291844189;B
20241014;102024;3977;2;11291844231;S
20241014;102025;3977;5;11291844370;S
20241014;102025;3977;1;11291844480;S
20241014;102026;3977;1;11291844581;S
20241014;102029;3977;62;11291845385;S
20241014;102029;3977;4;11291845386;S
20241014;102029;3977;8;11291845387;S
20241014;102029;3977;2;11291845388;S
20241014;102029;3977;2;11291845389;S
20241014;102029;3977;1;11291845390;S
20241014;102029;3977;1;11291845391;S
20241014;102029;3977;1;11291845392;S
20241014;102029;3977;1;11291845393;S
20241014;102029;3976.5;4;11291845394;S
20241014;102029;3976.5;25;11291845395;S
20241014;102029;3976.5;3;11291845396;S
20241014;102029;3976.5;13;11291845397;S
20241014;102029;3976.5;60;11291845398;S
20241014;102029;3976.5;11;11291845399;S
20241014;102029;3976.5;2;11291845400;S
20241014;102029;3976;10;11291845401;S
20241014;102029;3977;2;11291845455;B
20241014;102029;3977;1;11291845457;B
20241014;102029;3977;1;11291845458;B
20241014;102029;3977;2;11291845476;B
20241014;102029;3977;1;11291845478;B
20241014;102029;3977;1;11291845480;B
20241014;102029;3977;2;11291845503;B
20241014;102029;3977;1;11291845506;B
20241014;102029;3977;1;11291845508;B
20241014;102029;3977;2;11291845524;B
20241014;102029;3977;1;11291845527;B
20241014;102029;3977;1;11291845528;B
20241014;102031;3977;2;11291846208;S
20241014;102031;3977.5;1;11291846281;B
20241014;102031;3978;2;11291846282;B
20241014;102033;3977.5;1;11291847760;B
20241014;102033;3977.5;1;11291847761;B
20241014;102033;3977.5;5;11291847806;B
20241014;102034;3977;1;11291848201;S
20241014;102034;3977;2;11291848202;S
20241014;102034;3977.5;5;11291848281;B
20241014;102035;3977.5;1;11291848540;B
20241014;102035;3977.5;2;11291848630;B
20241014;102036;3977.5;1;11291849496;B
20241014;102038;3977.5;1;11291850377;B
20241014;102038;3977;1;11291850494;S
20241014;102038;3977;1;11291850495;S
20241014;102038;3977;1;11291850873;S
20241014;102039;3977.5;2;11291850980;B
20241014;102039;3977.5;1;11291851452;B
20241014;102039;3977.5;1;11291851619;B
20241014;102040;3977;1;11291851754;S
20241014;102040;3977;1;11291851755;S
20241014;102040;3977;2;11291851756;S
20241014;102040;3976.5;5;11291851757;S
20241014;102040;3977;1;11291851941;S
20241014;102040;3977;1;11291852328;B
20241014;102042;3977;4;11291853310;B
20241014;102043;3977;1;11291853879;B
20241014;102044;3977;2;11291854462;B
20241014;102046;3977;1;11291855778;B
20241014;102046;3977;2;11291855843;B
20241014;102046;3977;1;11291855991;B
20241014;102047;3977;1;11291857009;B
20241014;102047;3977.5;1;11291857055;B
20241014;102049;3976.5;1;11291858387;S
20241014;102051;3977.5;1;11291859127;B
20241014;102051;3977.5;1;11291859355;B
20241014;102051;3976.5;5;11291859497;S
20241014;102051;3977.5;1;11291859640;B
20241014;102051;3977.5;1;11291859756;B
20241014;102052;3976.5;1;11291859947;S
20241014;102052;3976.5;13;11291860175;S
20241014;102052;3977.5;1;11291860234;B
20241014;102054;3976.5;2;11291861132;S
20241014;102054;3977.5;1;11291861133;B
20241014;102054;3977;1;11291861231;S
20241014;102054;3977.5;1;11291861363;B
20241014;102055;3976.5;6;11291861795;S
20241014;102055;3977.5;1;11291861808;B
20241014;102059;3977;11;11291864189;B
20241014;102059;3976.5;3;11291864510;B
20241014;102101;3977;1;11291865724;B
20241014;102105;3977;2;11291867764;B
20241014;102105;3977;1;11291867925;B
20241014;102105;3977;35;11291868189;B
20241014;102105;3977;30;11291868190;B
20241014;102105;3977;15;11291868191;B
20241014;102105;3977;5;11291868192;B
20241014;102105;3977;15;11291868193;B
20241014;102107;3976.5;1;11291869134;S
20241014;102107;3977;3;11291869520;B
20241014;102107;3977.5;1;11291869542;B
20241014;102107;3977;2;11291869630;B
20241014;102108;3977;20;11291869955;B
20241014;102108;3977.5;1;11291870000;B
20241014;102108;3977.5;1;11291870001;B
20241014;102108;3977.5;1;11291870027;B
20241014;102108;3977.5;1;11291870028;B
20241014;102108;3977.5;1;11291870029;B
20241014;102108;3977.5;6;11291870030;B
20241014;102108;3977.5;4;11291870047;B
20241014;102108;3978;9;11291870056;B
20241014;102108;3978;2;11291870083;B
20241014;102108;3978;12;11291870086;B
20241014;102108;3978;2;11291870102;B
20241014;102108;3978;6;11291870103;B
20241014;102108;3978.5;15;11291870124;B
20241014;102108;3978.5;5;11291870125;B
20241014;102108;3978.5;2;11291870131;B
20241014;102108;3978.5;3;11291870137;B
20241014;102108;3978.5;4;11291870141;B
20241014;102108;3978.5;2;11291870142;B
20241014;102108;3978.5;3;11291870143;B
20241014;102108;3978.5;2;11291870148;B
20241014;102108;3978.5;2;11291870149;B
20241014;102108;3978.5;4;11291870150;B
20241014;102108;3978.5;3;11291870151;B
20241014;102108;3978.5;2;11291870152;B
20241014;102108;3978.5;20;11291870155;B
20241014;102108;3978.5;8;11291870157;B
20241014;102108;3978.5;3;11291870158;B
20241014;102108;3978.5;2;11291870161;B
20241014;102108;3978.5;3;11291870162;B
20241014;102108;3978.5;3;11291870164;B
20241014;102108;3978.5;2;11291870175;B
20241014;102110;3977.5;1;11291871531;S
20241014;102112;3978.5;2;11291872765;B
20241014;102112;3977;15;11291872790;S
20241014;102112;3977;25;11291872791;S
20241014;102113;3977;10;11291873160;B
20241014;102114;3978;1;11291874342;B
20241014;102115;3976.5;1;11291874573;S
20241014;102118;3978;1;11291876267;B
20241014;102120;3977;1;11291879021;B
20241014;102122;3977;2;11291881202;B
20241014;102123;3977;12;11291882002;B
20241014;102123;3977;25;11291882003;B
20241014;102124;3977;1;11291882725;S
20241014;102126;3977;1;11291883647;S
20241014;102126;3977;1;11291883776;S
20241014;102127;3977.5;2;11291884440;B
20241014;102127;3977.5;2;11291884679;B
20241014;102128;3977.5;1;11291884796;B
20241014;102134;3977.5;2;11291888722;B
20241014;102137;3977.5;1;11291891168;B
20241014;102138;3977;11;11291891682;S
20241014;102138;3977.5;1;11291891990;B
20241014;102143;3977;1;11291894951;S
20241014;102143;3977;1;11291894952;S
20241014;102146;3977;1;11291897397;S
20241014;102148;3977.5;1;11291898391;B
20241014;102148;3977;1;11291898392;S
20241014;102149;3977.5;1;11291899548;B
20241014;102150;3977;1;11291900097;S
20241014;102150;3977;1;11291900098;S
20241014;102153;3977;15;11291901562;S
20241014;102153;3977;1;11291901563;S
20241014;102153;3976.5;4;11291901564;S
20241014;102153;3976;7;11291901565;S
20241014;102154;3976;3;11291902434;S
20241014;102154;3976;9;11291902435;S
20241014;102154;3976.5;1;11291902874;B
20241014;102200;3976;10;11291906171;S
20241014;102200;3976;25;11291906361;S
20241014;102201;3976;4;11291906683;S
20241014;102202;3976.5;49;11291907629;B
20241014;102205;3976;11;11291909671;S
20241014;102206;3976;75;11291910012;S
20241014;102206;3976;1;11291910127;S
20241014;102208;3976;1;11291911215;S
20241014;102209;3976;10;11291911629;S
20241014;102211;3976.5;2;11291912713;B
20241014;102216;3976.5;8;11291915760;B
20241014;102216;3976;5;11291915772;S
20241014;102219;3976.5;1;11291917865;B
20241014;102220;3976;6;11291918402;S
20241014;102221;3976;32;11291918978;S
20241014;102222;3976;1;11291919480;S
20241014;102224;3976;2;11291920794;S
20241014;102226;3976.5;1;11291921877;B
20241014;102226;3976.5;3;11291922157;B
20241014;102227;3976;11;11291922784;S
20241014;102228;3976;555;11291923340;S
20241014;102228;3976;194;11291923341;S
20241014;102228;3976;5;11291923342;S
20241014;102228;3976;10;11291923343;S
20241014;102228;3976;1;11291923344;S
20241014;102228;3976;10;11291923345;S
20241014;102228;3976;3;11291923346;S
20241014;102228;3976;5;11291923347;S
20241014;102228;3975.5;12;11291923349;S
20241014;102228;3975.5;2;11291923350;S
20241014;102228;3975;30;11291923358;S
20241014;102228;3975;2;11291923359;S
20241014;102228;3975;1;11291923360;S
20241014;102228;3975;4;11291923361;S
20241014;102228;3974;3;11291923363;S
20241014;102228;3974;5;11291923364;S
20241014;102228;3973.5;1;11291923406;S
20241014;102228;3973.5;4;11291923407;S
20241014;102228;3973.5;1;11291923423;S
20241014;102229;3974;15;11291923947;B
20241014;102229;3974;7;11291923948;B
20241014;102229;3974;8;11291923949;B
20241014;102230;3973.5;4;11291924699;S
20241014;102230;3973;8;11291924700;S
20241014;102230;3973;1;11291924785;S
20241014;102230;3973;1;11291924786;S
20241014;102231;3973;2;11291925504;B
20241014;102232;3972.5;1;11291925798;S
20241014;102234;3972.5;10;11291927172;S
20241014;102235;3972.5;6;11291928702;S
20241014;102236;3972.5;4;11291929158;S
20241014;102236;3973;1;11291929194;B
20241014;102236;3973;15;11291929721;B
20241014;102236;3973;17;11291929722;B
20241014;102236;3973;8;11291929723;B
20241014;102237;3972.5;10;11291930477;S
20241014;102237;3972.5;5;11291930478;S
20241014;102239;3972.5;1;11291931516;S
20241014;102240;3972.5;4;11291932196;S
20241014;102240;3972.5;7;11291932197;S
20241014;102240;3973;5;11291932309;B
20241014;102240;3972.5;3;11291932507;S
20241014;102240;3972.5;23;11291932508;S
20241014;102240;3972.5;1;11291932509;S
20241014;102240;3972.5;1;11291932510;S
20241014;102240;3972.5;7;11291932511;S
20241014;102240;3972;2;11291932512;S
20241014;102240;3972;10;11291932513;S
20241014;102240;3972;2;11291932514;S
20241014;102240;3972;8;11291932515;S
20241014;102240;3972;1;11291932516;S
20241014;102240;3972;1;11291932517;S
20241014;102240;3972;4;11291932518;S
20241014;102240;3971.5;3;11291932519;S
20241014;102240;3971.5;34;11291932520;S
20241014;102241;3972;8;11291933067;B
20241014;102242;3972;1;11291933920;B
20241014;102245;3972;6;11291935308;B
20241014;102245;3972;26;11291935309;B
20241014;102246;3972;2;11291936298;B
20241014;102247;3972;1;11291936890;B
20241014;102249;3971.5;120;11291938089;S
20241014;102251;3972;10;11291939255;B
20241014;102252;3971.5;12;11291939665;S
20241014;102253;3972;10;11291940521;B
20241014;102255;3971.5;2;11291941839;S
20241014;102256;3971.5;40;11291942279;S
20241014;102301;3971.5;2;11291945414;S
20241014;102301;3971.5;44;11291945545;S
20241014;102301;3971.5;1;11291945546;S
20241014;102301;3971;3;11291945547;S
20241014;102301;3970.5;10;11291945548;S
20241014;102301;3970.5;3;11291945549;S
20241014;102301;3970.5;10;11291945550;S
20241014;102301;3970.5;4;11291945551;S
20241014;102301;3970.5;1;11291945625;S
20241014;102301;3971;1;11291945644;B
20241014;102302;3970.5;1;11291946281;S
20241014;102302;3970.5;4;11291946534;S
20241014;102302;3970.5;16;11291946535;S
20241014;102302;3971;9;11291946753;B
20241014;102302;3971.5;1;11291946754;B
20241014;102304;3971;40;11291947893;B
20241014;102304;3971;14;11291947894;B
20241014;102304;3971.5;8;11291948177;B
20241014;102304;3971.5;2;11291948179;B
20241014;102304;3971.5;23;11291948180;B
20241014;102305;3971;3;11291948663;S
20241014;102305;3970.5;2;11291948664;S
20241014;102305;3970.5;5;11291948665;S
20241014;102305;3970.5;30;11291948666;S
20241014;102305;3970.5;15;11291948667;S
20241014;102305;3970.5;60;11291948668;S
20241014;102305;3970.5;15;11291948669;S
20241014;102305;3970.5;60;11291948670;S
20241014;102305;3970;110;11291948671;S
20241014;102305;3971;1;11291949359;B
20241014;102305;3970;5;11291949366;S
20241014;102308;3970.5;1;11291950724;B
20241014;102310;3970;27;11291951797;S
20241014;102312;3970.5;1;11291952931;B
20241014;102312;3970.5;6;11291953077;B
20241014;102313;3970;145;11291953918;S
20241014;102313;3970;1;11291953919;S
20241014;102313;3970;10;11291953920;S
20241014;102313;3970;1;11291953921;S
20241014;102313;3970;1;11291953922;S
20241014;102313;3970;3;11291953923;S
20241014;102313;3970;1;11291953924;S
20241014;102313;3970;1;11291953925;S
20241014;102313;3970;1;11291953926;S
20241014;102313;3970;2;11291953927;S
20241014;102313;3970;1;11291953928;S
20241014;102313;3970;5;11291953929;S
20241014;102313;3970;1;11291953930;S
20241014;102313;3970;1;11291953931;S
20241014;102313;3970;6;11291953932;S
20241014;102313;3970;20;11291953933;S
20241014;102314;3970;2;11291953970;S
20241014;102314;3970;2;11291953971;S
20241014;102314;3970;2;11291954216;S
20241014;102315;3970;4;11291954621;S
20241014;102315;3970;22;11291954622;S
20241014;102315;3970;3;11291954623;S
20241014;102315;3970;2;11291954624;S
20241014;102315;3970;5;11291954625;S
20241014;102315;3969.5;15;11291954626;S
20241014;102315;3969.5;2;11291954724;S
20241014;102315;3969.5;1;11291954729;S
20241014;102317;3970;15;11291956252;B
20241014;102317;3970;5;11291956253;B
20241014;102317;3970.5;2;11291956254;B
20241014;102317;3970.5;15;11291956255;B
20241014;102317;3970.5;51;11291956256;B
20241014;102317;3971;12;11291956257;B
20241014;102322;3970;10;11291959512;B
20241014;102322;3970;25;11291959806;B
20241014;102324;3969.5;1;11291961000;S
20241014;102327;3970;1;11291963086;B
20241014;102329;3969.5;2;11291964829;S
20241014;102331;3969.5;1;11291965967;B
20241014;102332;3969;1;11291966256;S
20241014;102332;3969;10;11291966379;S
20241014;102332;3969.5;3;11291966402;B
20241014;102332;3969;1;11291966738;S
20241014;102332;3969;20;11291966739;S
20241014;102332;3969;12;11291966740;S
20241014;102332;3969;1;11291966741;S
20241014;102332;3969;22;11291966742;S
20241014;102332;3968.5;1;11291966743;S
20241014;102332;3968.5;10;11291966744;S
20241014;102332;3968.5;4;11291966745;S
20241014;102332;3968.5;30;11291966746;S
20241014;102332;3968;2;11291966747;S
20241014;102332;3968;1;11291966748;S
20241014;102332;3968;10;11291966749;S
20241014;102332;3968;11;11291966750;S
20241014;102332;3968;2;11291966751;S
20241014;102332;3968;15;11291966752;S
20241014;102332;3968;60;11291966753;S
20241014;102332;3967.5;1;11291966754;S
20241014;102332;3967.5;2;11291966755;S
20241014;102332;3967.5;15;11291966756;S
20241014;102332;3967.5;2;11291966757;S
20241014;102332;3967.5;102;11291966758;S
20241014;102333;3968.5;1;11291967115;B
20241014;102333;3967.5;8;11291967363;S
20241014;102334;3967.5;1;11291967592;S
20241014;102334;3967.5;21;11291967593;S
20241014;102334;3967;12;11291967594;S
20241014;102334;3967;1;11291967595;S
20241014;102334;3967;1;11291967596;S
20241014;102334;3967;10;11291967597;S
20241014;102334;3967;8;11291967598;S
20241014;102334;3967;15;11291967599;S
20241014;102334;3966.5;1;11291967600;S
20241014;102334;3966.5;15;11291967601;S
20241014;102334;3966.5;2;11291967602;S
20241014;102334;3966.5;8;11291967603;S
20241014;102334;3966;1;11291967604;S
20241014;102334;3966;1;11291967605;S
20241014;102334;3966;15;11291967606;S
20241014;102334;3966;4;11291967607;S
20241014;102334;3966;50;11291967608;S
20241014;102334;3966;35;11291967609;S
20241014;102334;3968;2;11291967709;B
20241014;102334;3968.5;15;11291967710;B
20241014;102334;3969;3;11291967711;B
20241014;102334;3968;5;11291967832;B
20241014;102334;3968;5;11291967888;S
20241014;102334;3967;4;11291967889;S
20241014;102334;3967;15;11291967890;S
20241014;102334;3966.5;15;11291967891;S
20241014;102334;3966.5;27;11291967892;S
20241014;102334;3966.5;4;11291967893;S
20241014;102335;3967;19;11291968330;S
20241014;102335;3968;2;11291968357;B
20241014;102338;3967.5;1;11291970437;B
20241014;102338;3967;7;11291970674;B
20241014;102340;3966.5;1;11291972384;S
20241014;102341;3966.5;3;11291973034;S
20241014;102341;3967;3;11291973173;B
20241014;102342;3966.5;1;11291973617;S
20241014;102342;3966.5;1;11291973671;S
20241014;102342;3967;1;11291973773;B
20241014;102344;3966;30;11291974786;S
20241014;102345;3966;10;11291975344;S
20241014;102346;3966.5;1;11291976272;B
20241014;102346;3966.5;1;11291976273;B
20241014;102346;3966.5;1;11291976274;B
20241014;102346;3966.5;1;11291976275;B
20241014;102347;3967;1;11291976581;B
20241014;102347;3966.5;1;11291977130;S
20241014;102347;3966.5;8;11291977131;S
20241014;102347;3966.5;10;11291977132;S
