<DATE>;<TIME>;<LAST>;<VOL>;<ID>;<OPER>
20241016;095953;0.6838;2000;11302961183;B
20241016;095953;0.6838;5000;11302961184;B
20241016;095953;0.6838;30000;11302961185;B
20241016;095953;0.6838;50000;11302961186;B
20241016;095953;0.6838;2000;11302961187;B
20241016;095953;0.6838;1000;11302961188;B
20241016;095953;0.6838;1000;11302961189;B
20241016;095953;0.6838;1000;11302961190;B
20241016;095953;0.6838;2000;11302961191;B
20241016;095953;0.6838;8000;11302961192;B
20241016;095953;0.6838;1000;11302961193;S
20241016;095953;0.6838;1000;11302961194;B
20241016;095953;0.6838;2000;11302961195;B
20241016;095953;0.6838;1000;11302961196;B
20241016;095953;0.6838;220000;11302961197;B
20241016;095953;0.6838;1000;11302961198;S
20241016;095953;0.6838;1000;11302961199;B
20241016;095953;0.6838;200000;11302961200;B
20241016;095953;0.6838;28000;11302961201;B
20241016;100000;0.684;1000;11302962206;B
20241016;100000;0.684;2000;11302962207;B
20241016;100000;0.6839;5000;11302962399;S
20241016;100000;0.6845;1000;11302962400;B
20241016;100001;0.6838;90000;11302962532;S
20241016;100001;0.6838;16000;11302962565;S
20241016;100001;0.6838;17000;11302962615;S
20241016;100001;0.684;13000;11302962650;B
20241016;100001;0.684;2000;11302962651;B
20241016;100001;0.6846;1000;11302962652;B
20241016;100001;0.6846;2000;11302962653;B
20241016;100001;0.6847;8000;11302962654;B
20241016;100001;0.6849;93000;11302962655;B
20241016;100001;0.6849;31000;11302962656;B
20241016;100003;0.6849;1000;11302964048;B
20241016;100003;0.6849;5000;11302964053;B
20241016;100003;0.6849;1000;11302964060;B
20241016;100003;0.6849;3000;11302964071;B
20241016;100004;0.6849;1000;11302964991;B
20241016;100004;0.6849;1000;11302964998;B
20241016;100004;0.6849;1000;11302964999;B
20241016;100004;0.6849;8000;11302965043;B
20241016;100004;0.6849;2000;11302965071;B
20241016;100004;0.6849;1000;11302965542;B
20241016;100004;0.6841;2000;11302965545;S
20241016;100004;0.684;4000;11302965546;S
20241016;100004;0.6839;1000;11302965556;S
20241016;100004;0.6849;1000;11302966178;B
20241016;100005;0.6839;1000;11302966711;S
20241016;100005;0.6849;1000;11302966958;B
20241016;100005;0.6849;1000;11302967609;B
20241016;100005;0.6843;1000;11302967611;S
20241016;100006;0.6843;1000;11302967621;S
20241016;100006;0.6843;1000;11302967622;S
20241016;100006;0.6843;1000;11302967626;S
20241016;100006;0.6843;1000;11302967627;S
20241016;100006;0.685;2000;11302967677;B
20241016;100006;0.685;1000;11302967894;B
20241016;100006;0.6843;1000;11302968239;S
20241016;100006;0.685;1000;11302968272;B
20241016;100006;0.6849;1000;11302968495;B
20241016;100006;0.6848;1000;11302969033;B
20241016;100006;0.6839;15000;11302969034;S
20241016;100006;0.6848;1000;11302969035;B
20241016;100006;0.6839;1000;11302969036;S
20241016;100007;0.6844;1000;11302969683;B
20241016;100007;0.6838;1000;11302969685;S
20241016;100007;0.6845;1000;11302969751;B
20241016;100007;0.6845;1000;11302969753;B
20241016;100007;0.6845;2000;11302970150;B
20241016;100008;0.6843;5000;11302970424;B
20241016;100009;0.6843;8000;11302970522;B
20241016;100009;0.6843;30000;11302970550;B
20241016;100009;0.6843;7000;11302970598;B
20241016;100009;0.6845;46000;11302970599;B
20241016;100009;0.6849;148000;11302970600;B
20241016;100009;0.6849;16000;11302970601;B
20241016;100009;0.685;10000;11302970602;B
20241016;100009;0.685;273000;11302970603;B
20241016;100009;0.6839;9000;11302970605;S
20241016;100010;0.6849;1000;11302970649;B
20241016;100010;0.6849;25000;11302970761;B
20241016;100011;0.6847;6000;11302971096;B
20241016;100011;0.6849;24000;11302971097;B
20241016;100012;0.6843;25000;11302971364;B
20241016;100012;0.6843;4000;11302971365;B
20241016;100014;0.6843;21000;11302971766;B
20241016;100014;0.6849;9000;11302971767;B
20241016;100016;0.6845;25000;11302972139;B
20241016;100016;0.6845;25000;11302972177;B
20241016;100017;0.6845;72000;11302972652;S
20241016;100018;0.6847;11000;11302972877;B
20241016;100018;0.6847;16000;11302972879;B
20241016;100023;0.6847;3000;11302973984;B
20241016;100023;0.6845;28000;11302974047;S
20241016;100023;0.6845;83000;11302974048;S
20241016;100024;0.6845;17000;11302974225;S
20241016;100024;0.6843;1000;11302974226;S
20241016;100028;0.6835;82000;11302975149;B
20241016;100028;0.6841;50000;11302975150;B
20241016;100028;0.6847;20000;11302975151;B
20241016;100028;0.6847;9000;11302975152;B
20241016;100028;0.6847;148000;11302975153;B
20241016;100028;0.6848;50000;11302975154;B
20241016;100028;0.6849;50000;11302975155;B
20241016;100028;0.685;227000;11302975156;B
20241016;100028;0.685;30000;11302975157;B
20241016;100028;0.6852;1000;11302975158;B
20241016;100028;0.6852;80000;11302975159;B
20241016;100028;0.6853;40000;11302975160;B
20241016;100028;0.6855;80000;11302975161;B
20241016;100029;0.6833;56000;11302975298;S
20241016;100031;0.6838;24000;11302975794;B
20241016;100033;0.6832;4000;11302976312;S
20241016;100035;0.683;60000;11302976740;S
20241016;100036;0.683;60000;11302976831;S
20241016;100036;0.683;228000;11302976832;S
20241016;100036;0.6828;100000;11302976834;S
20241016;100036;0.6825;50000;11302976835;S
20241016;100037;0.682;36000;11302977014;S
20241016;100041;0.682;4000;11302977922;S
20241016;100041;0.6817;56000;11302977923;S
20241016;100041;0.6816;20000;11302978080;S
20241016;100042;0.6816;60000;11302978211;S
20241016;100043;0.6811;1000;11302978499;S
20241016;100047;0.6811;1000;11302979341;B
20241016;100047;0.681;5000;11302979356;S
20241016;100048;0.6811;5000;11302979462;B
20241016;100048;0.6811;47000;11302979463;B
20241016;100048;0.6811;14000;11302979464;B
20241016;100048;0.681;5000;11302979564;S
20241016;100048;0.681;1000;11302979576;S
20241016;100050;0.681;117000;11302980114;S
20241016;100050;0.6809;240000;11302980267;B
20241016;100053;0.6808;2000;11302980911;S
20241016;100055;0.6809;179000;11302981321;B
20241016;100055;0.6809;131000;11302981322;B
20241016;100055;0.6809;356000;11302981323;B
20241016;100059;0.6809;20000;11302982142;B
20241016;100059;0.6809;2000;11302982191;B
20241016;100102;0.6809;100000;11302983025;B
20241016;100102;0.6809;331000;11302983026;B
20241016;100102;0.681;210000;11302983027;B
20241016;100102;0.6811;13000;11302983029;B
20241016;100102;0.6812;5000;11302983030;B
20241016;100102;0.6815;5000;11302983031;B
20241016;100102;0.6816;5000;11302983032;B
20241016;100109;0.6826;9000;11302984473;B
20241016;100112;0.6824;222000;11302985243;B
20241016;100112;0.6827;5000;11302985244;B
20241016;100114;0.6828;1000;11302985557;B
20241016;100122;0.6824;1000;11302987427;B
20241016;100125;0.6828;51000;11302988102;B
20241016;100130;0.6828;10000;11302989040;B
20241016;100136;0.6828;3000;11302990123;B
20241016;100136;0.6828;4000;11302990128;B
20241016;100137;0.6822;10000;11302990331;S
20241016;100137;0.6822;39000;11302990332;S
20241016;100138;0.6821;10000;11302990531;S
20241016;100139;0.6821;19000;11302990742;B
20241016;100139;0.6821;76000;11302990743;B
20241016;100139;0.6824;10000;11302990744;B
20241016;100139;0.6828;1000;11302990745;B
20241016;100139;0.6829;5000;11302990746;B
20241016;100139;0.683;89000;11302990747;B
20241016;100141;0.6829;38000;11302991053;B
20241016;100141;0.6829;10000;11302991054;B
20241016;100141;0.683;11000;11302991055;B
20241016;100141;0.6832;5000;11302991056;B
20241016;100141;0.6834;9000;11302991057;B
20241016;100141;0.6835;20000;11302991058;B
20241016;100141;0.6835;5000;11302991059;B
20241016;100141;0.6835;2000;11302991060;B
20241016;100144;0.6827;19000;11302991658;B
20241016;100144;0.6828;1000;11302991659;B
20241016;100144;0.6833;10000;11302991660;B
20241016;100154;0.6833;9000;11302993864;B
20241016;100154;0.6833;5000;11302993865;B
20241016;100154;0.6833;20000;11302993866;B
20241016;100154;0.6834;66000;11302993867;B
20241016;100155;0.6833;1000;11302994182;B
20241016;100159;0.6831;1000;11302995138;B
20241016;100200;0.6831;4000;11302995373;B
20241016;100200;0.6832;26000;11302995374;B
20241016;100200;0.6827;72000;11302995401;S
20241016;100200;0.6826;71000;11302995402;S
20241016;100201;0.6826;150000;11302995640;S
20241016;100203;0.6826;8000;11302996038;S
20241016;100203;0.6826;2000;11302996039;S
20241016;100207;0.6831;2000;11302996954;B
20241016;100207;0.6831;2000;11302996955;B
20241016;100207;0.6832;26000;11302996956;B
20241016;100208;0.6826;1000;11302997098;S
20241016;100209;0.6826;20000;11302997383;S
20241016;100216;0.6829;2000;11302998805;B
20241016;100216;0.683;15000;11302998806;B
20241016;100216;0.6832;86000;11302998807;B
20241016;100221;0.683;30000;11303000212;S
20241016;100221;0.683;26000;11303000213;S
20241016;100230;0.683;10000;11303002500;B
20241016;100232;0.683;34000;11303002959;B
20241016;100232;0.6831;21000;11303002960;B
20241016;100235;0.6831;1000;11303003559;S
20241016;100236;0.683;100000;11303003857;S
20241016;100237;0.6833;98000;11303004057;B
20241016;100237;0.6835;98000;11303004058;B
20241016;100237;0.6835;5000;11303004059;B
20241016;100237;0.6835;167000;11303004060;B
20241016;100237;0.6836;5000;11303004061;B
20241016;100237;0.6836;3000;11303004062;B
20241016;100237;0.6836;148000;11303004063;B
20241016;100237;0.6836;226000;11303004064;B
20241016;100240;0.6836;4000;11303004854;B
20241016;100245;0.6836;2000;11303006142;B
20241016;100247;0.6836;142000;11303006533;B
20241016;100247;0.6837;100000;11303006534;B
20241016;100247;0.6838;5000;11303006535;B
20241016;100247;0.6838;100000;11303006536;B
20241016;100247;0.6838;1000;11303006537;B
20241016;100247;0.6839;652000;11303006538;B
20241016;100247;0.6834;45000;11303006792;S
20241016;100247;0.6833;222000;11303006793;S
20241016;100247;0.6832;3000;11303006794;S
20241016;100247;0.6832;69000;11303006795;S
20241016;100247;0.6832;5000;11303006796;S
20241016;100247;0.6832;92000;11303006797;S
20241016;100248;0.6831;10000;11303007048;S
20241016;100249;0.6838;200000;11303007305;B
20241016;100252;0.6835;10000;11303008050;B
20241016;100252;0.6836;22000;11303008285;B
20241016;100252;0.6836;148000;11303008286;B
20241016;100252;0.6837;69000;11303008288;B
20241016;100253;0.6837;90000;11303008503;B
20241016;100255;0.6837;41000;11303009173;B
20241016;100255;0.6837;49000;11303009174;B
20241016;100255;0.6837;51000;11303009323;B
20241016;100255;0.6838;3000;11303009324;B
20241016;100255;0.6839;36000;11303009325;B
20241016;100258;0.6838;23000;11303010123;B
20241016;100300;0.6838;6000;11303010695;B
20241016;100300;0.6838;300000;11303010794;B
20241016;100300;0.6839;1112000;11303010887;B
20241016;100300;0.684;10000;11303010888;B
20241016;100300;0.684;100000;11303010889;B
20241016;100300;0.684;1278000;11303010890;B
20241016;100301;0.684;250000;11303011121;B
20241016;100301;0.684;24000;11303011231;B
20241016;100301;0.684;2000;11303011232;B
20241016;100302;0.6843;1000;11303011254;B
20241016;100302;0.6843;5000;11303011255;B
20241016;100305;0.6845;5000;11303012081;B
20241016;100305;0.6849;24000;11303012082;B
20241016;100305;0.685;30000;11303012083;B
20241016;100305;0.685;100000;11303012084;B
20241016;100305;0.685;50000;11303012085;B
20241016;100305;0.685;14000;11303012086;B
20241016;100305;0.6851;38000;11303012087;B
20241016;100305;0.6854;3000;11303012088;B
20241016;100305;0.6854;10000;11303012089;B
20241016;100305;0.6855;36000;11303012090;B
20241016;100306;0.6855;1000;11303012283;B
20241016;100308;0.685;32000;11303012796;B
20241016;100308;0.6854;11000;11303012797;B
20241016;100309;0.6854;20000;11303013037;B
20241016;100309;0.6855;20000;11303013038;B
20241016;100309;0.6855;20000;11303013039;B
20241016;100309;0.6855;60000;11303013081;B
20241016;100309;0.6855;60000;11303013100;B
20241016;100311;0.6855;1000;11303013422;B
20241016;100311;0.6849;20000;11303013466;S
20241016;100311;0.6849;5000;11303013467;S
20241016;100311;0.6854;5000;11303013565;B
20241016;100311;0.6855;95000;11303013566;B
20241016;100312;0.6855;15000;11303013873;B
20241016;100315;0.6855;15000;11303015295;B
20241016;100317;0.6851;10000;11303015910;B
20241016;100317;0.6853;40000;11303015911;B
20241016;100318;0.6853;10000;11303016387;B
20241016;100321;0.6851;98000;11303017311;B
20241016;100323;0.6851;10000;11303017969;S
20241016;100323;0.6851;10000;11303017970;S
20241016;100323;0.6849;53000;11303017971;S
20241016;100323;0.6848;15000;11303017972;S
20241016;100323;0.6844;3000;11303017986;S
20241016;100323;0.6843;10000;11303017987;S
20241016;100323;0.6841;2000;11303017988;S
20241016;100325;0.6842;5000;11303019052;S
20241016;100325;0.6841;1000;11303019053;S
20241016;100325;0.6841;148000;11303019054;S
20241016;100325;0.6841;222000;11303019055;S
20241016;100325;0.684;150000;11303019056;S
20241016;100325;0.684;474000;11303019057;S
20241016;100327;0.684;28000;11303019725;S
20241016;100331;0.6845;903000;11303020725;B
20241016;100331;0.6846;2000;11303020726;B
20241016;100331;0.6847;10000;11303020727;B
20241016;100331;0.6848;85000;11303020728;B
20241016;100332;0.6846;3000;11303021115;B
20241016;100332;0.6847;1000;11303021292;B
20241016;100332;0.6847;1000;11303021334;B
20241016;100333;0.6847;1000;11303021474;B
20241016;100333;0.6847;7000;11303021604;B
20241016;100339;0.6848;1000;11303023336;B
20241016;100339;0.6848;47000;11303023428;B
20241016;100339;0.6848;11000;11303023429;B
20241016;100339;0.6848;17000;11303023430;B
20241016;100342;0.6851;14000;11303024324;B
20241016;100343;0.6849;1000;11303024527;B
20241016;100347;0.685;1000;11303025849;B
20241016;100349;0.685;1000;11303026450;S
20241016;100349;0.6849;1000;11303026451;S
20241016;100349;0.6849;1000;11303026452;S
20241016;100349;0.6848;1000;11303026453;S
20241016;100349;0.6846;1000;11303026454;S
20241016;100349;0.6845;1000;11303026455;S
20241016;100349;0.6845;9000;11303026456;S
20241016;100355;0.6848;20000;11303027898;B
20241016;100406;0.6845;71000;11303030620;S
20241016;100406;0.6845;27000;11303030621;S
20241016;100410;0.6845;202000;11303031626;B
20241016;100412;0.6847;1000;11303032135;B
20241016;100416;0.6844;1000;11303032928;S
20241016;100416;0.6844;5000;11303032929;S
20241016;100416;0.6842;1000;11303032930;S
20241016;100416;0.6842;93000;11303032931;S
20241016;100419;0.6847;4000;11303033617;B
20241016;100421;0.6848;1000;11303034011;B
20241016;100421;0.6848;29000;11303034123;B
20241016;100421;0.6848;5000;11303034124;B
20241016;100421;0.6849;5000;11303034125;B
20241016;100421;0.6849;222000;11303034126;B
20241016;100421;0.685;20000;11303034127;B
20241016;100421;0.685;219000;11303034128;B
20241016;100423;0.685;31000;11303034627;B
20241016;100423;0.685;3000;11303034628;B
20241016;100427;0.6849;2000;11303035591;S
20241016;100429;0.6848;1000;11303036066;S
20241016;100430;0.685;10000;11303036218;B
20241016;100433;0.6851;5000;11303036964;B
20241016;100433;0.6851;100000;11303036965;B
20241016;100433;0.6852;1000;11303036966;B
20241016;100433;0.6852;100000;11303036967;B
20241016;100433;0.6853;50000;11303036968;B
20241016;100433;0.6854;44000;11303036969;B
20241016;100434;0.685;13000;11303037000;S
20241016;100434;0.6849;13000;11303037001;S
20241016;100434;0.6849;222000;11303037002;S
20241016;100434;0.6849;39000;11303037003;B
20241016;100437;0.6849;2000;11303037884;B
20241016;100437;0.6849;211000;11303037916;B
20241016;100438;0.685;50000;11303038067;S
20241016;100442;0.6851;30000;11303038853;S
20241016;100442;0.6851;3000;11303038854;S
20241016;100442;0.685;22000;11303038855;S
20241016;100444;0.685;1000;11303039360;S
20241016;100446;0.6851;35000;11303039944;S
20241016;100446;0.685;79000;11303039945;S
20241016;100447;0.6854;10000;11303040199;B
20241016;100448;0.6854;4000;11303040410;B
20241016;100449;0.6851;6000;11303040543;S
20241016;100452;0.6852;2000;11303041434;S
20241016;100452;0.6853;1000;11303041447;B
20241016;100455;0.6853;49000;11303042120;B
20241016;100455;0.6853;51000;11303042121;B
20241016;100458;0.6853;1000;11303042620;B
20241016;100458;0.6853;1000;11303042679;B
20241016;100501;0.6853;100000;11303043250;B
20241016;100502;0.6853;100000;11303043684;B
20241016;100504;0.6853;42000;11303043956;S
20241016;100504;0.6852;57000;11303043957;S
20241016;100504;0.6852;212000;11303043958;S
20241016;100504;0.6854;8000;11303043988;B
20241016;100505;0.6854;42000;11303044320;B
20241016;100505;0.6854;23000;11303044321;B
20241016;100511;0.6854;50000;11303045863;S
20241016;100511;0.6854;43000;11303045864;S
20241016;100511;0.6854;25000;11303045865;S
20241016;100511;0.6853;43000;11303045866;S
20241016;100511;0.6853;100000;11303045867;S
20241016;100511;0.6853;155000;11303045868;S
20241016;100513;0.6853;384000;11303046334;B
20241016;100513;0.6854;50000;11303046335;B
20241016;100513;0.6855;6000;11303046336;B
20241016;100516;0.6853;12000;11303046868;B
20241016;100516;0.6854;88000;11303046869;B
20241016;100519;0.6854;126000;11303047557;B
20241016;100519;0.6854;3000;11303047558;B
20241016;100519;0.6855;4000;11303047559;B
20241016;100519;0.6855;321000;11303047560;B
20241016;100519;0.6855;46000;11303047561;B
20241016;100521;0.6856;50000;11303048111;B
20241016;100521;0.6857;227000;11303048112;B
20241016;100521;0.6857;12000;11303048113;B
20241016;100521;0.6858;11000;11303048114;B
20241016;100523;0.6859;6000;11303048476;B
20241016;100525;0.6859;44000;11303048828;B
20241016;100525;0.6859;43000;11303048829;B
20241016;100525;0.686;1000;11303048830;B
20241016;100525;0.686;1000;11303048831;B
20241016;100525;0.686;1000;11303048832;B
20241016;100525;0.686;100000;11303048833;B
20241016;100525;0.686;2000;11303048834;B
20241016;100525;0.686;30000;11303048835;B
20241016;100525;0.686;11000;11303048836;B
20241016;100525;0.686;1000;11303048837;B
20241016;100525;0.686;40000;11303048838;B
20241016;100525;0.686;25000;11303048839;B
20241016;100525;0.686;43000;11303048840;B
20241016;100525;0.6861;1000;11303048841;B
20241016;100525;0.6861;10000;11303048842;B
20241016;100525;0.6861;5000;11303048843;B
20241016;100525;0.6861;500000;11303048844;B
20241016;100525;0.6862;5000;11303048845;B
20241016;100525;0.6863;1000;11303048846;B
20241016;100525;0.6863;136000;11303048847;B
20241016;100525;0.6862;2000;11303048932;B
20241016;100526;0.6855;5000;11303049023;S
20241016;100526;0.6859;150000;11303049097;B
20241016;100529;0.6855;10000;11303049698;S
20241016;100530;0.6857;2000;11303049951;B
20241016;100530;0.6854;100000;11303050105;S
20241016;100531;0.6857;7000;11303050229;B
20241016;100532;0.6857;150000;11303050295;B
20241016;100534;0.6854;1000;11303050740;S
20241016;100534;0.6853;3000;11303050741;S
20241016;100534;0.6853;45000;11303050742;S
20241016;100534;0.6853;55000;11303050743;S
20241016;100534;0.6853;30000;11303050744;S
20241016;100534;0.6852;377000;11303050745;S
20241016;100534;0.6852;81000;11303050746;S
20241016;100534;0.6852;330000;11303050747;S
20241016;100534;0.6852;11000;11303050748;S
20241016;100534;0.6852;55000;11303050749;S
20241016;100535;0.6853;1000;11303050910;S
20241016;100535;0.6851;8000;11303050911;S
20241016;100538;0.6856;46000;11303051402;B
20241016;100539;0.6856;4000;11303051560;B
20241016;100539;0.6856;3000;11303051561;B
20241016;100539;0.6856;93000;11303051562;B
20241016;100539;0.6857;290000;11303051595;B
20241016;100539;0.6858;31000;11303051596;B
20241016;100539;0.6858;108000;11303051597;B
20241016;100539;0.6859;400000;11303051598;B
20241016;100539;0.6859;171000;11303051599;B
20241016;100540;0.6855;1000;11303051775;S
20241016;100540;0.6855;29000;11303051776;S
20241016;100541;0.6855;20000;11303051969;B
20241016;100545;0.6853;1000;11303052698;S
20241016;100545;0.6853;300000;11303052699;S
20241016;100545;0.6853;45000;11303052700;S
20241016;100545;0.6852;37000;11303052701;S
20241016;100545;0.6851;1000;11303052702;S
20241016;100545;0.6851;616000;11303052703;S
20241016;100545;0.6854;50000;11303052796;B
20241016;100545;0.6854;40000;11303052797;B
20241016;100545;0.6855;678000;11303052798;B
20241016;100546;0.6855;24000;11303052866;B
20241016;100546;0.6854;100000;11303052891;S
20241016;100546;0.6855;1000;11303052892;B
20241016;100547;0.6852;148000;11303053279;S
20241016;100547;0.6852;42000;11303053280;S
20241016;100550;0.6852;180000;11303053613;S
20241016;100550;0.6851;384000;11303053614;S
20241016;100550;0.685;436000;11303053615;S
20241016;100550;0.6854;1000;11303053640;B
20241016;100551;0.685;1000;11303053860;S
20241016;100551;0.685;1000;11303053861;S
20241016;100551;0.685;12000;11303053862;S
20241016;100551;0.6848;41000;11303053863;S
20241016;100551;0.6847;222000;11303053864;S
20241016;100551;0.6846;1000;11303053865;S
20241016;100551;0.6846;20000;11303053866;S
20241016;100551;0.6846;100000;11303053867;S
20241016;100551;0.6845;602000;11303053868;S
20241016;100552;0.6854;1000;11303053957;B
20241016;100552;0.6853;5000;11303054032;B
20241016;100552;0.6851;1000;11303054111;S
20241016;100552;0.6851;7000;11303054112;S
20241016;100552;0.685;2000;11303054113;S
20241016;100553;0.685;1000;11303054161;S
20241016;100554;0.6851;20000;11303054374;B
20241016;100554;0.6853;80000;11303054375;B
20241016;100554;0.6853;14000;11303054452;B
20241016;100558;0.6852;4000;11303055039;S
20241016;100558;0.6851;19000;11303055040;S
20241016;100558;0.685;476000;11303055041;S
20241016;100558;0.6853;1000;11303055061;B
20241016;100558;0.685;10000;11303055183;S
20241016;100559;0.6853;4000;11303055249;B
20241016;100559;0.6853;145000;11303055371;B
20241016;100559;0.6854;155000;11303055372;B
20241016;100600;0.685;200000;11303055481;S
20241016;100602;0.685;50000;11303055903;S
20241016;100606;0.6853;3000;11303056789;B
20241016;100606;0.6853;75000;11303056790;B
20241016;100609;0.685;8000;11303057342;S
20241016;100613;0.685;15000;11303058185;S
20241016;100614;0.6852;100000;11303058385;B
20241016;100614;0.6852;44000;11303058386;B
20241016;100614;0.6853;44000;11303058387;B
20241016;100614;0.6854;50000;11303058388;B
20241016;100614;0.6854;38000;11303058389;B
20241016;100614;0.6855;24000;11303058390;B
20241016;100615;0.6851;1000;11303058813;S
20241016;100615;0.6851;3000;11303058814;S
20241016;100615;0.6854;19000;11303058840;B
20241016;100615;0.6854;11000;11303058841;B
20241016;100615;0.6853;9000;11303059031;B
20241016;100615;0.6854;137000;11303059032;B
20241016;100615;0.6854;70000;11303059033;B
20241016;100615;0.6855;222000;11303059034;B
20241016;100615;0.6855;20000;11303059035;B
20241016;100615;0.6856;42000;11303059036;B
20241016;100616;0.6851;9000;11303059248;S
20241016;100625;0.685;171000;11303060615;S
20241016;100631;0.6851;1000;11303061822;B
20241016;100632;0.685;67000;11303061981;S
20241016;100632;0.685;3000;11303061982;S
20241016;100632;0.685;100000;11303061983;S
20241016;100632;0.685;300000;11303061984;S
20241016;100632;0.685;1000;11303061985;S
20241016;100636;0.6849;37000;11303062622;B
20241016;100636;0.685;63000;11303062623;B
20241016;100638;0.6846;3000;11303063087;S
20241016;100646;0.6846;17000;11303064751;S
20241016;100646;0.6846;1000;11303064752;S
20241016;100646;0.6846;62000;11303064753;S
20241016;100646;0.685;100000;11303064813;B
20241016;100647;0.685;1000;11303065049;B
20241016;100653;0.685;10000;11303065928;B
20241016;100655;0.6846;5000;11303066442;S
20241016;100656;0.6846;146000;11303066578;S
20241016;100656;0.6846;37000;11303066579;S
20241016;100656;0.6845;410000;11303066580;S
20241016;100656;0.6845;222000;11303066581;S
20241016;100657;0.6846;1000;11303066794;B
20241016;100657;0.6846;10000;11303066808;B
20241016;100659;0.6845;53000;11303067194;S
20241016;100705;0.6845;1000;11303068228;S
20241016;100706;0.6846;1000;11303068514;B
20241016;100708;0.6846;5000;11303068895;B
20241016;100710;0.6849;15000;11303069417;B
20241016;100712;0.6845;984000;11303069823;S
20241016;100712;0.6845;7000;11303069824;S
20241016;100712;0.6845;1000;11303069825;S
20241016;100712;0.6845;16000;11303069826;S
20241016;100712;0.6845;492000;11303069827;S
20241016;100712;0.6845;96000;11303069828;S
20241016;100712;0.6845;199000;11303069829;S
20241016;100712;0.6845;71000;11303069830;S
20241016;100713;0.6841;47000;11303070072;S
20241016;100713;0.684;2000;11303070076;S
20241016;100713;0.6839;2000;11303070077;S
20241016;100713;0.6839;1000;11303070078;S
20241016;100713;0.6836;30000;11303070079;S
20241016;100713;0.6835;10000;11303070080;S
20241016;100713;0.6835;52000;11303070081;S
20241016;100713;0.6832;2000;11303070082;S
20241016;100713;0.6832;1000;11303070083;S
20241016;100713;0.683;434000;11303070084;S
20241016;100714;0.684;7000;11303070114;B
20241016;100714;0.6837;72000;11303070152;S
20241016;100714;0.6834;38000;11303070153;S
20241016;100714;0.6833;18000;11303070154;S
20241016;100714;0.683;1000;11303070165;S
20241016;100714;0.683;1000;11303070166;S
20241016;100714;0.683;64000;11303070200;S
20241016;100714;0.683;20000;11303070201;S
20241016;100714;0.6826;1000;11303070202;S
20241016;100714;0.6821;4000;11303070234;S
20241016;100714;0.6818;5000;11303070235;S
20241016;100714;0.6818;5000;11303070236;S
20241016;100714;0.6817;5000;11303070237;S
20241016;100714;0.6817;181000;11303070238;S
20241016;100715;0.6821;54000;11303070356;S
20241016;100715;0.682;100000;11303070357;S
20241016;100715;0.682;46000;11303070358;S
20241016;100719;0.6832;1000;11303071329;B
20241016;100724;0.6824;10000;11303072343;S
20241016;100724;0.6824;5000;11303072344;S
20241016;100725;0.6824;20000;11303072594;B
20241016;100727;0.6821;20000;11303072918;S
20241016;100727;0.6821;1000;11303072919;S
20241016;100727;0.6819;5000;11303072920;S
20241016;100728;0.682;57000;11303073073;B
20241016;100728;0.6822;10000;11303073074;B
20241016;100728;0.6823;5000;11303073075;B
20241016;100728;0.6824;135000;11303073076;B
20241016;100728;0.6824;30000;11303073077;B
20241016;100728;0.683;10000;11303073082;B
20241016;100728;0.6832;50000;11303073083;B
20241016;100728;0.6833;1000;11303073084;B
20241016;100728;0.6833;5000;11303073085;B
20241016;100740;0.683;20000;11303075044;B
20241016;100740;0.6831;5000;11303075045;B
20241016;100740;0.6832;50000;11303075046;B
20241016;100740;0.6832;32000;11303075047;B
20241016;100740;0.6833;150000;11303075048;S
20241016;100743;0.6833;50000;11303075513;S
20241016;100748;0.6831;100000;11303076454;B
20241016;100755;0.6831;3000;11303077746;B
20241016;100806;0.6829;24000;11303080196;B
20241016;100806;0.683;26000;11303080197;B
20241016;100806;0.6826;10000;11303080216;S
20241016;100806;0.683;1000;11303080217;B
20241016;100812;0.6829;2000;11303081175;B
20241016;100815;0.6829;5000;11303081857;B
20241016;100817;0.683;100000;11303082113;B
20241016;100817;0.683;122000;11303082200;B
20241016;100817;0.6831;178000;11303082201;B
20241016;100819;0.683;19000;11303082499;B
20241016;100819;0.6831;81000;11303082500;B
20241016;100822;0.6831;2000;11303082909;B
20241016;100823;0.6828;1000;11303083032;S
20241016;100826;0.683;5000;11303083652;B
20241016;100826;0.683;11000;11303083653;B
20241016;100826;0.683;4000;11303083654;B
20241016;100831;0.6831;10000;11303084418;B
20241016;100831;0.6827;1000;11303084544;S
20241016;100831;0.6827;2000;11303084545;S
20241016;100831;0.6827;97000;11303084546;S
20241016;100834;0.6827;31000;11303084962;S
20241016;100842;0.6831;292000;11303086582;B
20241016;100842;0.6831;8000;11303086583;B
20241016;100843;0.6833;1000;11303086806;B
20241016;100845;0.6828;180000;11303087033;S
20241016;100848;0.6833;1000;11303087691;B
20241016;100848;0.6833;3000;11303087698;B
20241016;100848;0.6835;7000;11303087699;B
20241016;100907;0.6834;10000;11303090514;B
20241016;100910;0.6831;3000;11303091118;S
20241016;100913;0.6835;100000;11303091819;B
20241016;100913;0.6835;13000;11303091820;B
20241016;100913;0.6836;58000;11303091821;B
20241016;100913;0.6836;15000;11303091822;B
20241016;100913;0.6837;15000;11303091823;B
20241016;100913;0.684;200000;11303091824;B
20241016;100916;0.684;15000;11303092358;S
20241016;100922;0.684;84000;11303093191;S
20241016;100922;0.684;8000;11303093192;S
20241016;100923;0.684;2000;11303093324;B
20241016;100927;0.6839;3000;11303093986;B
20241016;100928;0.684;1000;11303094126;B
20241016;100934;0.684;20000;11303095222;B
20241016;100938;0.684;3000;11303095994;B
20241016;100943;0.684;32000;11303096977;B
20241016;100946;0.6839;5000;11303097362;B
20241016;100946;0.684;10000;11303097363;B
20241016;100950;0.6839;2000;11303098100;B
20241016;100950;0.684;6000;11303098101;B
20241016;100959;0.6839;1000;11303099820;B
20241016;100959;0.684;9000;11303099821;B
20241016;101010;0.6836;1000;11303101801;B
20241016;101011;0.6836;1000;11303101841;B
20241016;101012;0.6835;16000;11303102132;S
20241016;101012;0.6836;3000;11303102198;B
20241016;101012;0.6836;10000;11303102199;B
20241016;101012;0.6836;3000;11303102200;B
20241016;101012;0.6837;24000;11303102201;B
20241016;101015;0.6835;2000;11303102637;S
20241016;101015;0.6835;1000;11303102758;S
20241016;101016;0.6836;4000;11303102831;B
20241016;101019;0.6836;4000;11303103376;B
20241016;101020;0.6836;5000;11303103527;B
20241016;101023;0.6836;6000;11303103897;B
20241016;101023;0.6836;1000;11303103898;B
20241016;101023;0.6837;3000;11303103899;B
20241016;101023;0.6837;14000;11303103900;B
20241016;101024;0.6835;4000;11303104148;S
20241016;101030;0.6836;1000;11303105523;B
20241016;101032;0.6837;86000;11303105817;B
20241016;101032;0.6837;35000;11303105818;B
20241016;101032;0.6838;126000;11303105819;B
20241016;101032;0.6839;53000;11303105820;B
20241016;101041;0.6839;72000;11303107432;B
20241016;101042;0.6839;174000;11303107468;B
20241016;101042;0.6839;10000;11303107469;B
20241016;101042;0.6839;16000;11303107470;B
20241016;101047;0.6838;10000;11303108289;B
20241016;101047;0.6839;4000;11303108290;B
20241016;101047;0.6839;35000;11303108291;B
20241016;101047;0.6839;20000;11303108292;B
20241016;101047;0.684;4000;11303108293;B
20241016;101101;0.6839;7000;11303110790;B
20241016;101101;0.6839;35000;11303110791;B
20241016;101101;0.684;58000;11303110792;B
20241016;101101;0.684;10000;11303110849;B
20241016;101104;0.684;100000;11303111119;B
20241016;101105;0.684;10000;11303111346;B
20241016;101109;0.6839;1000;11303111921;B
20241016;101117;0.6839;1000;11303113060;B
20241016;101124;0.6839;28000;11303113911;B
20241016;101124;0.6839;20000;11303113912;B
20241016;101124;0.684;452000;11303113913;B
20241016;101129;0.684;20000;11303114564;B
20241016;101133;0.684;146000;11303115088;B
20241016;101133;0.684;70000;11303115092;B
20241016;101133;0.684;163000;11303115096;B
20241016;101133;0.684;95000;11303115097;B
20241016;101133;0.684;3000;11303115098;B
20241016;101133;0.684;4000;11303115099;B
20241016;101133;0.6843;35000;11303115101;B
20241016;101133;0.6845;100000;11303115111;B
20241016;101133;0.6846;5000;11303115119;B
20241016;101133;0.6847;81000;11303115126;B
20241016;101134;0.6846;2000;11303115307;B
20241016;101139;0.6846;3000;11303116152;B
20241016;101140;0.6846;1000;11303116161;B
20241016;101147;0.6846;1000;11303117183;B
20241016;101150;0.684;5000;11303117720;S
20241016;101150;0.684;185000;11303117721;S
20241016;101154;0.6846;2000;11303118469;B
20241016;101205;0.6844;1000;11303120165;B
20241016;101211;0.6844;4000;11303121144;B
20241016;101211;0.6844;146000;11303121145;B
20241016;101217;0.684;9000;11303121918;S
20241016;101219;0.684;28000;11303122157;S
20241016;101219;0.684;2000;11303122158;S
20241016;101219;0.684;120000;11303122159;S
20241016;101224;0.684;15000;11303122918;S
20241016;101227;0.684;9000;11303123283;S
20241016;101227;0.684;210000;11303123286;S
20241016;101235;0.6843;33000;11303124311;B
20241016;101240;0.684;1000;11303124960;S
20241016;101243;0.684;150000;11303125268;S
20241016;101244;0.6843;10000;11303125446;B
20241016;101250;0.6843;3000;11303126028;B
20241016;101251;0.6843;5000;11303126213;B
20241016;101258;0.6843;40000;11303127122;B
20241016;101302;0.6841;3000;11303127648;S
20241016;101318;0.6841;6000;11303130053;S
20241016;101320;0.6841;1000;11303130241;S
20241016;101327;0.6841;7000;11303131292;S
20241016;101327;0.6841;10000;11303131293;S
20241016;101329;0.6841;20000;11303131549;B
20241016;101330;0.6841;1000;11303131655;B
20241016;101330;0.684;200000;11303131691;S
20241016;101333;0.684;2000;11303132128;S
20241016;101337;0.6841;17000;11303132805;B
20241016;101337;0.6843;9000;11303132806;B
20241016;101337;0.6843;10000;11303132807;B
20241016;101337;0.6843;114000;11303132808;B
20241016;101341;0.684;1000;11303133498;S
20241016;101343;0.684;60000;11303133826;S
20241016;101348;0.6841;2000;11303134623;S
20241016;101356;0.6843;26000;11303136130;B
20241016;101358;0.6843;1000;11303136486;B
20241016;101359;0.6843;9000;11303136665;B
20241016;101359;0.6843;1000;11303136666;B
20241016;101402;0.6843;49000;11303137156;B
20241016;101402;0.6843;10000;11303137157;B
20241016;101402;0.6844;91000;11303137158;B
20241016;101402;0.6842;5000;11303137225;S
20241016;101414;0.6843;1000;11303138689;B
20241016;101415;0.6843;10000;11303138964;B
20241016;101418;0.6843;59000;11303139301;B
20241016;101421;0.6843;3000;11303139700;B
20241016;101429;0.6844;5000;11303140690;B
20241016;101436;0.6844;100000;11303141761;B
20241016;101438;0.6844;5000;11303142075;B
20241016;101438;0.6843;3000;11303142085;S
20241016;101439;0.6844;150000;11303142297;B
20241016;101439;0.6843;1000;11303142298;S
20241016;101440;0.6843;31000;11303142364;S
20241016;101440;0.6843;2000;11303142365;S
20241016;101440;0.6843;17000;11303142366;B
20241016;101443;0.6844;38000;11303142921;B
20241016;101443;0.6845;500000;11303142922;B
20241016;101443;0.6845;100000;11303142923;B
20241016;101443;0.6846;302000;11303142924;B
20241016;101443;0.6846;120000;11303142925;B
20241016;101443;0.6846;40000;11303142926;B
20241016;101443;0.6847;150000;11303142927;B
20241016;101443;0.6847;100000;11303142928;B
20241016;101443;0.6847;8000;11303142929;B
20241016;101443;0.6848;50000;11303142930;B
20241016;101443;0.6848;10000;11303142931;B
20241016;101443;0.6848;82000;11303142932;B
20241016;101446;0.6848;18000;11303143293;B
20241016;101446;0.6849;100000;11303143294;B
20241016;101446;0.6849;122000;11303143295;B
20241016;101446;0.6849;78000;11303143297;B
20241016;101448;0.6849;19000;11303143559;B
20241016;101448;0.685;155000;11303143560;B
20241016;101448;0.685;7000;11303143561;B
20241016;101448;0.685;500000;11303143562;B
20241016;101448;0.685;100000;11303143563;B
20241016;101448;0.685;4000;11303143564;B
20241016;101448;0.685;1000;11303143565;B
20241016;101448;0.685;150000;11303143566;B
20241016;101448;0.6851;13000;11303143567;B
20241016;101448;0.6851;25000;11303143568;B
20241016;101448;0.6852;25000;11303143569;B
20241016;101448;0.6853;1000;11303143570;B
20241016;101448;0.6853;99000;11303143630;B
20241016;101448;0.6853;100000;11303143631;B
20241016;101448;0.6854;51000;11303143632;B
20241016;101456;0.6854;1000;11303145301;B
20241016;101457;0.6854;98000;11303145403;B
20241016;101457;0.6854;2000;11303145404;B
20241016;101457;0.6855;3000;11303145405;B
20241016;101457;0.6855;47000;11303145406;B
20241016;101500;0.6855;1000;11303146328;B
20241016;101502;0.6854;45000;11303146808;B
20241016;101503;0.6854;3000;11303147029;B
20241016;101506;0.6854;1000;11303147510;B
20241016;101506;0.6854;10000;11303147577;B
20241016;101507;0.6854;3000;11303147691;B
20241016;101507;0.6854;1000;11303147838;B
20241016;101507;0.6854;1000;11303147875;B
20241016;101509;0.6854;16000;11303148204;B
20241016;101509;0.6855;44000;11303148205;B
20241016;101509;0.6855;30000;11303148345;B
20241016;101510;0.6855;10000;11303148415;B
20241016;101510;0.6855;1000;11303148491;B
20241016;101510;0.6855;2000;11303148545;B
20241016;101510;0.6855;4000;11303148593;B
20241016;101510;0.6855;2000;11303148624;B
20241016;101510;0.6855;1000;11303148625;B
20241016;101510;0.6856;7000;11303148626;B
20241016;101511;0.6856;7000;11303148709;B
20241016;101511;0.6856;2000;11303148710;B
20241016;101511;0.6856;5000;11303148712;B
20241016;101511;0.6856;1000;11303148724;B
20241016;101511;0.6856;3000;11303148803;B
20241016;101511;0.6856;2000;11303148853;B
20241016;101511;0.685;2000;11303148880;S
20241016;101511;0.6856;1000;11303148915;B
20241016;101511;0.6856;1000;11303148997;B
20241016;101512;0.6856;1000;11303149113;B
20241016;101512;0.685;2000;11303149122;S
20241016;101512;0.6856;3000;11303149148;B
20241016;101512;0.6856;10000;11303149244;B
20241016;101512;0.6856;1000;11303149292;B
20241016;101512;0.6856;1000;11303149400;B
20241016;101513;0.6856;1000;11303149552;B
20241016;101513;0.6852;5000;11303149970;S
20241016;101513;0.6852;3000;11303149971;S
20241016;101513;0.6851;5000;11303149972;S
20241016;101513;0.6851;8000;11303149973;S
20241016;101513;0.6851;17000;11303149974;S
20241016;101513;0.6856;1000;11303149977;B
20241016;101513;0.6856;4000;11303149988;B
20241016;101514;0.6856;10000;11303150041;B
20241016;101514;0.6856;1000;11303150111;B
20241016;101514;0.6849;7000;11303150202;S
20241016;101514;0.6856;1000;11303150203;B
20241016;101514;0.6856;1000;11303150205;B
20241016;101514;0.6849;2000;11303150218;S
20241016;101514;0.6856;2000;11303150371;B
20241016;101515;0.6855;1000;11303150568;B
20241016;101515;0.6855;1000;11303150833;B
20241016;101515;0.6849;1000;11303150846;S
20241016;101517;0.6849;8000;11303151305;S
20241016;101517;0.6855;6000;11303151446;B
20241016;101517;0.6855;5000;11303151447;B
20241016;101517;0.6856;7000;11303151448;B
20241016;101517;0.6849;1000;11303151528;S
20241016;101517;0.6855;1000;11303151634;B
20241016;101520;0.6855;4000;11303152456;B
20241016;101520;0.6856;8000;11303152457;B
20241016;101521;0.6856;2000;11303152732;B
20241016;101521;0.6851;1000;11303152774;S
20241016;101522;0.6856;1000;11303152878;B
20241016;101522;0.6855;2000;11303152888;B
20241016;101522;0.6856;5000;11303152889;B
20241016;101522;0.6856;177000;11303152989;B
20241016;101522;0.6856;4000;11303153004;B
20241016;101522;0.6855;1000;11303153039;B
20241016;101522;0.6856;2000;11303153040;B
20241016;101522;0.6856;50000;11303153071;B
20241016;101523;0.6856;4000;11303153122;B
20241016;101523;0.6856;4000;11303153255;B
20241016;101523;0.6856;1000;11303153268;B
20241016;101523;0.6856;12000;11303153282;B
20241016;101523;0.6851;1000;11303153332;S
20241016;101524;0.6851;1000;11303153427;S
20241016;101524;0.6856;5000;11303153624;B
20241016;101525;0.6855;1000;11303153644;B
20241016;101525;0.6855;1000;11303153663;B
20241016;101525;0.6856;4000;11303153664;B
20241016;101525;0.6856;4000;11303153708;B
20241016;101525;0.6855;4000;11303153856;B
20241016;101525;0.6855;2000;11303153940;B
20241016;101526;0.6855;10000;11303154026;B
20241016;101526;0.6855;3000;11303154039;B
20241016;101526;0.6855;10000;11303154145;B
20241016;101527;0.685;2000;11303154266;S
20241016;101527;0.6855;13000;11303154286;B
20241016;101527;0.6851;1000;11303154530;S
20241016;101528;0.6855;4000;11303154589;B
20241016;101528;0.6855;2000;11303154633;B
20241016;101528;0.6855;20000;11303154634;B
20241016;101528;0.6855;32000;11303154683;B
20241016;101528;0.6855;3000;11303154752;S
20241016;101528;0.6856;4000;11303154792;B
20241016;101528;0.6855;1000;11303154793;S
20241016;101529;0.6856;3000;11303154853;B
20241016;101529;0.6856;3000;11303154985;B
20241016;101529;0.6856;9000;11303155009;B
20241016;101529;0.6856;11000;11303155043;B
20241016;101529;0.6856;7000;11303155046;B
20241016;101529;0.6855;1000;11303155066;S
20241016;101530;0.6856;3000;11303155111;B
20241016;101530;0.6856;8000;11303155358;B
20241016;101530;0.6855;1000;11303155466;S
20241016;101530;0.6856;11000;11303155523;B
20241016;101531;0.6856;2000;11303155761;B
20241016;101532;0.6855;1000;11303155856;S
20241016;101532;0.6856;2000;11303155900;B
20241016;101532;0.6856;3000;11303155937;B
20241016;101532;0.6856;3000;11303155938;B
20241016;101533;0.6856;4000;11303156250;B
20241016;101533;0.6856;2000;11303156294;B
20241016;101534;0.6856;2000;11303156393;B
20241016;101534;0.6856;8000;11303156453;B
20241016;101534;0.6856;7000;11303156462;B
20241016;101534;0.6855;1000;11303156467;S
20241016;101534;0.6856;2000;11303156485;B
20241016;101535;0.6855;2000;11303156790;S
20241016;101535;0.6856;2000;11303156843;B
20241016;101535;0.6856;6000;11303156917;B
20241016;101537;0.6856;5000;11303157349;B
20241016;101537;0.6856;1000;11303157368;B
20241016;101537;0.6856;4000;11303157369;B
20241016;101538;0.6856;4000;11303157400;B
20241016;101538;0.6856;2000;11303157497;B
20241016;101538;0.6856;256000;11303157529;B
20241016;101538;0.6856;3000;11303157530;B
20241016;101538;0.6856;41000;11303157531;B
20241016;101539;0.6856;2000;11303157595;B
20241016;101539;0.6856;3000;11303157679;B
20241016;101539;0.6856;1000;11303157827;B
20241016;101539;0.6856;1000;11303157843;B
20241016;101540;0.6856;5000;11303157958;B
20241016;101541;0.6856;2000;11303158038;B
20241016;101541;0.6855;5000;11303158051;S
20241016;101541;0.6856;45000;11303158237;B
20241016;101541;0.6856;1000;11303158238;B
20241016;101541;0.6856;1000;11303158239;B
20241016;101541;0.6856;2000;11303158240;B
20241016;101541;0.6857;1000;11303158241;B
20241016;101541;0.6857;5000;11303158242;B
20241016;101541;0.6857;100000;11303158305;B
20241016;101542;0.6857;250000;11303158416;B
20241016;101542;0.6857;120000;11303158426;B
20241016;101542;0.6857;1000;11303158434;B
20241016;101543;0.6857;4000;11303158552;B
20241016;101543;0.6857;3000;11303158675;B
20241016;101543;0.6857;150000;11303158799;B
20241016;101544;0.6857;1000;11303158870;B
20241016;101544;0.6857;3000;11303158942;B
20241016;101545;0.6856;1000;11303159304;S
20241016;101546;0.6856;1000;11303159506;S
20241016;101547;0.6856;1000;11303159839;S
20241016;101547;0.6857;1000;11303159868;B
20241016;101548;0.6857;25000;11303159932;B
20241016;101548;0.6857;1000;11303160069;B
20241016;101549;0.6857;2000;11303160278;B
20241016;101549;0.6857;687000;11303160293;B
20241016;101549;0.6857;675000;11303160294;B
20241016;101549;0.6857;241000;11303160296;B
20241016;101549;0.6857;59000;11303160297;B
20241016;101549;0.6857;4000;11303160298;B
20241016;101549;0.6857;87000;11303160300;B
20241016;101549;0.6858;1000;11303160301;B
20241016;101549;0.6858;50000;11303160302;B
20241016;101549;0.686;4000;11303160368;B
20241016;101550;0.686;1000;11303160636;B
20241016;101551;0.686;12000;11303160827;B
20241016;101552;0.6858;35000;11303161010;S
20241016;101552;0.686;1000;11303161026;B
20241016;101553;0.686;30000;11303161133;B
20241016;101554;0.6858;1000;11303161503;S
20241016;101554;0.6858;3000;11303161504;S
20241016;101554;0.6858;16000;11303161505;S
20241016;101555;0.6858;1000;11303161800;S
20241016;101557;0.686;5000;11303162445;B
20241016;101557;0.686;3000;11303162516;B
20241016;101557;0.686;250000;11303162725;B
20241016;101557;0.686;1000;11303162747;B
20241016;101559;0.686;1000;11303163535;B
20241016;101603;0.6858;18000;11303164755;S
20241016;101603;0.6858;100000;11303164756;S
20241016;101603;0.6857;4000;11303164757;S
20241016;101606;0.686;2000;11303166203;B
20241016;101608;0.686;3000;11303167000;B
20241016;101611;0.6858;7000;11303167959;S
20241016;101612;0.6859;2000;11303168250;B
20241016;101614;0.6859;2000;11303168774;B
20241016;101615;0.6859;3000;11303169214;B
20241016;101616;0.6859;2000;11303169252;B
20241016;101617;0.6859;10000;11303169561;B
20241016;101618;0.6857;1000;11303169799;S
20241016;101618;0.6859;5000;11303169826;B
20241016;101618;0.686;25000;11303169827;B
20241016;101619;0.6859;5000;11303170077;B
20241016;101620;0.6859;1000;11303170268;B
20241016;101621;0.6859;7000;11303170630;B
20241016;101624;0.6857;1000;11303171034;S
20241016;101625;0.6859;1000;11303171205;B
20241016;101625;0.6859;97000;11303171265;B
20241016;101625;0.686;515000;11303171266;B
20241016;101625;0.686;50000;11303171267;B
20241016;101625;0.686;1000;11303171268;B
20241016;101625;0.686;120000;11303171269;B
20241016;101625;0.686;20000;11303171270;B
20241016;101625;0.686;69000;11303171271;B
20241016;101625;0.6861;150000;11303171272;B
20241016;101625;0.6861;15000;11303171273;B
20241016;101625;0.6862;28000;11303171274;B
20241016;101625;0.6862;1000;11303171275;B
20241016;101625;0.6863;864000;11303171276;B
20241016;101625;0.6864;1000;11303171277;B
20241016;101625;0.6865;1000;11303171278;B
20241016;101625;0.6866;1000;11303171279;B
20241016;101625;0.6866;67000;11303171280;B
20241016;101625;0.6858;222000;11303171366;S
20241016;101625;0.6858;18000;11303171367;S
20241016;101627;0.6857;9000;11303171902;S
20241016;101627;0.6857;1000;11303171903;S
20241016;101629;0.6862;20000;11303172386;B
20241016;101629;0.6862;1000;11303172387;B
20241016;101629;0.6862;2000;11303172388;B
20241016;101629;0.6863;46000;11303172389;B
20241016;101629;0.6863;82000;11303172390;B
20241016;101633;0.686;2000;11303173291;B
20241016;101634;0.6861;1000;11303173460;B
20241016;101635;0.6861;4000;11303173644;B
20241016;101635;0.6862;108000;11303173645;B
20241016;101639;0.6862;19000;11303174186;B
20241016;101639;0.6862;1000;11303174368;B
20241016;101639;0.6862;2000;11303174385;B
20241016;101641;0.6862;10000;11303174631;B
20241016;101642;0.6862;8000;11303174721;B
20241016;101642;0.6862;1000;11303174791;B
20241016;101642;0.686;1000;11303174811;S
20241016;101643;0.6862;2000;11303175012;B
20241016;101644;0.6862;1000;11303175091;B
20241016;101645;0.6862;2000;11303175263;B
20241016;101647;0.6862;1000;11303175466;B
20241016;101647;0.6862;8000;11303175489;B
20241016;101647;0.6862;7000;11303175492;B
20241016;101647;0.6862;5000;11303175493;B
20241016;101647;0.6862;3000;11303175494;B
20241016;101649;0.6862;1000;11303175721;S
20241016;101652;0.6863;1000;11303176374;B
20241016;101653;0.6863;1000;11303176461;B
20241016;101653;0.6866;50000;11303176462;B
20241016;101653;0.6866;30000;11303176463;B
20241016;101653;0.6866;1000;11303176464;B
20241016;101653;0.6866;140000;11303176465;B
20241016;101653;0.6866;148000;11303176466;B
20241016;101653;0.6867;1000;11303176467;B
20241016;101653;0.6867;29000;11303176468;B
20241016;101653;0.6866;1000;11303176486;B
20241016;101653;0.6866;67000;11303176499;B
20241016;101653;0.6867;471000;11303176500;B
20241016;101653;0.6868;1000;11303176501;B
20241016;101653;0.6869;1000;11303176502;B
20241016;101653;0.6869;1000;11303176503;B
20241016;101653;0.6869;35000;11303176504;B
20241016;101653;0.687;2000;11303176505;B
20241016;101653;0.687;177000;11303176506;B
20241016;101654;0.6869;2000;11303176745;B
20241016;101654;0.687;248000;11303176746;B
20241016;101655;0.687;5000;11303176864;B
20241016;101658;0.687;1000;11303177180;B
20241016;101701;0.687;1000;11303177561;B
20241016;101701;0.6865;1000;11303177880;S
20241016;101704;0.687;3000;11303178274;B
20241016;101704;0.687;2000;11303178344;B
20241016;101705;0.687;7000;11303178471;B
20241016;101705;0.687;22000;11303178504;B
20241016;101706;0.687;6000;11303178577;B
20241016;101713;0.6866;20000;11303179717;S
20241016;101717;0.6863;14000;11303180558;B
20241016;101725;0.687;10000;11303182101;B
20241016;101728;0.687;11000;11303182440;B
20241016;101735;0.687;3000;11303183446;B
20241016;101737;0.687;4000;11303184242;B
20241016;101737;0.687;1000;11303184243;B
20241016;101737;0.687;10000;11303184244;B
20241016;101738;0.6866;1000;11303184792;S
20241016;101740;0.687;1000;11303185672;B
20241016;101740;0.687;666000;11303185678;B
20241016;101740;0.687;20000;11303185679;B
20241016;101740;0.687;1000;11303185680;B
20241016;101740;0.687;10000;11303185681;B
20241016;101743;0.687;16000;11303186626;S
20241016;101749;0.687;29000;11303189014;B
20241016;101749;0.687;55000;11303189052;B
20241016;101749;0.6871;1000;11303189053;B
20241016;101749;0.6871;1000;11303189054;B
20241016;101749;0.6871;1000;11303189055;B
20241016;101749;0.6872;2000;11303189056;B
20241016;101754;0.6869;2000;11303190921;S
20241016;101755;0.687;1000;11303190988;B
20241016;101755;0.6872;2000;11303190989;B
20241016;101758;0.6872;168000;11303192022;B
20241016;101758;0.6872;33000;11303192023;B
20241016;101758;0.6872;4000;11303192024;B
20241016;101758;0.6874;1000;11303192025;B
20241016;101758;0.6874;30000;11303192026;B
20241016;101758;0.6874;1000;11303192027;B
20241016;101758;0.6874;50000;11303192028;B
20241016;101758;0.6874;87000;11303192029;B
20241016;101758;0.6871;22000;11303192180;B
20241016;101803;0.687;1000;11303193800;S
20241016;101807;0.687;2000;11303194992;S
20241016;101811;0.6871;10000;11303196133;B
20241016;101812;0.6871;8000;11303196552;B
20241016;101812;0.6871;20000;11303196553;B
20241016;101812;0.6872;25000;11303196554;B
20241016;101812;0.6872;100000;11303196555;B
20241016;101812;0.6872;1000;11303196556;B
20241016;101812;0.6872;2000;11303196557;B
20241016;101812;0.6873;35000;11303196558;B
20241016;101812;0.6874;148000;11303196559;B
20241016;101812;0.6875;1000;11303196560;B
20241016;101812;0.6875;5000;11303196561;B
20241016;101812;0.6875;20000;11303196562;B
20241016;101812;0.6875;16000;11303196563;B
20241016;101816;0.687;3000;11303197401;S
20241016;101816;0.687;1000;11303197402;S
20241016;101816;0.687;7000;11303197403;S
20241016;101816;0.687;23000;11303197404;S
20241016;101816;0.6869;18000;11303197405;S
20241016;101816;0.6874;240000;11303197528;B
20241016;101816;0.6874;1000;11303197529;B
20241016;101816;0.6875;34000;11303197530;B
20241016;101816;0.6875;342000;11303197531;B
20241016;101816;0.6875;35000;11303197532;B
20241016;101816;0.6876;6000;11303197533;B
20241016;101816;0.6876;100000;11303197534;B
20241016;101816;0.6876;1000;11303197535;B
20241016;101816;0.6877;1000;11303197536;B
20241016;101816;0.6877;1000;11303197537;B
20241016;101816;0.6877;1000;11303197538;B
20241016;101816;0.6877;1000;11303197539;B
20241016;101816;0.6878;1000;11303197540;B
20241016;101816;0.6878;1000;11303197541;B
20241016;101816;0.6878;500000;11303197542;B
20241016;101816;0.6878;100000;11303197543;B
20241016;101816;0.6879;1000;11303197544;B
20241016;101816;0.6879;1000;11303197545;B
20241016;101816;0.6879;5000;11303197546;B
20241016;101816;0.688;3000;11303197547;B
20241016;101816;0.688;90000;11303197548;B
20241016;101816;0.688;171000;11303197549;B
20241016;101816;0.688;100000;11303197550;B
20241016;101816;0.688;1000;11303197551;B
20241016;101816;0.6882;39000;11303197552;B
20241016;101816;0.6882;50000;11303197553;B
20241016;101816;0.6882;100000;11303197554;B
20241016;101816;0.6883;50000;11303197555;B
20241016;101816;0.6883;1000;11303197556;B
20241016;101816;0.6883;30000;11303197557;B
20241016;101816;0.6883;1000;11303197558;B
20241016;101816;0.6883;1000;11303197559;B
20241016;101816;0.6883;502000;11303197560;B
20241016;101816;0.6884;80000;11303197561;B
20241016;101816;0.6884;1000;11303197562;B
20241016;101816;0.6885;1000;11303197563;B
20241016;101816;0.6885;407000;11303197564;B
20241016;101817;0.6873;1000;11303197695;S
20241016;101817;0.6873;19000;11303197800;S
20241016;101817;0.687;2000;11303197809;S
20241016;101817;0.687;10000;11303197810;S
20241016;101817;0.687;35000;11303197811;S
20241016;101817;0.6869;53000;11303197812;S
20241016;101817;0.6871;10000;11303197857;B
20241016;101820;0.6872;19000;11303198346;B
20241016;101821;0.6872;10000;11303198489;B
20241016;101822;0.6872;1000;11303198606;B
20241016;101823;0.6871;9000;11303198721;S
20241016;101823;0.687;30000;11303198722;S
20241016;101825;0.687;10000;11303199215;B
20241016;101828;0.6869;2000;11303199649;S
20241016;101829;0.687;51000;11303199776;B
20241016;101829;0.6871;45000;11303199777;B
20241016;101829;0.6872;4000;11303199778;B
20241016;101831;0.687;4000;11303200039;B
20241016;101832;0.6869;5000;11303200239;S
20241016;101833;0.6869;50000;11303200360;S
20241016;101833;0.6869;2000;11303200361;S
20241016;101833;0.6868;1000;11303200362;S
20241016;101833;0.6866;1000;11303200363;S
20241016;101833;0.6866;27000;11303200364;S
20241016;101833;0.6866;1000;11303200365;S
20241016;101833;0.6866;2000;11303200366;S
20241016;101833;0.6866;1000;11303200367;S
20241016;101834;0.6864;1000;11303200506;S
20241016;101834;0.6864;3000;11303200507;S
20241016;101834;0.6863;20000;11303200508;S
20241016;101834;0.6863;145000;11303200509;S
20241016;101834;0.6862;8000;11303200510;S
20241016;101834;0.6862;1000;11303200511;S
20241016;101834;0.6862;30000;11303200512;S
20241016;101834;0.6862;200000;11303200513;S
20241016;101834;0.6861;35000;11303200514;S
20241016;101834;0.686;15000;11303200515;S
20241016;101834;0.686;1000;11303200516;S
20241016;101834;0.686;1000;11303200517;S
20241016;101834;0.686;222000;11303200518;S
20241016;101834;0.686;68000;11303200519;S
20241016;101835;0.6859;1000;11303200672;S
20241016;101835;0.6859;3000;11303200673;S
20241016;101835;0.6859;1000;11303200674;S
20241016;101835;0.6858;1000;11303200675;S
20241016;101835;0.6858;2000;11303200676;S
20241016;101835;0.6858;5000;11303200677;S
20241016;101835;0.6858;1000;11303200678;S
20241016;101835;0.6858;10000;11303200679;S
20241016;101835;0.6858;1000;11303200680;S
20241016;101835;0.6858;15000;11303200681;S
20241016;101838;0.6858;1000;11303201138;S
20241016;101838;0.6858;1000;11303201139;S
20241016;101838;0.6858;1000;11303201140;S
20241016;101838;0.6858;1000;11303201141;S
20241016;101838;0.6858;1000;11303201142;S
20241016;101838;0.6858;4000;11303201143;S
20241016;101838;0.6858;15000;11303201144;S
20241016;101838;0.6858;2000;11303201148;S
20241016;101838;0.6858;1000;11303201149;S
20241016;101838;0.6858;1000;11303201150;S
20241016;101838;0.6858;1000;11303201151;S
20241016;101839;0.6858;1000;11303201153;S
20241016;101839;0.6858;1000;11303201154;S
20241016;101839;0.6858;1000;11303201155;S
20241016;101839;0.6858;1000;11303201156;S
20241016;101839;0.6858;2000;11303201157;S
20241016;101839;0.6858;1000;11303201158;S
20241016;101839;0.6858;1000;11303201160;S
20241016;101839;0.6858;3000;11303201161;S
20241016;101839;0.6858;1000;11303201162;S
20241016;101839;0.6858;1000;11303201163;S
20241016;101839;0.6858;2000;11303201165;S
20241016;101839;0.6858;2000;11303201166;S
20241016;101839;0.6858;1000;11303201167;S
20241016;101839;0.6858;1000;11303201168;S
20241016;101839;0.6858;1000;11303201169;S
20241016;101839;0.6858;1000;11303201170;S
20241016;101839;0.6858;1000;11303201171;S
20241016;101839;0.6858;1000;11303201172;S
20241016;101839;0.6858;1000;11303201174;S
20241016;101839;0.6858;1000;11303201180;S
20241016;101839;0.6858;4000;11303201181;S
20241016;101839;0.6858;1000;11303201182;S
20241016;101839;0.6858;2000;11303201183;S
20241016;101839;0.6858;2000;11303201184;S
20241016;101839;0.6858;1000;11303201185;S
20241016;101839;0.6858;8000;11303201186;S
20241016;101839;0.6858;2000;11303201187;S
20241016;101839;0.6858;1000;11303201188;S
20241016;101839;0.6858;2000;11303201189;S
20241016;101839;0.6858;1000;11303201190;S
20241016;101839;0.6858;2000;11303201191;S
20241016;101839;0.6858;1000;11303201197;S
20241016;101839;0.6858;1000;11303201198;S
20241016;101839;0.6858;1000;11303201199;S
20241016;101839;0.6858;3000;11303201200;S
20241016;101839;0.6858;6000;11303201201;S
20241016;101839;0.6858;1000;11303201202;S
20241016;101839;0.6858;1000;11303201203;S
20241016;101839;0.6858;1000;11303201206;S
20241016;101839;0.6858;4000;11303201208;S
20241016;101839;0.6858;1000;11303201209;S
20241016;101839;0.6858;1000;11303201210;S
20241016;101839;0.6858;1000;11303201211;S
20241016;101839;0.6858;2000;11303201213;S
20241016;101839;0.6858;1000;11303201214;S
20241016;101839;0.6858;1000;11303201215;S
20241016;101839;0.6858;1000;11303201220;S
20241016;101839;0.6858;1000;11303201224;S
20241016;101839;0.6858;1000;11303201228;S
20241016;101839;0.6858;2000;11303201230;S
20241016;101839;0.6858;1000;11303201231;S
20241016;101839;0.6858;1000;11303201232;S
20241016;101839;0.6858;2000;11303201233;S
20241016;101839;0.6858;2000;11303201234;S
20241016;101839;0.6858;1000;11303201235;S
20241016;101839;0.6858;2000;11303201236;S
20241016;101839;0.6858;1000;11303201237;S
20241016;101839;0.6858;4000;11303201239;S
20241016;101839;0.6858;1000;11303201240;S
20241016;101839;0.6858;1000;11303201243;S
20241016;101839;0.6858;1000;11303201244;S
20241016;101839;0.6858;2000;11303201249;S
20241016;101839;0.6858;4000;11303201250;S
20241016;101839;0.6858;1000;11303201251;S
20241016;101839;0.6858;1000;11303201252;S
20241016;101839;0.6858;1000;11303201253;S
20241016;101839;0.6858;1000;11303201254;S
20241016;101839;0.6858;1000;11303201256;S
20241016;101839;0.6858;1000;11303201263;S
20241016;101839;0.6858;1000;11303201264;S
20241016;101839;0.6858;2000;11303201266;S
20241016;101839;0.6858;1000;11303201267;S
20241016;101839;0.6858;1000;11303201268;S
20241016;101839;0.6858;1000;11303201269;S
20241016;101839;0.6858;1000;11303201273;S
20241016;101839;0.6858;1000;11303201274;S
20241016;101839;0.6858;23000;11303201276;S
20241016;101839;0.6858;1000;11303201277;S
20241016;101839;0.6858;1000;11303201278;S
20241016;101839;0.6858;1000;11303201287;S
20241016;101839;0.6858;1000;11303201288;S
20241016;101839;0.6858;1000;11303201290;S
20241016;101839;0.6858;1000;11303201291;S
20241016;101839;0.6858;1000;11303201292;S
20241016;101839;0.6858;1000;11303201293;S
20241016;101839;0.6858;1000;11303201300;S
20241016;101839;0.6858;1000;11303201304;S
20241016;101839;0.6858;1000;11303201306;S
20241016;101839;0.6858;1000;11303201308;S
20241016;101839;0.6858;7000;11303201315;S
20241016;101839;0.6858;1000;11303201318;S
20241016;101839;0.6858;1000;11303201330;S
20241016;101839;0.6858;1000;11303201331;S
20241016;101839;0.6858;2000;11303201332;S
20241016;101839;0.6858;2000;11303201337;S
20241016;101839;0.6858;1000;11303201339;S
20241016;101839;0.6858;1000;11303201340;S
20241016;101839;0.6858;1000;11303201343;S
20241016;101839;0.6858;3000;11303201352;S
20241016;101839;0.6858;1000;11303201354;S
20241016;101839;0.6858;1000;11303201355;S
20241016;101839;0.6858;1000;11303201356;S
20241016;101839;0.6858;1000;11303201365;S
20241016;101839;0.6858;1000;11303201366;S
20241016;101839;0.6858;1000;11303201367;S
20241016;101839;0.6858;1000;11303201369;S
20241016;101839;0.6858;1000;11303201370;S
20241016;101839;0.6858;1000;11303201371;S
20241016;101839;0.6858;1000;11303201372;S
20241016;101839;0.6858;2000;11303201374;S
20241016;101839;0.6858;1000;11303201376;S
20241016;101839;0.6858;2000;11303201380;S
20241016;101839;0.6858;1000;11303201383;S
20241016;101839;0.6858;1000;11303201384;S
20241016;101839;0.6858;1000;11303201385;S
20241016;101839;0.6858;4000;11303201386;S
20241016;101839;0.6858;1000;11303201387;S
20241016;101839;0.6858;1000;11303201388;S
20241016;101839;0.6858;1000;11303201389;S
20241016;101839;0.6858;1000;11303201391;S
20241016;101839;0.6858;2000;11303201392;S
20241016;101839;0.6858;2000;11303201393;S
20241016;101839;0.6858;2000;11303201395;S
20241016;101839;0.6858;3000;11303201397;S
20241016;101839;0.6858;1000;11303201398;S
20241016;101839;0.6858;1000;11303201400;S
20241016;101839;0.6858;48000;11303201401;S
20241016;101839;0.6858;1000;11303201402;S
20241016;101839;0.6858;1000;11303201403;S
20241016;101839;0.6858;1000;11303201404;S
20241016;101839;0.6858;44000;11303201405;S
20241016;101839;0.6857;19000;11303201406;S
20241016;101839;0.6857;1000;11303201407;S
20241016;101839;0.6856;27000;11303201408;S
20241016;101839;0.6856;1000;11303201409;S
20241016;101839;0.6856;2000;11303201410;S
20241016;101839;0.6856;1000;11303201411;S
20241016;101839;0.6856;1000;11303201414;S
20241016;101839;0.6856;1000;11303201415;S
20241016;101839;0.6856;1000;11303201416;S
20241016;101839;0.6856;1000;11303201417;S
20241016;101839;0.6856;1000;11303201419;S
20241016;101839;0.6856;1000;11303201422;S
20241016;101839;0.6856;1000;11303201423;S
20241016;101839;0.6856;1000;11303201426;S
20241016;101839;0.6856;4000;11303201427;S
20241016;101839;0.6856;1000;11303201428;S
20241016;101839;0.6856;2000;11303201431;S
20241016;101839;0.6856;1000;11303201432;S
20241016;101839;0.6856;1000;11303201433;S
20241016;101839;0.6856;1000;11303201436;S
20241016;101839;0.6856;1000;11303201437;S
20241016;101839;0.6856;1000;11303201438;S
20241016;101839;0.6856;1000;11303201440;S
20241016;101839;0.6856;2000;11303201442;S
20241016;101839;0.6856;1000;11303201443;S
20241016;101839;0.6856;1000;11303201444;S
20241016;101839;0.6856;3000;11303201445;S
20241016;101839;0.6856;1000;11303201446;S
20241016;101839;0.6856;1000;11303201447;S
20241016;101839;0.6856;1000;11303201448;S
20241016;101839;0.6856;4000;11303201449;S
20241016;101839;0.6856;2000;11303201450;S
20241016;101839;0.6856;1000;11303201452;S
20241016;101839;0.6856;1000;11303201453;S
20241016;101839;0.6856;1000;11303201454;S
20241016;101839;0.6856;1000;11303201455;S
20241016;101839;0.6856;1000;11303201456;S
20241016;101839;0.6856;1000;11303201457;S
20241016;101839;0.6856;1000;11303201458;S
20241016;101839;0.6856;1000;11303201459;S
20241016;101839;0.6856;1000;11303201460;S
20241016;101839;0.6856;1000;11303201461;S
20241016;101839;0.6856;1000;11303201464;S
20241016;101839;0.6856;1000;11303201465;S
20241016;101839;0.6856;1000;11303201466;S
20241016;101839;0.6856;1000;11303201467;S
20241016;101839;0.6856;1000;11303201468;S
20241016;101839;0.6856;27000;11303201469;S
20241016;101839;0.6856;4000;11303201470;S
20241016;101839;0.6856;1000000;11303201471;S
20241016;101839;0.6856;1000;11303201472;S
20241016;101839;0.6856;1000;11303201473;S
20241016;101839;0.6856;2000;11303201474;S
20241016;101839;0.6856;1000;11303201475;S
20241016;101839;0.6856;5000;11303201476;S
20241016;101839;0.6856;5000;11303201477;S
20241016;101839;0.6856;1000;11303201478;S
20241016;101839;0.6856;1000;11303201480;S
20241016;101839;0.6856;2000;11303201481;S
20241016;101839;0.6856;120000;11303201482;S
20241016;101839;0.6856;1000;11303201483;S
20241016;101839;0.6856;1000;11303201484;S
20241016;101839;0.6856;1000;11303201485;S
20241016;101839;0.6856;1000;11303201486;S
20241016;101839;0.6856;1000;11303201487;S
20241016;101839;0.6856;1000;11303201488;S
20241016;101839;0.6856;2000;11303201490;S
20241016;101839;0.6856;1000;11303201491;S
20241016;101839;0.6856;1000;11303201492;S
20241016;101839;0.6856;2000;11303201493;S
20241016;101839;0.6856;1000;11303201495;S
20241016;101839;0.6856;1000;11303201496;S
20241016;101839;0.6856;1000;11303201497;S
20241016;101839;0.6856;2000;11303201498;S
20241016;101839;0.6856;2000;11303201500;S
20241016;101839;0.6856;2000;11303201501;S
20241016;101839;0.6856;1000;11303201502;S
20241016;101839;0.6856;8000;11303201503;S
20241016;101839;0.6856;1000;11303201504;S
20241016;101839;0.6856;4000;11303201505;S
20241016;101839;0.6856;1000;11303201508;S
20241016;101839;0.6856;1000;11303201510;S
20241016;101840;0.6856;3000;11303201511;S
20241016;101840;0.6856;4000;11303201521;S
20241016;101840;0.6856;1000;11303201523;S
20241016;101840;0.6856;2000;11303201524;S
20241016;101840;0.6856;1000;11303201525;S
20241016;101840;0.6856;1000;11303201526;S
20241016;101840;0.6856;2000;11303201532;S
20241016;101840;0.6856;1000;11303201533;S
20241016;101840;0.6856;1000;11303201534;S
20241016;101840;0.6856;1000;11303201535;S
20241016;101840;0.6856;1000;11303201536;S
20241016;101840;0.6856;1000;11303201537;S
20241016;101840;0.6856;1000;11303201538;S
20241016;101840;0.6856;1000;11303201539;S
20241016;101840;0.6856;1000;11303201541;S
20241016;101840;0.6856;1000;11303201543;S
20241016;101840;0.6856;2000;11303201545;S
20241016;101840;0.6856;3000;11303201546;S
20241016;101840;0.6856;1000;11303201547;S
20241016;101840;0.6856;1000;11303201548;S
20241016;101840;0.6856;1000;11303201549;S
20241016;101840;0.6856;1000;11303201550;S
20241016;101840;0.6856;1000;11303201551;S
20241016;101840;0.6856;674000;11303201552;S
20241016;101840;0.6856;326000;11303201553;S
20241016;101840;0.6856;87000;11303201554;S
20241016;101840;0.6856;2000;11303201556;S
20241016;101840;0.6856;3000;11303201557;S
20241016;101840;0.6856;1000;11303201560;S
20241016;101840;0.6856;2000;11303201561;S
20241016;101840;0.6856;2000;11303201562;S
20241016;101840;0.6856;1000;11303201563;S
20241016;101840;0.6856;2000;11303201564;S
20241016;101840;0.6856;3000;11303201565;S
20241016;101840;0.6856;1000;11303201566;S
20241016;101840;0.6856;1000;11303201567;S
20241016;101840;0.6856;1000;11303201568;S
20241016;101840;0.6856;1000;11303201569;S
20241016;101840;0.6856;1000;11303201570;S
20241016;101840;0.6856;1000;11303201571;S
20241016;101840;0.6856;1000;11303201572;S
20241016;101840;0.6856;1000;11303201574;S
20241016;101840;0.6856;1000;11303201575;S
20241016;101840;0.6856;4000;11303201576;S
20241016;101840;0.6856;1000;11303201577;S
20241016;101840;0.6856;1000;11303201578;S
20241016;101840;0.6856;1000;11303201579;S
20241016;101840;0.6856;1000;11303201580;S
20241016;101840;0.6856;2000;11303201581;S
20241016;101840;0.6856;1000;11303201582;S
20241016;101840;0.6856;1000;11303201583;S
20241016;101840;0.6856;3000;11303201585;S
20241016;101840;0.6856;4000;11303201589;S
20241016;101840;0.6856;1000;11303201590;S
20241016;101840;0.6856;1000;11303201591;S
20241016;101840;0.6856;2000;11303201592;S
20241016;101840;0.6856;1000;11303201598;S
20241016;101840;0.6856;1000;11303201599;S
20241016;101840;0.6856;1000;11303201600;S
20241016;101840;0.6856;9000;11303201601;S
20241016;101840;0.6856;1000;11303201602;S
20241016;101840;0.6856;1000;11303201603;S
20241016;101840;0.6856;1000;11303201604;S
20241016;101840;0.6856;2000;11303201605;S
20241016;101840;0.6856;1000;11303201606;S
20241016;101840;0.6856;2000;11303201607;S
20241016;101840;0.6856;2000;11303201608;S
20241016;101840;0.6856;1000;11303201610;S
20241016;101840;0.6856;1000;11303201611;S
20241016;101840;0.6856;1000;11303201612;S
20241016;101840;0.6856;1000;11303201613;S
20241016;101840;0.6856;1000;11303201614;S
20241016;101840;0.6856;1000;11303201615;S
20241016;101840;0.6856;1000;11303201616;S
20241016;101840;0.6856;2000;11303201617;S
20241016;101840;0.6856;1000;11303201618;S
20241016;101840;0.6856;4000;11303201619;S
20241016;101840;0.6856;1000;11303201620;S
20241016;101840;0.6856;1000;11303201621;S
20241016;101840;0.6856;1000;11303201623;S
20241016;101840;0.6856;1000;11303201625;S
20241016;101840;0.6855;2000;11303201626;S
20241016;101840;0.6855;1000;11303201628;S
20241016;101840;0.6855;5000;11303201629;S
20241016;101840;0.6855;1000;11303201630;S
20241016;101840;0.6855;2000;11303201631;S
20241016;101840;0.6855;1000;11303201633;S
20241016;101840;0.6855;1000;11303201635;S
20241016;101840;0.6855;1000;11303201636;S
20241016;101840;0.6855;1000;11303201637;S
20241016;101840;0.6855;1000;11303201639;S
20241016;101840;0.6855;4000;11303201640;S
20241016;101840;0.6855;1000;11303201645;S
20241016;101840;0.6855;3000;11303201652;S
20241016;101840;0.6855;1000;11303201654;S
20241016;101840;0.6855;7000;11303201656;S
20241016;101840;0.6855;2000;11303201657;S
20241016;101840;0.6855;1000;11303201670;S
20241016;101840;0.6855;1000;11303201671;S
20241016;101840;0.6855;2000;11303201672;S
20241016;101840;0.6855;2000;11303201673;S
20241016;101840;0.6855;2000;11303201683;S
20241016;101840;0.6855;1000;11303201697;S
20241016;101840;0.6855;2000;11303201698;S
20241016;101840;0.6855;1000;11303201700;S
20241016;101840;0.6855;1000;11303201701;S
20241016;101840;0.6855;3000;11303201702;S
20241016;101840;0.6855;1000;11303201703;S
20241016;101840;0.6855;1000;11303201704;S
20241016;101840;0.6855;1000;11303201709;S
20241016;101840;0.6855;1000;11303201710;S
20241016;101840;0.6855;1000;11303201712;S
20241016;101840;0.6855;1000;11303201713;S
20241016;101840;0.6855;1000;11303201716;S
20241016;101840;0.6855;30000;11303201722;S
20241016;101840;0.6855;2000;11303201723;S
20241016;101840;0.6855;20000;11303201724;S
20241016;101840;0.6855;1000;11303201731;S
20241016;101840;0.6855;2000;11303201733;S
20241016;101840;0.6855;3000;11303201734;S
20241016;101840;0.6855;1000;11303201735;S
20241016;101840;0.6855;1000;11303201737;S
20241016;101840;0.6855;1000;11303201738;S
20241016;101840;0.6855;1000;11303201739;S
20241016;101840;0.6855;1000;11303201740;S
20241016;101840;0.6855;1000;11303201743;S
20241016;101840;0.6855;2000;11303201744;S
20241016;101840;0.6855;1000;11303201745;S
20241016;101840;0.6855;1000;11303201749;S
20241016;101840;0.6855;2000;11303201750;S
20241016;101840;0.6855;1000;11303201751;S
20241016;101840;0.6855;1000;11303201752;S
20241016;101840;0.6855;1000;11303201753;S
20241016;101840;0.6855;2000;11303201754;S
20241016;101840;0.6855;1000;11303201757;S
20241016;101840;0.6855;1000;11303201760;S
20241016;101840;0.6855;1000;11303201761;S
20241016;101840;0.6855;1000;11303201763;S
20241016;101840;0.6855;1000;11303201764;S
20241016;101840;0.6855;1000;11303201767;S
20241016;101840;0.6855;1000;11303201768;S
20241016;101840;0.6855;1000;11303201770;S
20241016;101840;0.6855;1000;11303201771;S
20241016;101840;0.6855;1000;11303201772;S
20241016;101840;0.6855;1000;11303201784;S
20241016;101840;0.6855;1000;11303201785;S
20241016;101840;0.6855;1000;11303201786;S
20241016;101840;0.6855;1000;11303201787;S
20241016;101840;0.6855;1000;11303201788;S
20241016;101840;0.6855;1000;11303201789;S
20241016;101840;0.6855;1000;11303201790;S
20241016;101840;0.6855;4000;11303201791;S
20241016;101840;0.6855;7000;11303201792;S
20241016;101840;0.6854;1000;11303201793;S
20241016;101840;0.6852;1000;11303201794;S
20241016;101840;0.685;2000;11303201795;S
20241016;101840;0.685;5000;11303201796;S
20241016;101840;0.6856;1000;11303201800;B
20241016;101840;0.6856;3000;11303201801;B
20241016;101841;0.685;1000;11303201803;S
20241016;101841;0.685;1000;11303201804;S
20241016;101841;0.685;2000;11303201805;S
20241016;101841;0.685;1000;11303201809;S
20241016;101841;0.685;1000;11303201810;S
20241016;101841;0.6848;1000;11303201817;S
20241016;101841;0.6847;1000;11303201822;S
20241016;101841;0.6846;1000;11303201823;S
20241016;101841;0.6845;4000;11303201824;S
20241016;101841;0.6845;2000;11303201825;S
20241016;101841;0.6845;1000;11303201829;S
20241016;101841;0.6845;1000;11303201830;S
20241016;101841;0.6845;1000;11303201831;S
20241016;101841;0.6845;1000;11303201832;S
20241016;101841;0.6845;1000;11303201835;S
20241016;101841;0.6844;1000;11303201837;S
20241016;101841;0.6842;1000;11303201843;S
20241016;101841;0.6842;1000;11303201845;S
20241016;101841;0.6842;7000;11303201846;S
20241016;101841;0.6842;2000;11303201847;S
20241016;101841;0.6842;1000;11303201848;S
20241016;101841;0.6842;1000;11303201849;S
20241016;101841;0.6842;1000;11303201851;S
20241016;101841;0.6842;1000;11303201852;S
20241016;101841;0.6842;1000;11303201853;S
20241016;101841;0.6842;2000;11303201854;S
20241016;101841;0.6842;1000;11303201858;S
20241016;101841;0.6842;2000;11303201859;S
20241016;101841;0.6842;2000;11303201895;S
20241016;101841;0.6842;1000;11303201900;S
20241016;101841;0.6842;2000;11303201909;S
20241016;101841;0.6842;1000;11303201914;S
20241016;101841;0.6842;2000;11303201926;S
20241016;101841;0.6842;1000;11303201934;S
20241016;101841;0.6842;1000;11303201936;S
20241016;101841;0.6842;1000;11303201942;S
20241016;101841;0.6842;1000;11303201944;S
20241016;101841;0.6842;1000;11303201948;S
20241016;101841;0.6842;1000;11303201951;S
20241016;101841;0.6842;1000;11303201953;S
20241016;101841;0.6842;1000;11303201954;S
20241016;101841;0.6841;3000;11303201955;S
20241016;101841;0.6841;3000;11303201957;S
20241016;101841;0.6841;1000;11303201961;S
20241016;101841;0.6841;2000;11303201962;S
20241016;101841;0.6841;1000;11303201963;S
20241016;101841;0.6841;1000;11303201967;S
20241016;101841;0.6841;1000;11303201971;S
20241016;101841;0.6841;1000;11303201973;S
20241016;101841;0.6841;1000;11303201976;S
20241016;101841;0.6841;1000;11303201977;S
20241016;101841;0.6841;3000;11303201978;S
20241016;101842;0.6841;1000;11303201990;S
20241016;101842;0.6841;1000;11303201991;S
20241016;101842;0.6841;1000;11303201994;S
20241016;101842;0.6841;1000;11303201995;S
20241016;101842;0.6841;1000;11303201997;S
20241016;101842;0.6841;2000;11303201998;S
20241016;101842;0.6841;1000;11303202000;S
20241016;101842;0.6841;1000;11303202005;S
20241016;101842;0.6841;2000;11303202026;S
20241016;101842;0.6841;2000;11303202045;S
20241016;101842;0.6841;1000;11303202048;S
20241016;101842;0.684;1000;11303202105;S
20241016;101842;0.684;1000;11303202109;S
20241016;101842;0.684;2000;11303202130;S
20241016;101842;0.684;1000;11303202137;S
20241016;101842;0.684;10000;11303202142;S
20241016;101842;0.684;1000;11303202150;S
20241016;101843;0.6844;120000;11303202165;B
20241016;101843;0.6844;21000;11303202167;B
20241016;101843;0.6844;9000;11303202168;B
20241016;101843;0.6844;3000;11303202177;S
20241016;101843;0.6844;35000;11303202178;S
20241016;101843;0.6841;12000;11303202179;S
20241016;101843;0.6849;99000;11303202187;B
20241016;101843;0.6842;1000;11303202249;S
20241016;101843;0.6852;6000;11303202279;B
20241016;101843;0.6853;20000;11303202280;B
20241016;101843;0.6853;9000;11303202281;B
20241016;101843;0.6845;1000;11303202285;S
20241016;101845;0.6856;3000;11303202439;B
20241016;101846;0.6854;8000;11303202612;B
20241016;101847;0.685;2000;11303202729;S
20241016;101847;0.685;1000;11303202738;S
20241016;101847;0.685;1000;11303202747;S
20241016;101847;0.685;1000;11303202748;S
20241016;101847;0.685;1000;11303202751;S
20241016;101847;0.685;2000;11303202763;S
20241016;101847;0.685;1000;11303202764;S
20241016;101847;0.685;1000;11303202766;S
20241016;101847;0.6849;1000;11303202768;S
20241016;101847;0.6849;2000;11303202769;S
20241016;101847;0.6849;2000;11303202771;S
20241016;101847;0.6849;4000;11303202772;S
20241016;101847;0.6849;1000;11303202773;S
20241016;101847;0.6849;1000;11303202774;S
20241016;101847;0.6849;3000;11303202775;S
20241016;101847;0.6849;5000;11303202778;S
20241016;101847;0.6849;1000;11303202779;S
20241016;101847;0.6849;2000;11303202780;S
20241016;101847;0.6849;1000;11303202781;S
20241016;101847;0.6849;1000;11303202786;S
20241016;101847;0.6849;1000;11303202787;S
20241016;101847;0.6849;1000;11303202789;S
20241016;101847;0.6849;2000;11303202790;S
20241016;101847;0.6849;1000;11303202791;S
20241016;101847;0.6849;1000;11303202792;S
20241016;101847;0.6849;1000;11303202793;S
20241016;101847;0.6849;6000;11303202794;S
20241016;101847;0.6853;36000;11303202796;B
20241016;101847;0.6849;1000;11303202797;S
20241016;101847;0.6849;2000;11303202798;S
20241016;101847;0.6849;2000;11303202799;S
20241016;101847;0.6849;2000;11303202800;S
20241016;101847;0.6849;1000;11303202801;S
20241016;101847;0.6849;1000;11303202802;S
20241016;101847;0.6849;1000;11303202804;S
20241016;101847;0.6849;1000;11303202806;S
20241016;101847;0.6849;1000;11303202807;S
20241016;101847;0.6849;1000;11303202809;S
20241016;101847;0.6845;1000;11303202810;S
20241016;101847;0.6847;1000;11303202812;S
20241016;101847;0.6847;1000;11303202814;S
20241016;101847;0.6847;1000;11303202821;S
20241016;101847;0.6846;3000;11303202826;S
20241016;101847;0.6846;2000;11303202827;S
20241016;101847;0.6846;1000;11303202835;S
20241016;101847;0.6846;26000;11303202845;S
20241016;101847;0.6846;1000;11303202846;S
20241016;101847;0.6846;1000;11303202847;S
20241016;101847;0.6846;1000;11303202849;S
20241016;101847;0.6846;1000;11303202850;S
20241016;101847;0.6846;1000;11303202852;S
20241016;101847;0.6846;1000;11303202855;S
20241016;101847;0.6846;15000;11303202864;S
20241016;101847;0.6847;1000;11303202869;S
20241016;101847;0.6847;1000;11303202873;S
20241016;101847;0.6847;1000;11303202877;S
20241016;101847;0.6847;2000;11303202878;S
20241016;101847;0.6847;1000;11303202892;S
20241016;101847;0.6847;1000;11303202893;S
20241016;101847;0.6847;1000;11303202896;S
20241016;101847;0.6847;1000;11303202900;S
20241016;101847;0.6847;1000;11303202905;S
20241016;101847;0.6847;1000;11303202907;S
20241016;101847;0.6847;2000;11303202908;S
20241016;101847;0.6845;2000;11303202909;S
20241016;101847;0.6845;1000;11303202911;S
20241016;101847;0.6845;2000;11303202919;S
20241016;101847;0.6845;2000;11303202923;S
20241016;101847;0.6845;1000;11303202924;S
20241016;101847;0.6845;4000;11303202925;S
20241016;101847;0.6845;1000;11303202928;S
20241016;101847;0.6845;1000;11303202929;S
20241016;101847;0.6845;2000;11303202930;S
20241016;101847;0.6845;3000;11303202935;S
20241016;101847;0.6845;1000;11303202938;S
20241016;101847;0.6845;2000;11303202939;S
20241016;101847;0.6845;1000;11303202940;S
20241016;101847;0.6845;1000;11303202941;S
20241016;101847;0.6845;1000;11303202942;S
20241016;101847;0.6845;1000;11303202945;S
20241016;101847;0.6845;1000;11303202946;S
20241016;101847;0.6846;4000;11303202948;S
20241016;101847;0.6846;4000;11303202949;S
20241016;101847;0.6846;1000;11303202950;S
20241016;101847;0.6846;1000;11303202951;S
20241016;101847;0.6845;3000;11303202952;S
20241016;101847;0.6845;1000;11303202953;S
20241016;101847;0.6845;1000;11303202954;S
20241016;101847;0.6845;1000;11303202955;S
20241016;101847;0.6845;1000;11303202956;S
20241016;101847;0.6845;1000;11303202957;S
20241016;101847;0.6844;1000;11303202958;S
20241016;101847;0.6844;2000;11303202962;S
20241016;101847;0.6844;1000;11303202963;S
20241016;101847;0.6844;1000;11303202964;S
20241016;101847;0.6844;1000;11303202965;S
20241016;101847;0.6844;1000;11303202969;S
20241016;101847;0.6844;1000;11303202970;S
20241016;101847;0.6844;2000;11303202971;S
20241016;101847;0.6844;1000;11303202972;S
20241016;101847;0.6845;1000;11303202973;S
20241016;101847;0.6846;1000;11303202979;S
20241016;101847;0.6846;1000;11303202981;S
20241016;101847;0.6846;2000;11303202982;S
20241016;101847;0.6845;1000;11303202985;S
20241016;101847;0.6845;4000;11303202986;S
20241016;101847;0.6845;1000;11303202987;S
20241016;101847;0.6847;8000;11303202988;S
20241016;101847;0.6847;1000;11303202989;S
20241016;101847;0.6847;2000;11303202990;S
20241016;101847;0.6847;1000;11303202991;S
20241016;101847;0.6847;1000;11303202992;S
20241016;101847;0.6847;1000;11303202995;S
20241016;101847;0.6847;2000;11303202996;S
20241016;101847;0.6845;1000;11303202999;S
20241016;101847;0.6845;10000;11303203000;S
20241016;101847;0.6845;1000;11303203001;S
20241016;101847;0.6845;1000;11303203002;S
20241016;101847;0.6845;1000;11303203003;S
20241016;101847;0.6846;4000;11303203004;S
20241016;101847;0.6847;8000;11303203006;S
20241016;101847;0.6847;1000;11303203007;S
20241016;101847;0.6847;1000;11303203008;S
20241016;101847;0.6847;1000;11303203009;S
20241016;101847;0.6847;1000;11303203011;S
20241016;101847;0.6847;1000;11303203013;S
20241016;101847;0.6845;1000;11303203015;S
20241016;101847;0.6845;1000;11303203016;S
20241016;101847;0.6845;1000;11303203017;S
20241016;101847;0.6845;1000;11303203018;S
20241016;101847;0.6845;1000;11303203019;S
20241016;101847;0.6845;1000;11303203020;S
20241016;101847;0.6845;2000;11303203021;S
20241016;101847;0.6845;1000;11303203022;S
20241016;101847;0.6845;1000;11303203023;S
20241016;101847;0.6845;1000;11303203039;S
20241016;101847;0.6845;1000;11303203040;S
20241016;101847;0.6845;2000;11303203041;S
20241016;101847;0.6845;1000;11303203042;S
20241016;101847;0.6845;1000;11303203043;S
20241016;101847;0.6845;1000;11303203044;S
20241016;101847;0.6844;1000;11303203045;S
20241016;101847;0.6844;1000;11303203046;S
20241016;101847;0.6844;1000;11303203047;S
20241016;101847;0.6844;1000;11303203048;S
20241016;101847;0.6844;1000;11303203049;S
20241016;101847;0.6844;1000;11303203050;S
20241016;101847;0.6844;1000;11303203052;S
20241016;101847;0.6844;23000;11303203053;S
20241016;101847;0.6844;1000;11303203054;S
20241016;101848;0.6844;4000;11303203055;S
20241016;101848;0.6844;1000;11303203057;S
20241016;101848;0.6844;1000;11303203062;S
20241016;101848;0.6844;2000;11303203080;S
20241016;101848;0.6844;1000;11303203081;S
20241016;101848;0.6844;1000;11303203082;S
20241016;101848;0.6844;4000;11303203083;S
20241016;101848;0.6844;1000;11303203084;S
20241016;101848;0.6844;2000;11303203085;S
20241016;101848;0.6844;1000;11303203086;S
20241016;101848;0.6844;8000;11303203087;S
20241016;101848;0.6844;2000;11303203088;S
20241016;101848;0.6844;1000;11303203089;S
20241016;101848;0.6844;1000;11303203090;S
20241016;101848;0.6844;1000;11303203091;S
20241016;101848;0.6844;1000;11303203092;S
20241016;101848;0.6844;1000;11303203093;S
20241016;101848;0.6844;1000;11303203094;S
20241016;101848;0.6844;1000;11303203097;S
20241016;101848;0.6844;1000;11303203100;S
20241016;101848;0.6844;2000;11303203101;S
20241016;101848;0.6844;1000;11303203102;S
20241016;101848;0.6844;1000;11303203103;S
20241016;101848;0.6844;1000;11303203107;S
20241016;101848;0.6844;1000;11303203108;S
20241016;101848;0.6844;1000;11303203109;S
20241016;101848;0.6844;1000;11303203110;S
20241016;101848;0.6844;2000;11303203111;S
20241016;101848;0.6844;1000;11303203112;S
20241016;101848;0.6844;3000;11303203113;S
20241016;101848;0.6844;1000;11303203115;S
20241016;101848;0.6844;4000;11303203116;S
20241016;101848;0.6844;1000;11303203117;S
20241016;101848;0.6844;1000;11303203118;S
20241016;101848;0.6844;1000;11303203119;S
20241016;101848;0.6844;3000;11303203127;S
20241016;101848;0.6844;2000;11303203128;S
20241016;101848;0.6844;2000;11303203129;S
20241016;101848;0.6844;1000;11303203130;S
20241016;101848;0.6844;1000;11303203131;S
20241016;101848;0.6844;1000;11303203132;S
20241016;101848;0.6844;1000;11303203133;S
20241016;101848;0.6844;1000;11303203134;S
20241016;101848;0.6844;1000;11303203135;S
20241016;101848;0.6844;1000;11303203136;S
20241016;101848;0.6844;1000;11303203139;S
20241016;101848;0.6844;2000;11303203140;S
20241016;101848;0.6844;1000;11303203141;S
20241016;101848;0.6844;1000;11303203143;S
20241016;101848;0.6844;1000;11303203146;S
20241016;101848;0.6844;4000;11303203148;S
20241016;101848;0.6844;2000;11303203149;S
20241016;101848;0.6844;4000;11303203152;S
20241016;101848;0.6844;1000;11303203153;S
20241016;101848;0.6844;2000;11303203155;S
20241016;101848;0.6844;1000;11303203157;S
20241016;101848;0.6844;2000;11303203159;S
20241016;101848;0.6844;1000;11303203160;S
20241016;101848;0.6844;1000;11303203162;S
20241016;101848;0.6844;2000;11303203163;S
20241016;101848;0.6844;1000;11303203164;S
20241016;101848;0.6844;2000;11303203165;S
20241016;101848;0.6844;1000;11303203166;S
20241016;101848;0.6844;1000;11303203171;S
20241016;101848;0.6844;2000;11303203172;S
20241016;101848;0.6844;1000;11303203173;S
20241016;101848;0.6844;2000;11303203174;S
20241016;101848;0.6844;1000;11303203175;S
20241016;101848;0.6844;1000;11303203176;S
20241016;101848;0.6844;1000;11303203177;S
20241016;101848;0.6844;2000;11303203178;S
20241016;101848;0.6844;3000;11303203179;S
20241016;101848;0.6842;1000;11303203181;S
20241016;101848;0.6842;1000;11303203182;S
20241016;101848;0.6842;1000;11303203190;S
20241016;101848;0.6842;1000;11303203192;S
20241016;101848;0.6842;1000;11303203196;S
20241016;101848;0.6842;1000;11303203199;S
20241016;101848;0.6842;1000;11303203200;S
20241016;101848;0.6842;4000;11303203207;S
20241016;101848;0.6842;1000;11303203216;S
20241016;101848;0.6842;2000;11303203219;S
20241016;101848;0.6842;1000;11303203221;S
20241016;101848;0.6842;1000;11303203224;S
20241016;101848;0.6842;1000;11303203226;S
20241016;101848;0.6842;1000;11303203228;S
20241016;101848;0.6842;1000;11303203229;S
20241016;101848;0.6842;1000;11303203230;S
20241016;101848;0.6842;1000;11303203235;S
20241016;101848;0.6842;1000;11303203241;S
20241016;101848;0.6842;1000;11303203243;S
20241016;101848;0.6842;1000;11303203245;S
20241016;101848;0.6842;2000;11303203252;S
20241016;101848;0.6842;1000;11303203253;S
20241016;101848;0.6842;1000;11303203254;S
20241016;101848;0.6842;3000;11303203255;S
20241016;101848;0.6842;3000;11303203257;S
20241016;101848;0.6842;3000;11303203258;S
20241016;101848;0.6842;1000;11303203259;S
20241016;101848;0.6842;1000;11303203260;S
20241016;101848;0.6842;1000;11303203261;S
20241016;101848;0.6842;2000;11303203262;S
20241016;101848;0.6842;1000;11303203263;S
20241016;101848;0.6842;2000;11303203264;S
20241016;101848;0.6842;1000;11303203267;S
20241016;101848;0.6842;5000;11303203268;S
20241016;101848;0.6842;1000;11303203269;S
20241016;101848;0.6842;1000;11303203271;S
20241016;101848;0.6842;1000;11303203272;S
20241016;101848;0.6842;1000;11303203274;S
20241016;101848;0.6842;1000;11303203275;S
20241016;101848;0.6842;2000;11303203276;S
20241016;101848;0.6842;1000;11303203280;S
20241016;101848;0.6842;1000;11303203281;S
20241016;101848;0.6842;1000;11303203282;S
20241016;101848;0.6842;1000;11303203285;S
20241016;101848;0.6842;1000;11303203286;S
20241016;101848;0.6842;3000;11303203287;S
20241016;101848;0.6841;5000;11303203289;S
20241016;101848;0.6841;1000;11303203290;S
20241016;101848;0.6841;1000;11303203291;S
20241016;101848;0.6841;1000;11303203292;S
20241016;101848;0.6841;1000;11303203293;S
20241016;101848;0.6841;1000;11303203294;S
20241016;101848;0.6841;1000;11303203295;S
20241016;101848;0.6841;1000;11303203296;S
20241016;101848;0.6841;2000;11303203297;S
20241016;101848;0.6841;1000;11303203299;S
20241016;101848;0.6841;1000;11303203300;S
20241016;101848;0.6841;1000;11303203302;S
20241016;101848;0.6841;7000;11303203303;S
20241016;101848;0.6841;1000;11303203304;S
20241016;101848;0.6841;2000;11303203305;S
20241016;101848;0.6841;1000;11303203306;S
20241016;101848;0.6841;1000;11303203308;S
20241016;101848;0.6841;1000;11303203309;S
20241016;101848;0.6841;20000;11303203310;S
20241016;101848;0.6841;4000;11303203311;S
20241016;101848;0.6841;2000;11303203312;S
20241016;101849;0.6841;1000;11303203313;S
20241016;101849;0.6841;2000;11303203314;S
20241016;101849;0.6841;1000;11303203315;S
20241016;101849;0.6841;1000;11303203316;S
20241016;101849;0.6841;1000;11303203318;S
20241016;101849;0.6841;2000;11303203319;S
20241016;101849;0.6841;1000;11303203320;S
20241016;101849;0.6841;2000;11303203321;S
20241016;101849;0.6841;2000;11303203322;S
20241016;101849;0.6841;4000;11303203323;S
20241016;101849;0.6841;1000;11303203324;S
20241016;101849;0.6841;1000;11303203341;S
20241016;101849;0.6841;1000;11303203344;S
20241016;101849;0.6841;3000;11303203345;S
20241016;101849;0.6841;1000;11303203348;S
20241016;101849;0.6841;1000;11303203349;S
20241016;101849;0.6841;1000;11303203350;S
20241016;101849;0.6841;1000;11303203351;S
20241016;101849;0.6841;1000;11303203352;S
20241016;101849;0.6841;1000;11303203353;S
20241016;101849;0.6841;1000;11303203354;S
20241016;101849;0.6841;1000;11303203356;S
20241016;101849;0.6841;1000;11303203358;S
20241016;101849;0.6841;1000;11303203359;S
20241016;101849;0.6841;1000;11303203374;S
20241016;101849;0.6841;1000;11303203376;S
20241016;101849;0.6841;1000;11303203380;S
20241016;101849;0.6841;1000;11303203381;S
20241016;101849;0.6841;2000;11303203382;S
20241016;101849;0.6841;1000;11303203383;S
20241016;101849;0.6841;2000;11303203384;S
20241016;101849;0.6841;1000;11303203390;S
20241016;101849;0.6841;2000;11303203392;S
20241016;101849;0.6841;5000;11303203396;S
20241016;101849;0.6841;1000;11303203412;S
20241016;101849;0.6841;1000;11303203419;S
20241016;101849;0.6841;1000;11303203441;S
20241016;101849;0.6841;1000;11303203446;S
20241016;101849;0.6841;1000;11303203447;S
20241016;101849;0.6841;1000;11303203465;S
20241016;101849;0.6841;1000;11303203469;S
20241016;101849;0.6841;1000;11303203473;S
20241016;101849;0.6841;1000;11303203475;S
20241016;101849;0.6841;1000;11303203480;S
20241016;101849;0.6841;1000;11303203481;S
20241016;101849;0.6841;1000;11303203482;S
20241016;101849;0.6841;1000;11303203483;S
20241016;101849;0.6841;2000;11303203485;S
20241016;101849;0.6841;1000;11303203486;S
20241016;101849;0.6841;3000;11303203487;S
20241016;101849;0.6841;3000;11303203489;S
20241016;101849;0.6841;1000;11303203490;S
20241016;101849;0.6841;1000;11303203500;S
20241016;101849;0.6841;1000;11303203501;S
20241016;101849;0.6841;2000;11303203503;S
20241016;101849;0.6841;2000;11303203506;S
20241016;101849;0.6841;1000;11303203507;S
20241016;101849;0.6841;2000;11303203508;S
20241016;101849;0.6841;1000;11303203511;S
20241016;101849;0.6841;1000;11303203512;S
20241016;101849;0.6841;1000;11303203513;S
20241016;101849;0.6841;1000;11303203522;S
20241016;101850;0.6841;1000;11303203539;S
20241016;101850;0.6842;2000;11303203540;S
20241016;101850;0.6842;1000;11303203558;S
20241016;101850;0.6842;1000;11303203559;S
20241016;101850;0.6842;2000;11303203561;S
20241016;101850;0.6842;1000;11303203636;S
20241016;101850;0.6842;1000;11303203638;S
20241016;101850;0.6842;1000;11303203639;S
20241016;101850;0.6842;1000;11303203640;S
20241016;101850;0.6842;1000;11303203642;S
20241016;101850;0.6842;1000;11303203704;S
20241016;101850;0.6843;1000;11303203714;S
20241016;101850;0.6844;1000;11303203716;S
20241016;101850;0.6846;30000;11303203719;B
20241016;101851;0.6844;1000;11303203729;S
20241016;101851;0.6845;3000;11303203731;S
20241016;101851;0.6844;1000;11303203744;S
20241016;101851;0.6843;1000;11303203749;S
20241016;101851;0.6843;2000;11303203752;S
20241016;101851;0.6843;1000;11303203761;S
20241016;101851;0.6843;1000;11303203767;S
20241016;101851;0.6843;1000;11303203841;S
20241016;101851;0.6843;1000;11303203867;S
20241016;101851;0.6843;1000;11303203873;S
20241016;101852;0.6843;1000;11303203893;S
20241016;101852;0.6845;1000;11303203931;S
20241016;101852;0.6843;1000;11303204031;S
20241016;101852;0.6843;1000;11303204047;S
20241016;101852;0.6843;1000;11303204051;S
20241016;101852;0.6843;1000;11303204080;S
20241016;101853;0.6843;1000;11303204131;S
20241016;101853;0.6843;4000;11303204135;S
20241016;101853;0.6844;3000;11303204152;S
20241016;101853;0.6847;3000;11303204219;B
20241016;101853;0.6847;68000;11303204220;B
20241016;101853;0.6848;12000;11303204238;B
20241016;101853;0.6844;4000;11303204255;S
20241016;101853;0.6851;79000;11303204260;B
20241016;101853;0.6852;50000;11303204261;B
20241016;101853;0.6853;35000;11303204262;B
20241016;101853;0.6862;81000;11303204263;B
20241016;101853;0.6867;3000;11303204264;B
20241016;101853;0.6867;7000;11303204265;B
20241016;101853;0.6846;1000;11303204268;S
20241016;101853;0.6847;1000;11303204274;B
20241016;101854;0.6844;1000;11303204303;S
20241016;101854;0.6847;1000;11303204346;S
20241016;101854;0.6847;8000;11303204348;S
20241016;101854;0.6847;1000;11303204354;S
20241016;101854;0.6847;1000;11303204355;S
20241016;101854;0.6847;2000;11303204356;S
20241016;101854;0.6847;1000;11303204357;S
20241016;101854;0.6847;1000;11303204358;S
20241016;101854;0.6847;1000;11303204361;S
20241016;101854;0.6847;1000;11303204362;S
20241016;101854;0.6847;1000;11303204366;S
20241016;101854;0.6847;1000;11303204368;S
20241016;101854;0.6847;1000;11303204370;S
20241016;101854;0.6847;1000;11303204373;S
20241016;101854;0.6847;2000;11303204396;S
20241016;101854;0.6847;3000;11303204398;S
20241016;101854;0.6847;1000;11303204400;S
20241016;101854;0.6847;1000;11303204401;S
20241016;101854;0.6847;1000;11303204403;S
20241016;101854;0.6847;1000;11303204405;S
20241016;101854;0.6844;1000;11303204408;S
20241016;101854;0.6844;1000;11303204422;S
20241016;101854;0.6844;5000;11303204431;S
20241016;101854;0.6844;1000;11303204434;S
20241016;101854;0.6844;1000;11303204435;S
20241016;101854;0.6844;1000;11303204437;S
20241016;101854;0.6844;1000;11303204439;S
20241016;101854;0.6844;1000;11303204441;S
20241016;101854;0.6844;1000;11303204442;S
20241016;101854;0.6844;1000;11303204444;S
20241016;101854;0.6844;1000;11303204445;S
20241016;101854;0.6844;4000;11303204446;S
20241016;101854;0.6844;1000;11303204447;S
20241016;101854;0.6844;1000;11303204448;S
20241016;101854;0.6844;1000;11303204450;S
20241016;101854;0.6844;1000;11303204451;S
20241016;101854;0.6844;1000;11303204452;S
20241016;101854;0.6844;1000;11303204454;S
20241016;101854;0.6844;3000;11303204459;S
20241016;101854;0.6844;2000;11303204460;S
20241016;101854;0.6844;1000;11303204473;S
20241016;101854;0.6844;2000;11303204474;S
20241016;101854;0.6844;4000;11303204475;S
20241016;101854;0.6844;1000;11303204476;S
20241016;101854;0.6844;1000;11303204482;S
20241016;101854;0.6844;2000;11303204483;S
20241016;101854;0.6844;1000;11303204484;S
20241016;101854;0.6844;1000;11303204485;S
20241016;101854;0.6847;1000;11303204486;S
20241016;101854;0.6847;1000;11303204487;S
20241016;101854;0.6847;2000;11303204488;S
20241016;101854;0.6847;7000;11303204489;S
20241016;101854;0.6847;3000;11303204490;S
20241016;101854;0.6847;1000;11303204491;S
20241016;101854;0.6847;1000;11303204493;S
20241016;101854;0.6847;1000;11303204494;S
20241016;101854;0.6847;1000;11303204495;S
20241016;101854;0.6847;2000;11303204496;S
20241016;101854;0.6847;1000;11303204517;S
20241016;101854;0.6847;1000;11303204518;S
20241016;101854;0.6847;1000;11303204520;S
20241016;101854;0.6847;1000;11303204521;S
20241016;101854;0.6847;1000;11303204522;S
20241016;101854;0.6847;1000;11303204524;S
20241016;101854;0.6847;3000;11303204526;S
20241016;101854;0.6847;1000;11303204527;S
20241016;101854;0.6847;1000;11303204528;S
20241016;101854;0.6847;2000;11303204529;S
20241016;101854;0.6847;1000;11303204530;S
20241016;101854;0.6847;1000;11303204532;S
20241016;101854;0.6847;1000;11303204533;S
20241016;101854;0.6847;1000;11303204534;S
20241016;101854;0.6847;1000;11303204536;S
20241016;101854;0.6847;1000;11303204537;S
20241016;101854;0.6847;2000;11303204538;S
20241016;101854;0.6847;1000;11303204539;S
20241016;101854;0.6847;1000;11303204540;S
20241016;101854;0.6847;1000;11303204541;S
20241016;101854;0.6847;1000;11303204542;S
20241016;101854;0.6847;3000;11303204543;S
20241016;101854;0.6847;1000;11303204544;S
20241016;101854;0.6847;14000;11303204545;S
20241016;101854;0.6847;1000;11303204549;S
20241016;101854;0.6843;1000;11303204550;S
20241016;101854;0.6842;1000;11303204551;S
20241016;101854;0.6842;4000;11303204552;S
20241016;101854;0.6842;1000;11303204553;S
20241016;101854;0.6842;1000;11303204554;S
20241016;101854;0.6842;1000;11303204556;S
20241016;101854;0.6842;1000;11303204557;S
20241016;101854;0.6842;1000;11303204558;S
20241016;101854;0.6842;1000;11303204559;S
20241016;101854;0.6842;1000;11303204565;S
20241016;101854;0.6842;2000;11303204575;S
20241016;101854;0.6842;1000;11303204576;S
20241016;101854;0.6842;1000;11303204577;S
20241016;101854;0.6842;1000;11303204578;S
20241016;101854;0.6842;1000;11303204579;S
20241016;101854;0.6842;2000;11303204581;S
20241016;101854;0.6842;1000;11303204582;S
20241016;101854;0.6842;2000;11303204584;S
20241016;101854;0.6842;1000;11303204585;S
20241016;101854;0.6842;1000;11303204586;S
20241016;101854;0.6842;1000;11303204587;S
20241016;101855;0.6842;2000;11303204589;S
20241016;101855;0.6842;1000;11303204590;S
20241016;101855;0.6842;1000;11303204593;S
20241016;101855;0.6842;2000;11303204594;S
20241016;101855;0.6842;1000;11303204596;S
20241016;101855;0.6842;1000;11303204597;S
20241016;101855;0.6842;1000;11303204598;S
20241016;101855;0.6842;1000;11303204599;S
20241016;101855;0.6842;1000;11303204600;S
20241016;101855;0.6842;1000;11303204601;S
20241016;101855;0.6842;1000;11303204603;S
20241016;101855;0.6842;1000;11303204636;S
20241016;101855;0.6842;1000;11303204637;S
20241016;101855;0.6842;1000;11303204638;S
20241016;101855;0.6842;1000;11303204639;S
20241016;101855;0.6842;1000;11303204640;S
20241016;101855;0.6842;1000;11303204641;S
20241016;101855;0.6842;1000;11303204642;S
20241016;101855;0.6842;1000;11303204643;S
20241016;101855;0.6842;1000;11303204647;S
20241016;101855;0.6842;1000;11303204649;S
20241016;101855;0.6842;1000;11303204650;S
20241016;101855;0.6842;1000;11303204651;S
20241016;101855;0.6842;3000;11303204652;S
20241016;101855;0.6842;4000;11303204656;S
20241016;101855;0.6842;2000;11303204657;S
20241016;101855;0.6842;1000;11303204658;S
20241016;101855;0.6842;2000;11303204660;S
20241016;101855;0.6842;1000;11303204661;S
20241016;101855;0.6842;1000;11303204674;S
20241016;101855;0.6842;1000;11303204675;S
20241016;101855;0.6842;1000;11303204676;S
20241016;101855;0.6842;1000;11303204677;S
20241016;101855;0.6842;1000;11303204679;S
20241016;101855;0.6842;1000;11303204681;S
20241016;101855;0.6842;2000;11303204682;S
20241016;101855;0.6842;1000;11303204683;S
20241016;101855;0.6842;1000;11303204684;S
20241016;101855;0.6842;1000;11303204685;S
20241016;101855;0.6842;1000;11303204686;S
20241016;101855;0.6842;1000;11303204687;S
20241016;101855;0.6842;1000;11303204690;S
20241016;101855;0.6842;1000;11303204691;S
20241016;101855;0.6842;1000;11303204693;S
20241016;101855;0.6842;1000;11303204694;S
20241016;101855;0.6842;1000;11303204695;S
20241016;101855;0.6842;2000;11303204696;S
20241016;101855;0.6842;1000;11303204697;S
20241016;101855;0.6842;3000;11303204698;S
20241016;101855;0.6842;1000;11303204699;S
20241016;101855;0.6842;1000;11303204700;S
20241016;101855;0.6842;1000;11303204701;S
20241016;101855;0.6842;1000;11303204711;S
20241016;101855;0.6842;2000;11303204713;S
20241016;101855;0.6842;1000;11303204714;S
20241016;101855;0.6842;1000;11303204715;S
20241016;101855;0.6842;1000;11303204716;S
20241016;101855;0.6842;1000;11303204718;S
20241016;101855;0.6842;1000;11303204719;S
20241016;101855;0.6842;3000;11303204720;S
20241016;101855;0.6842;1000;11303204721;S
20241016;101855;0.6842;1000;11303204722;S
20241016;101855;0.6842;1000;11303204723;S
20241016;101855;0.6842;1000;11303204724;S
20241016;101855;0.6842;1000;11303204732;S
20241016;101855;0.6842;1000;11303204734;S
20241016;101855;0.6842;1000;11303204735;S
20241016;101855;0.6842;1000;11303204736;S
20241016;101855;0.6842;1000;11303204737;S
20241016;101855;0.6842;1000;11303204738;S
20241016;101855;0.6842;1000;11303204739;S
20241016;101855;0.6842;1000;11303204740;S
20241016;101855;0.6842;2000;11303204741;S
20241016;101855;0.6842;1000;11303204744;S
20241016;101855;0.6842;2000;11303204747;S
20241016;101855;0.6842;4000;11303204758;S
20241016;101855;0.6842;1000;11303204759;S
20241016;101855;0.6848;25000;11303204767;B
20241016;101855;0.6842;2000;11303204771;S
20241016;101855;0.6842;1000;11303204779;S
20241016;101855;0.6841;5000;11303204780;S
20241016;101855;0.6841;2000;11303204781;S
20241016;101855;0.6841;1000;11303204786;S
20241016;101855;0.6841;1000;11303204790;S
20241016;101855;0.6841;1000;11303204792;S
20241016;101855;0.6841;1000;11303204793;S
20241016;101855;0.6841;1000;11303204794;S
20241016;101855;0.6841;1000;11303204795;S
20241016;101855;0.6841;1000;11303204797;S
20241016;101855;0.6841;1000;11303204798;S
20241016;101855;0.6841;1000;11303204801;S
20241016;101855;0.6841;8000;11303204802;S
20241016;101855;0.6841;1000;11303204815;S
20241016;101855;0.6841;4000;11303204816;S
20241016;101855;0.6841;1000;11303204818;S
20241016;101855;0.6841;1000;11303204819;S
20241016;101855;0.6841;1000;11303204821;S
20241016;101855;0.6841;1000;11303204822;S
20241016;101855;0.6841;1000;11303204823;S
20241016;101855;0.6841;1000;11303204825;S
20241016;101855;0.6841;1000;11303204827;S
20241016;101855;0.6841;2000;11303204828;S
20241016;101855;0.6841;1000;11303204832;S
20241016;101855;0.6841;1000;11303204833;S
20241016;101855;0.6841;23000;11303204835;S
20241016;101855;0.6841;1000;11303204837;S
20241016;101855;0.684;1000;11303204838;S
20241016;101855;0.684;1000;11303204839;S
20241016;101855;0.684;1000;11303204840;S
20241016;101855;0.684;2000;11303204841;S
20241016;101855;0.684;1000;11303204842;S
20241016;101855;0.684;2000;11303204845;S
20241016;101855;0.684;5000;11303204847;S
20241016;101855;0.684;1000;11303204852;S
20241016;101855;0.684;1000;11303204854;S
20241016;101855;0.684;2000;11303204855;S
20241016;101855;0.684;1000;11303204858;S
20241016;101855;0.684;1000;11303204859;S
20241016;101855;0.684;1000;11303204861;S
20241016;101855;0.684;1000;11303204862;S
20241016;101855;0.684;1000;11303204864;S
20241016;101855;0.684;1000;11303204866;S
20241016;101855;0.684;1000;11303204868;S
20241016;101855;0.684;1000;11303204870;S
20241016;101855;0.684;1000;11303204871;S
20241016;101855;0.684;1000;11303204874;S
20241016;101855;0.684;1000;11303204879;S
20241016;101855;0.684;1000;11303204882;S
20241016;101855;0.684;1000;11303204883;S
20241016;101855;0.684;1000;11303204884;S
