<DATE>;<TIME>;<LAST>;<VOL>;<ID>;<OPER>
20241029;095934;3765;5;11352134931;S
20241029;095934;3765;1;11352134932;S
20241029;095934;3765;7;11352134933;S
20241029;095934;3765;17;11352134934;S
20241029;095934;3765;3;11352134935;S
20241029;095934;3765;1;11352134936;S
20241029;095934;3765;2;11352134937;S
20241029;095934;3765;174;11352134938;S
20241029;095934;3765;8;11352134939;S
20241029;095934;3765;1;11352134940;S
20241029;095934;3765;3;11352134941;S
20241029;095934;3765;1;11352134942;S
20241029;095934;3765;1;11352134943;B
20241029;095934;3765;1;11352134944;B
20241029;095934;3765;1;11352134945;B
20241029;095934;3765;1;11352134946;B
20241029;095934;3765;1;11352134947;B
20241029;095934;3765;1;11352134948;B
20241029;095934;3765;1;11352134949;B
20241029;095934;3765;1;11352134950;B
20241029;095934;3765;1;11352134951;B
20241029;095934;3765;1;11352134952;B
20241029;095934;3765;3;11352134953;B
20241029;095934;3765;1;11352134954;B
20241029;095934;3765;30;11352134955;B
20241029;095934;3765;2;11352134956;B
20241029;095934;3765;10;11352134957;B
20241029;095934;3765;3;11352134958;B
20241029;095934;3765;5;11352134959;B
20241029;095934;3765;176;11352134960;B
20241029;095934;3765;20;11352134961;B
20241029;095934;3765;5;11352134962;B
20241029;095934;3765;10;11352134963;B
20241029;095934;3765;2;11352134964;B
20241029;095934;3765;50;11352134965;B
20241029;095934;3765;1;11352134966;B
20241029;095934;3765;20;11352134967;B
20241029;095934;3765;5;11352134968;B
20241029;095934;3765;48;11352134969;B
20241029;095934;3765;3;11352134970;B
20241029;095934;3765;1;11352134971;B
20241029;095934;3765;51;11352134972;S
20241029;095934;3765;6;11352134973;B
20241029;095934;3765;1;11352134974;B
20241029;095934;3765;20;11352134975;B
20241029;095934;3765;1;11352134976;S
20241029;095934;3765;11;11352134977;S
20241029;095934;3765;2;11352134978;S
20241029;095934;3765;65;11352134979;S
20241029;095934;3765;65;11352134980;S
20241029;095934;3765;26;11352134981;S
20241029;095934;3765;50;11352134982;B
20241029;095934;3765;10;11352134983;B
20241029;095934;3765;247;11352134984;B
20241029;095934;3765;20;11352134985;B
20241029;095934;3765;33;11352134986;B
20241029;095934;3765;81;11352134987;S
20241029;095934;3765;39;11352134988;B
20241029;095934;3765;1;11352134989;B
20241029;095934;3765;1;11352134990;B
20241029;095934;3765;3;11352134991;S
20241029;095934;3765;10;11352134992;B
20241029;095934;3765;1;11352134993;B
20241029;095934;3765;1;11352134994;S
20241029;095934;3765;1;11352134995;S
20241029;095934;3765;4;11352134996;B
20241029;095934;3765;1;11352134997;B
20241029;095934;3765;19;11352134998;B
20241029;095934;3765;20;11352134999;B
20241029;095934;3765;1;11352135000;B
20241029;095934;3765;10;11352135001;B
20241029;095934;3765;15;11352135002;B
20241029;095934;3765;10;11352135003;B
20241029;095934;3765;10;11352135004;B
20241029;095934;3765;3;11352135005;S
20241029;095934;3765;1;11352135006;S
20241029;095934;3765;11;11352135007;S
20241029;095934;3765;100;11352135008;S
20241029;095934;3765;50;11352135009;S
20241029;095934;3765;3;11352135010;B
20241029;095934;3765;1;11352135011;S
20241029;095934;3765;14;11352135012;S
20241029;095934;3765;2;11352135013;S
20241029;095934;3765;18;11352135014;S
20241029;095934;3765;1;11352135015;S
20241029;095934;3765;3;11352135016;B
20241029;095934;3765;100;11352135017;B
20241029;095934;3765;1;11352135018;B
20241029;095934;3765;2;11352135019;B
20241029;095934;3765;1;11352135020;S
20241029;095934;3765;1;11352135021;B
20241029;095934;3765;2;11352135022;B
20241029;095934;3765;2;11352135023;S
20241029;095934;3765;1;11352135024;S
20241029;095934;3765;1;11352135025;S
20241029;095934;3765;1;11352135026;B
20241029;095934;3765;1;11352135027;B
20241029;095934;3765;80;11352135028;B
20241029;095934;3765;273;11352135029;B
20241029;095934;3765;1;11352135030;B
20241029;095934;3765;1;11352135031;B
20241029;095934;3765;1;11352135032;B
20241029;095934;3765;26;11352135033;B
20241029;095934;3765;1;11352135034;B
20241029;095934;3765;1;11352135035;B
20241029;095934;3765;3;11352135036;B
20241029;095934;3765;85;11352135037;B
20241029;095934;3765;3;11352135038;B
20241029;095934;3765;1;11352135039;B
20241029;095934;3765;200;11352135040;B
20241029;095934;3765;100;11352135041;B
20241029;095934;3765;100;11352135042;S
20241029;095934;3765;1;11352135043;S
20241029;095934;3765;10;11352135044;B
20241029;095934;3765;11;11352135045;B
20241029;095934;3765;10;11352135046;B
20241029;095934;3765;10;11352135047;B
20241029;095934;3765;269;11352135048;B
20241029;095934;3765;2;11352135049;B
20241029;095934;3765;1;11352135050;B
20241029;095934;3765;25;11352135051;B
20241029;095934;3765;10;11352135052;S
20241029;095934;3765;1;11352135053;S
20241029;095934;3765;1;11352135054;B
20241029;095934;3765;1;11352135055;B
20241029;095934;3765;25;11352135056;B
20241029;095934;3765;13;11352135057;B
20241029;095934;3765;1;11352135058;B
20241029;095934;3765;1;11352135059;B
20241029;095934;3765;5;11352135060;B
20241029;095934;3765;50;11352135061;B
20241029;095934;3765;20;11352135062;B
20241029;095934;3765;2;11352135063;B
20241029;095934;3765;10;11352135064;B
20241029;095934;3765;28;11352135065;B
20241029;095934;3765;10;11352135066;B
20241029;095934;3765;5;11352135067;B
20241029;095934;3765;1;11352135068;B
20241029;095934;3765;3;11352135069;B
20241029;095934;3765;1;11352135070;B
20241029;095934;3765;1;11352135071;B
20241029;095934;3765;100;11352135072;B
20241029;095934;3765;5;11352135073;B
20241029;095934;3765;75;11352135074;B
20241029;095934;3765;54;11352135075;B
20241029;095934;3765;40;11352135076;B
20241029;095934;3765;1;11352135077;B
20241029;095934;3765;5;11352135078;S
20241029;095934;3765;10;11352135079;B
20241029;095934;3765;10;11352135080;B
20241029;095934;3765;50;11352135081;B
20241029;095934;3765;30;11352135082;B
20241029;095934;3765;1;11352135083;B
20241029;095934;3765;3;11352135084;B
20241029;095934;3765;281;11352135085;B
20241029;095934;3765;1;11352135086;B
20241029;095934;3765;105;11352135087;B
20241029;100000;3767.5;5;11352142165;S
20241029;100000;3767.5;1;11352142166;S
20241029;100000;3767.5;2;11352142171;S
20241029;100001;3767.5;23;11352142436;S
20241029;100001;3767;50;11352142437;S
20241029;100001;3767;9;11352142438;S
20241029;100001;3766.5;15;11352142439;S
20241029;100001;3766.5;3;11352142440;S
20241029;100001;3766.5;6;11352142446;S
20241029;100001;3766.5;40;11352142447;S
20241029;100001;3766;15;11352142448;S
20241029;100001;3766;39;11352142449;S
20241029;100001;3766.5;23;11352142453;S
20241029;100001;3766.5;9;11352142454;S
20241029;100001;3766;15;11352142455;S
20241029;100001;3766;40;11352142456;S
20241029;100001;3766;9;11352142457;S
20241029;100001;3765.5;4;11352142458;S
20241029;100001;3766;15;11352142464;S
20241029;100001;3766;23;11352142465;S
20241029;100001;3766;40;11352142466;S
20241029;100001;3766;12;11352142467;S
20241029;100001;3765.5;10;11352142468;S
20241029;100001;3767;5;11352142469;B
20241029;100001;3766;23;11352142473;S
20241029;100001;3766;40;11352142474;S
20241029;100001;3765.5;1;11352142475;S
20241029;100001;3765.5;36;11352142476;S
20241029;100001;3767;20;11352142485;B
20241029;100001;3766;15;11352142486;S
20241029;100001;3766;23;11352142487;S
20241029;100001;3766;40;11352142488;S
20241029;100001;3765.5;22;11352142489;S
20241029;100001;3766.5;40;11352142491;B
20241029;100001;3766;15;11352142492;S
20241029;100001;3766;40;11352142493;S
20241029;100001;3766;23;11352142494;S
20241029;100001;3765.5;15;11352142495;S
20241029;100001;3765.5;7;11352142496;S
20241029;100001;3766.5;20;11352142497;B
20241029;100001;3766.5;15;11352142498;B
20241029;100001;3766.5;40;11352142499;B
20241029;100001;3766.5;40;11352142500;B
20241029;100001;3766.5;5;11352142503;B
20241029;100001;3766.5;100;11352142504;S
20241029;100001;3767;15;11352142505;S
20241029;100001;3767;40;11352142506;S
20241029;100001;3767;23;11352142507;S
20241029;100001;3766.5;5;11352142511;B
20241029;100001;3766;40;11352142513;B
20241029;100001;3766;14;11352142514;B
20241029;100001;3766.5;1;11352142516;B
20241029;100001;3766.5;27;11352142532;B
20241029;100001;3766.5;26;11352142533;B
20241029;100001;3767;22;11352142632;B
20241029;100001;3768;28;11352142633;B
20241029;100001;3765.5;39;11352142635;S
20241029;100001;3765.5;21;11352142636;B
20241029;100001;3766;79;11352142637;B
20241029;100001;3766;21;11352142638;B
20241029;100001;3766.5;100;11352142640;B
20241029;100001;3766.5;40;11352142641;B
20241029;100001;3766.5;60;11352142642;B
20241029;100001;3769.5;1;11352142675;B
20241029;100001;3769.5;1;11352142676;B
20241029;100001;3766;1;11352142687;S
20241029;100001;3767;1;11352142713;S
20241029;100001;3769.5;2;11352142716;B
20241029;100001;3769.5;52;11352142724;B
20241029;100001;3769.5;42;11352142725;B
20241029;100001;3769.5;1;11352142761;B
20241029;100001;3769.5;16;11352142765;B
20241029;100001;3769.5;2;11352142839;B
20241029;100001;3768;5;11352142900;S
20241029;100001;3768;3;11352142901;S
20241029;100001;3769.5;35;11352142906;B
20241029;100001;3770;115;11352142907;B
20241029;100001;3769.5;1;11352142910;B
20241029;100001;3769.5;53;11352142913;B
20241029;100001;3770;547;11352142914;B
20241029;100001;3770;210;11352142915;B
20241029;100001;3770;40;11352142916;B
20241029;100001;3768.5;40;11352142917;B
20241029;100001;3768.5;14;11352142918;B
20241029;100001;3768.5;40;11352142922;B
20241029;100001;3768.5;14;11352142923;B
20241029;100001;3767;5;11352142927;S
20241029;100001;3768;40;11352142929;B
20241029;100001;3768;40;11352142930;B
20241029;100001;3768;20;11352142931;B
20241029;100001;3767.5;3;11352142932;S
20241029;100001;3768.5;20;11352142933;B
20241029;100001;3767;40;11352142937;S
20241029;100001;3767;23;11352142938;S
20241029;100001;3766.5;62;11352142939;S
20241029;100002;3766;23;11352142947;S
20241029;100002;3769.5;1;11352142963;B
20241029;100002;3767.5;40;11352142966;B
20241029;100002;3767.5;40;11352142967;B
20241029;100002;3767.5;20;11352142968;B
20241029;100002;3765.5;2;11352143008;S
20241029;100002;3767;15;11352143013;S
20241029;100002;3769.5;1;11352143041;B
20241029;100002;3767;2;11352143089;S
20241029;100002;3769.5;8;11352143137;B
20241029;100002;3767;1;11352143148;S
20241029;100002;3766.5;1;11352143196;S
20241029;100002;3769;10;11352143197;B
20241029;100002;3769;5;11352143198;B
20241029;100002;3769.5;45;11352143199;B
20241029;100002;3769.5;15;11352143200;B
20241029;100002;3769.5;35;11352143201;B
20241029;100002;3767;15;11352143259;S
20241029;100002;3767;40;11352143260;S
20241029;100002;3767;23;11352143261;S
20241029;100002;3766.5;22;11352143262;S
20241029;100002;3767;1;11352143306;S
20241029;100002;3769.5;1;11352143596;B
20241029;100003;3769.5;1;11352143613;B
20241029;100003;3767;7;11352143698;S
20241029;100003;3769.5;6;11352143768;B
20241029;100003;3769.5;48;11352143860;B
20241029;100003;3770;2;11352143861;B
20241029;100003;3769.5;1;11352144838;S
20241029;100004;3770;75;11352145090;B
20241029;100004;3770;2;11352145556;B
20241029;100004;3770;9;11352145796;B
20241029;100004;3770;1;11352145797;B
20241029;100004;3770;3;11352145798;B
20241029;100004;3770;23;11352145799;B
20241029;100004;3770;30;11352145800;B
20241029;100004;3770;10;11352145801;B
20241029;100004;3770;1;11352145802;B
20241029;100004;3771;10;11352145803;B
20241029;100004;3771.5;15;11352145804;B
20241029;100004;3772;2;11352145805;B
20241029;100004;3772;50;11352145806;B
20241029;100004;3772;15;11352145807;B
20241029;100004;3772.5;5;11352145808;B
20241029;100004;3772.5;6;11352145809;B
20241029;100004;3773;5;11352146488;B
20241029;100004;3774.5;1;11352146691;B
20241029;100004;3774.5;1;11352146692;B
20241029;100004;3772.5;15;11352146697;S
20241029;100004;3774.5;2;11352146791;B
20241029;100004;3774.5;1;11352146794;B
20241029;100004;3772.5;23;11352147603;S
20241029;100004;3772.5;15;11352147604;S
20241029;100004;3772;1;11352147605;S
20241029;100004;3772;15;11352147606;S
20241029;100004;3771.5;15;11352147607;S
20241029;100004;3771;15;11352147608;S
20241029;100004;3771;16;11352147609;S
20241029;100005;3774;1;11352147861;B
20241029;100005;3774;14;11352148066;B
20241029;100005;3774;54;11352148067;B
20241029;100005;3774.5;15;11352148068;B
20241029;100005;3774.5;15;11352148069;B
20241029;100005;3774.5;199;11352148077;S
20241029;100005;3774.5;106;11352148078;S
20241029;100005;3775;1;11352148241;B
20241029;100005;3775;1;11352148247;B
20241029;100005;3775;48;11352148486;B
20241029;100005;3775;1;11352148487;B
20241029;100005;3776;2;11352148488;B
20241029;100005;3776.5;15;11352148489;B
20241029;100005;3777;15;11352148490;B
20241029;100005;3777.5;15;11352148491;B
20241029;100005;3778;15;11352148492;B
20241029;100005;3778.5;15;11352148493;B
20241029;100005;3778.5;100;11352148494;B
20241029;100005;3779;1;11352148495;B
20241029;100005;3779;1;11352148496;B
20241029;100005;3779;15;11352148497;B
20241029;100005;3779.5;15;11352148498;B
20241029;100005;3779.5;40;11352148499;B
20241029;100005;3780;2;11352148500;B
20241029;100005;3780;40;11352148501;B
20241029;100005;3780;15;11352148502;B
20241029;100005;3780;10;11352148503;B
20241029;100005;3780.5;54;11352148504;B
20241029;100005;3780.5;15;11352148505;B
20241029;100005;3780.5;23;11352148506;B
20241029;100005;3781;15;11352148507;B
20241029;100005;3781.5;40;11352148508;B
20241029;100005;3782;40;11352148509;B
20241029;100005;3782;54;11352148510;B
20241029;100005;3782.5;60;11352148511;B
20241029;100005;3782.5;194;11352148512;B
20241029;100005;3783;100;11352148513;B
20241029;100005;3783;150;11352148514;B
20241029;100005;3783;40;11352148515;B
20241029;100005;3777;1;11352148626;S
20241029;100005;3777;1;11352148665;S
20241029;100005;3780.5;2;11352148698;B
20241029;100005;3780.5;13;11352148703;B
20241029;100005;3781;54;11352148704;B
20241029;100005;3781;15;11352148705;B
20241029;100005;3781.5;15;11352148706;B
20241029;100005;3781.5;86;11352148707;B
20241029;100005;3782;15;11352148708;B
20241029;100005;3782.5;15;11352148709;B
20241029;100005;3782.5;100;11352148710;B
20241029;100005;3782.5;40;11352148711;B
20241029;100005;3783;60;11352148712;B
20241029;100005;3783;116;11352148713;B
20241029;100005;3781.5;15;11352150369;B
20241029;100005;3782;54;11352150370;B
20241029;100005;3782;11;11352150371;B
20241029;100005;3779.5;15;11352150372;S
20241029;100006;3779.5;23;11352150416;S
20241029;100006;3779.5;15;11352150417;S
20241029;100006;3779;162;11352150418;S
20241029;100006;3779;15;11352150503;S
20241029;100006;3779;8;11352150504;S
20241029;100006;3779;7;11352150506;S
20241029;100006;3779;2;11352150572;S
20241029;100006;3779;6;11352150573;S
20241029;100006;3779;9;11352150574;S
20241029;100006;3780;10;11352150603;B
20241029;100006;3780.5;15;11352150604;B
20241029;100006;3781;15;11352150605;B
20241029;100006;3781.5;24;11352150606;B
20241029;100006;3781;1;11352150783;B
20241029;100006;3779;6;11352150788;S
20241029;100006;3779;19;11352150789;S
20241029;100006;3779;1;11352150869;S
20241029;100006;3780.5;1;11352150874;B
20241029;100006;3780.5;2;11352150951;B
20241029;100006;3780.5;8;11352150954;B
20241029;100006;3779;3;11352150974;S
20241029;100006;3779;8;11352150975;S
20241029;100006;3779;1;11352150976;S
20241029;100006;3780.5;5;11352150985;B
20241029;100007;3780;1;11352151046;S
20241029;100007;3781;1;11352151052;B
20241029;100007;3781;1;11352151057;B
20241029;100007;3781;1;11352151263;B
20241029;100007;3780;1;11352151474;S
20241029;100007;3780.5;1;11352151558;B
20241029;100007;3780;1;11352151630;S
20241029;100007;3780.5;10;11352151753;B
20241029;100007;3780;2;11352152060;S
20241029;100007;3780.5;1;11352152075;B
20241029;100007;3780.5;1;11352152077;B
20241029;100007;3780.5;1;11352152095;B
20241029;100007;3780;1;11352152097;S
20241029;100007;3780.5;10;11352152105;B
20241029;100007;3780;3;11352152108;S
20241029;100007;3780.5;1;11352152193;B
20241029;100007;3780.5;1;11352152196;B
20241029;100007;3780.5;1;11352152205;B
20241029;100007;3780.5;5;11352152209;B
20241029;100008;3780.5;2;11352152463;B
20241029;100008;3780.5;25;11352152464;B
20241029;100009;3781;3;11352152542;B
20241029;100009;3781;1;11352152554;S
20241029;100009;3781.5;3;11352152621;B
20241029;100009;3781;2;11352152645;S
20241029;100009;3781.5;1;11352152702;B
20241029;100009;3781.5;1;11352152703;B
20241029;100009;3781.5;1;11352152712;B
20241029;100009;3781.5;3;11352152765;B
20241029;100010;3781.5;1;11352152848;B
20241029;100010;3781.5;1;11352152864;B
20241029;100010;3781;2;11352152953;S
20241029;100010;3781.5;1;11352152970;B
20241029;100010;3781;6;11352153027;S
20241029;100010;3782;1;11352153033;B
20241029;100010;3782;6;11352153034;B
20241029;100010;3782;7;11352153035;B
20241029;100010;3782;13;11352153036;B
20241029;100010;3782;4;11352153049;B
20241029;100010;3782.5;30;11352153050;B
20241029;100010;3782.5;2;11352153051;B
20241029;100010;3782;1;11352153056;B
20241029;100010;3782;1;11352153057;B
20241029;100010;3781.5;15;11352153210;S
20241029;100010;3781;9;11352153211;S
20241029;100010;3781;15;11352153212;S
20241029;100010;3781;2;11352153213;S
20241029;100010;3780.5;15;11352153214;S
20241029;100010;3780.5;23;11352153215;S
20241029;100010;3780;1;11352153216;S
20241029;100010;3780;15;11352153217;S
20241029;100010;3779.5;15;11352153218;S
20241029;100010;3779;6;11352153219;S
20241029;100010;3778.5;15;11352153220;S
20241029;100010;3778;15;11352153221;S
20241029;100010;3778;54;11352153222;S
20241029;100010;3781;47;11352153249;B
20241029;100011;3782.5;43;11352153321;B
20241029;100011;3783;34;11352153322;B
20241029;100011;3783;250;11352153323;B
20241029;100011;3783;187;11352153324;B
20241029;100011;3780.5;15;11352153437;S
20241029;100011;3780.5;23;11352153438;S
20241029;100011;3780.5;12;11352153439;S
20241029;100011;3782;1;11352153440;B
20241029;100011;3783;63;11352153442;B
20241029;100011;3783;6;11352153443;B
20241029;100011;3784;30;11352153444;B
20241029;100011;3784.5;1;11352153445;B
20241029;100011;3784.5;30;11352153446;B
20241029;100011;3784.5;15;11352153447;B
20241029;100011;3785;30;11352153448;B
20241029;100011;3785;40;11352153449;B
20241029;100011;3785;15;11352153450;B
20241029;100011;3785.5;30;11352153451;B
20241029;100011;3785.5;15;11352153452;B
20241029;100011;3785.5;23;11352153453;B
20241029;100011;3786;30;11352153454;B
20241029;100011;3786;15;11352153455;B
20241029;100011;3786.5;7;11352153456;B
20241029;100011;3784.5;2;11352153551;B
20241029;100011;3782.5;7;11352153575;B
20241029;100011;3782;15;11352153576;B
20241029;100011;3782;15;11352153577;B
20241029;100012;3785;15;11352153583;B
20241029;100012;3785.5;49;11352153584;B
20241029;100012;3782;13;11352153608;S
20241029;100012;3782;2;11352153631;S
20241029;100012;3782;2;11352153632;S
20241029;100012;3782;21;11352153750;S
20241029;100012;3782;47;11352153751;S
20241029;100012;3782;15;11352153752;S
20241029;100012;3781.5;15;11352153753;S
20241029;100012;3781.5;10;11352153754;S
20241029;100012;3784.5;27;11352153793;B
20241029;100013;3785.5;15;11352153854;B
20241029;100013;3786;15;11352153855;B
20241029;100013;3786;70;11352153856;B
20241029;100013;3784;15;11352153867;S
20241029;100013;3783.5;55;11352153868;S
20241029;100013;3785.5;15;11352153917;B
20241029;100013;3785.5;2;11352153918;B
20241029;100013;3786;58;11352153919;B
20241029;100013;3784;1;11352153941;S
20241029;100013;3784;14;11352153951;S
20241029;100013;3783.5;36;11352153952;S
20241029;100014;3784.5;2;11352154050;B
20241029;100014;3784.5;10;11352154134;B
20241029;100015;3784.5;42;11352154314;B
20241029;100015;3784.5;15;11352154315;B
20241029;100015;3784.5;2;11352154316;B
20241029;100015;3785;15;11352154317;B
20241029;100015;3785.5;15;11352154318;B
20241029;100015;3785.5;40;11352154319;B
20241029;100015;3786;15;11352154320;B
20241029;100015;3786;40;11352154321;B
20241029;100015;3786;16;11352154322;B
20241029;100015;3785;4;11352154510;B
20241029;100015;3785.5;1;11352154511;B
20241029;100016;3786;73;11352154650;B
20241029;100016;3786;15;11352154651;B
20241029;100017;3786.5;1;11352154869;B
20241029;100017;3786.5;50;11352155081;B
20241029;100018;3785;3;11352155207;B
20241029;100018;3784;15;11352155224;S
20241029;100018;3783.5;15;11352155225;S
20241029;100018;3783.5;20;11352155226;S
20241029;100018;3785;47;11352155381;B
20241029;100018;3786.5;3;11352155382;B
20241029;100018;3784;7;11352155384;S
20241029;100018;3784;8;11352155385;S
20241029;100018;3784;10;11352155386;S
20241029;100018;3784.5;7;11352155387;S
20241029;100018;3786.5;5;11352155415;B
20241029;100019;3786.5;1;11352155465;B
20241029;100019;3785.5;4;11352155738;S
20241029;100019;3784.5;15;11352155739;S
20241029;100019;3784;15;11352155740;S
20241029;100019;3784;23;11352155741;S
20241029;100019;3783.5;1;11352155742;S
20241029;100019;3783.5;10;11352155743;S
20241029;100019;3783.5;15;11352155744;S
20241029;100019;3783.5;60;11352155745;S
20241029;100019;3783.5;107;11352155746;S
20241029;100020;3784.5;10;11352155945;B
20241029;100020;3785;20;11352156000;B
20241029;100020;3784;12;11352156069;B
20241029;100020;3784;2;11352156101;B
20241029;100020;3784;1;11352156107;B
20241029;100021;3784;1;11352156117;B
20241029;100021;3784.5;26;11352156118;B
20241029;100021;3784.5;10;11352156119;B
20241029;100021;3784.5;1;11352156145;B
20241029;100021;3783.5;1;11352156159;S
20241029;100021;3784;18;11352156170;B
20241029;100021;3784.5;2;11352156171;B
20241029;100021;3783.5;2;11352156331;S
20241029;100022;3784;15;11352156476;B
20241029;100022;3784;9;11352156490;B
20241029;100022;3784.5;1;11352156510;B
20241029;100022;3784.5;1;11352156545;B
20241029;100022;3783.5;12;11352156709;S
20241029;100022;3783.5;88;11352156710;S
20241029;100022;3784;2;11352156718;B
20241029;100022;3784;46;11352156719;B
20241029;100022;3784;15;11352156720;S
20241029;100022;3784;1;11352156721;B
20241029;100022;3784.5;1;11352156729;B
20241029;100023;3784;15;11352156934;S
20241029;100023;3783.5;110;11352156935;S
20241029;100023;3784.5;10;11352156963;B
20241029;100023;3784.5;28;11352156982;B
20241029;100023;3784.5;26;11352156983;B
20241029;100023;3784.5;50;11352156984;B
20241029;100023;3784.5;60;11352156985;B
20241029;100023;3785;136;11352156986;B
20241029;100023;3784.5;1;11352156999;B
20241029;100024;3784.5;2;11352157075;B
20241029;100024;3784.5;50;11352157087;B
20241029;100024;3784;1;11352157099;S
20241029;100024;3784.5;20;11352157151;B
20241029;100025;3785;3;11352157297;B
20241029;100025;3785;114;11352157437;B
20241029;100025;3785;10;11352157506;B
20241029;100025;3785;108;11352157558;B
20241029;100025;3785;89;11352157559;B
20241029;100025;3785;100;11352157645;B
20241029;100025;3785;8;11352157652;B
20241029;100026;3785;12;11352157675;B
20241029;100026;3786;20;11352157679;B
20241029;100026;3786;5;11352157689;S
20241029;100026;3786;10;11352157694;S
20241029;100026;3785.5;10;11352157695;S
20241029;100026;3786.5;1;11352157851;B
20241029;100026;3786.5;5;11352157869;B
20241029;100026;3786.5;34;11352157876;B
20241029;100026;3786.5;10;11352157877;B
20241029;100026;3787;3;11352157880;B
20241029;100026;3787;57;11352157886;B
20241029;100026;3787.5;10;11352157887;B
20241029;100026;3787.5;18;11352157888;B
20241029;100027;3787.5;17;11352158069;B
20241029;100027;3787;1;11352158075;S
20241029;100027;3787.5;15;11352158219;B
20241029;100027;3788;1;11352158220;B
20241029;100027;3788.5;19;11352158221;B
20241029;100027;3788.5;29;11352158222;B
20241029;100027;3789;20;11352158252;B
20241029;100027;3789;41;11352158253;B
20241029;100027;3789;9;11352158254;B
20241029;100027;3789;20;11352158255;B
20241029;100027;3789;7;11352158256;B
20241029;100027;3789;8;11352158257;B
20241029;100027;3789;1;11352158258;B
20241029;100027;3789;1;11352158259;B
20241029;100027;3789;40;11352158260;B
20241029;100027;3789;23;11352158261;B
20241029;100027;3789.5;30;11352158262;B
20241029;100028;3789.5;1;11352158550;B
20241029;100028;3788.5;1;11352158586;S
20241029;100028;3789.5;2;11352158591;B
20241029;100028;3789.5;30;11352158638;B
20241029;100028;3789.5;5;11352158648;B
20241029;100028;3789;20;11352158663;S
20241029;100029;3789.5;7;11352158954;B
20241029;100029;3790;193;11352158955;B
20241029;100029;3790;4;11352159039;B
20241029;100029;3790;1;11352159040;B
20241029;100029;3790;28;11352159041;B
20241029;100029;3789.5;4;11352159150;S
20241029;100029;3790;1;11352159153;B
20241029;100029;3790;10;11352159180;B
20241029;100030;3789.5;1;11352159390;S
20241029;100030;3790;1;11352159391;B
20241029;100031;3789.5;5;11352159480;S
20241029;100031;3789.5;1;11352159481;S
20241029;100031;3789;40;11352159482;S
20241029;100031;3789.5;40;11352159483;B
20241029;100031;3789.5;23;11352159484;B
20241029;100031;3789.5;40;11352159485;S
20241029;100031;3789.5;15;11352159486;S
20241029;100031;3789.5;40;11352159487;S
20241029;100031;3789.5;40;11352159488;S
20241029;100031;3789.5;120;11352159489;S
20241029;100031;3789.5;23;11352159491;S
20241029;100031;3790;10;11352159498;B
20241029;100031;3790;13;11352159499;B
20241029;100031;3790;40;11352159500;B
20241029;100031;3790;1;11352159501;B
20241029;100031;3790.5;15;11352159502;B
20241029;100031;3790.5;54;11352159503;B
20241029;100031;3790.5;23;11352159504;B
20241029;100031;3790.5;3;11352159505;S
20241029;100031;3791;10;11352159507;B
20241029;100031;3791;10;11352159508;B
20241029;100031;3790.5;5;11352159549;S
20241029;100031;3791;5;11352159575;B
20241029;100031;3791.5;16;11352159576;B
20241029;100031;3791.5;44;11352159722;B
20241029;100031;3791.5;50;11352159723;B
20241029;100031;3791.5;60;11352159724;B
20241029;100031;3791.5;23;11352159725;B
20241029;100031;3791.5;15;11352159726;B
20241029;100031;3791.5;60;11352159727;B
20241029;100031;3791.5;40;11352159728;B
20241029;100031;3792;100;11352159729;B
20241029;100031;3792;150;11352159730;B
20241029;100031;3792;55;11352159731;B
20241029;100031;3789.5;10;11352159732;S
20241029;100031;3789.5;5;11352159733;S
20241029;100031;3789.5;39;11352159738;S
20241029;100031;3789.5;1;11352159754;S
20241029;100031;3789.5;2;11352159798;S
20241029;100032;3789.5;1;11352159800;S
20241029;100032;3790;1;11352159932;B
20241029;100032;3789.5;1;11352159944;S
20241029;100032;3790;14;11352159955;B
20241029;100032;3790.5;6;11352159956;B
20241029;100032;3790;1;11352159990;S
20241029;100033;3790;1;11352160011;S
20241029;100034;3790;1;11352160416;S
20241029;100034;3789.5;4;11352160417;S
20241029;100034;3789;40;11352160418;S
20241029;100034;3789;510;11352160419;S
20241029;100034;3789.5;1;11352160503;B
20241029;100035;3789;1;11352160623;S
20241029;100035;3789;19;11352160726;S
20241029;100035;3789;7;11352160727;S
20241029;100035;3788.5;30;11352160774;S
20241029;100035;3789;1;11352160848;B
20241029;100036;3789;25;11352161033;B
20241029;100036;3788.5;178;11352161112;S
20241029;100036;3788.5;2;11352161113;S
20241029;100036;3788.5;1;11352161126;S
20241029;100037;3788.5;59;11352161142;S
20241029;100038;3788.5;22;11352161364;S
20241029;100038;3788;42;11352161365;S
20241029;100038;3788.5;5;11352161402;B
20241029;100038;3788.5;10;11352161512;B
20241029;100038;3788;1;11352161560;S
20241029;100038;3788;27;11352161577;S
20241029;100038;3787;5;11352161604;B
20241029;100038;3787;30;11352161605;B
20241029;100039;3787;2;11352161663;B
20241029;100039;3787;15;11352161664;B
20241029;100039;3787.5;2;11352161665;B
20241029;100039;3787;10;11352161694;B
20241029;100039;3787;1;11352161696;B
20241029;100039;3786.5;1;11352161767;S
20241029;100039;3787;1;11352161783;B
20241029;100039;3786;1;11352161796;S
20241029;100039;3786;7;11352161797;S
20241029;100039;3786;4;11352161798;S
20241029;100039;3787;3;11352161808;B
20241029;100039;3787;27;11352161809;B
20241029;100039;3787;1;11352161876;B
20241029;100040;3786;65;11352161935;S
20241029;100040;3786;5;11352161937;S
20241029;100040;3786.5;1;11352161939;B
20241029;100040;3786.5;15;11352161940;B
20241029;100040;3787;54;11352161941;B
20241029;100040;3787;15;11352161942;B
20241029;100040;3787;15;11352161943;B
20241029;100040;3786.5;14;11352162074;B
20241029;100040;3786.5;1;11352162094;B
20241029;100040;3786.5;3;11352162095;B
20241029;100041;3786.5;4;11352162146;B
20241029;100041;3786;219;11352162453;S
20241029;100041;3786;30;11352162454;S
20241029;100041;3786;64;11352162455;S
20241029;100041;3785.5;55;11352162456;S
20241029;100041;3785.5;30;11352162457;S
20241029;100041;3784.5;1;11352162458;S
20241029;100041;3784.5;1;11352162459;S
20241029;100041;3784.5;24;11352162460;S
20241029;100041;3784;1;11352162461;S
20241029;100041;3784;200;11352162462;S
20241029;100041;3784;15;11352162463;S
20241029;100041;3784;26;11352162464;S
20241029;100041;3783.5;2;11352162465;S
20241029;100041;3783.5;15;11352162466;S
20241029;100041;3783.5;1;11352162467;S
20241029;100041;3783;10;11352162468;S
20241029;100041;3783;2;11352162469;S
20241029;100041;3783;5;11352162470;S
20241029;100041;3783;15;11352162471;S
20241029;100041;3783;23;11352162472;S
20241029;100041;3782.5;15;11352162473;S
20241029;100041;3782;1;11352162474;S
20241029;100041;3782;15;11352162475;S
20241029;100041;3782;9;11352162476;S
20241029;100041;3782;100;11352162477;S
20241029;100041;3782;30;11352162478;S
20241029;100041;3781.5;18;11352162479;S
20241029;100041;3781.5;15;11352162480;S
20241029;100041;3781;15;11352162481;S
20241029;100041;3780.5;15;11352162482;S
20241029;100041;3780;30;11352162483;S
20241029;100041;3780;5;11352162484;S
20241029;100041;3780;40;11352162485;S
20241029;100041;3780;15;11352162486;S
20241029;100041;3779.5;30;11352162487;S
20241029;100041;3781;15;11352162515;B
20241029;100041;3781.5;54;11352162516;B
20241029;100041;3781.5;15;11352162517;B
20241029;100041;3782;15;11352162518;B
20241029;100041;3782.5;15;11352162519;B
20241029;100041;3783;15;11352162520;B
20241029;100041;3783;40;11352162521;B
20241029;100041;3783;23;11352162522;B
20241029;100041;3783.5;15;11352162523;B
20241029;100041;3783.5;40;11352162524;B
20241029;100041;3783.5;9;11352162525;B
20241029;100041;3784;15;11352162526;B
20241029;100041;3784.5;15;11352162527;B
20241029;100041;3784.5;14;11352162528;B
20241029;100041;3780.5;54;11352162530;B
20241029;100042;3781.5;1;11352162714;S
20241029;100042;3782.5;1;11352163009;B
20241029;100042;3782.5;15;11352163010;B
20241029;100042;3783;9;11352163011;B
20241029;100043;3781.5;15;11352163293;S
20241029;100043;3781.5;4;11352163294;S
20241029;100043;3781;142;11352163295;S
20241029;100043;3781;15;11352163296;S
20241029;100043;3780.5;15;11352163297;S
20241029;100043;3780;15;11352163298;S
20241029;100043;3780;23;11352163299;S
20241029;100043;3779.5;15;11352163300;S
20241029;100043;3779;15;11352163301;S
20241029;100043;3779;30;11352163302;S
20241029;100043;3778.5;15;11352163303;S
20241029;100043;3778.5;30;11352163304;S
20241029;100043;3778;15;11352163305;S
20241029;100043;3777.5;90;11352163306;S
20241029;100043;3777.5;15;11352163307;S
20241029;100043;3777;1;11352163308;S
20241029;100043;3777;9;11352163309;S
20241029;100043;3777;15;11352163310;S
20241029;100043;3777;40;11352163311;S
20241029;100043;3776.5;40;11352163312;S
20241029;100043;3776;100;11352163313;S
20241029;100043;3775;1;11352163314;S
20241029;100043;3775;60;11352163315;S
20241029;100043;3775;60;11352163316;S
20241029;100043;3775;60;11352163317;S
20241029;100043;3775;40;11352163318;S
20241029;100043;3774.5;212;11352163319;S
20241029;100043;3780;5;11352163398;B
20241029;100044;3779;1;11352163600;B
20241029;100044;3777;1;11352163691;S
20241029;100044;3777;14;11352163694;S
20241029;100044;3777;4;11352163695;S
20241029;100044;3773.5;1;11352163703;S
20241029;100045;3777.5;15;11352163905;B
20241029;100045;3777.5;15;11352163906;B
20241029;100045;3778.5;9;11352163988;B
20241029;100045;3778.5;1;11352163989;B
20241029;100046;3778.5;2;11352164204;B
20241029;100047;3779;1;11352164419;B
20241029;100047;3779.5;5;11352164420;B
20241029;100047;3780.5;94;11352164421;B
20241029;100047;3782;12;11352164457;B
20241029;100047;3782;2;11352164609;S
20241029;100047;3782;5;11352164614;S
20241029;100047;3784;1;11352164624;B
20241029;100047;3784;1;11352164664;B
20241029;100047;3784;12;11352164699;B
20241029;100048;3784.5;1;11352164723;B
20241029;100048;3784.5;14;11352164749;B
20241029;100048;3784.5;40;11352164750;B
20241029;100048;3784.5;23;11352164751;B
20241029;100048;3785;15;11352164752;B
20241029;100048;3785;24;11352164753;B
20241029;100048;3785;30;11352164754;B
20241029;100048;3785.5;15;11352164755;B
20241029;100048;3785.5;15;11352164756;B
20241029;100048;3786;1;11352164881;B
20241029;100049;3784;1;11352165037;S
20241029;100049;3786;2;11352165120;B
20241029;100050;3786;12;11352165232;B
20241029;100050;3786;3;11352165233;B
20241029;100050;3786;20;11352165301;B
20241029;100050;3786;10;11352165548;B
20241029;100051;3786;7;11352165713;B
20241029;100051;3786;23;11352165714;B
20241029;100051;3786;15;11352165715;B
20241029;100051;3786.5;57;11352165716;B
20241029;100051;3786.5;15;11352165717;B
20241029;100051;3786.5;15;11352165718;B
20241029;100051;3787;15;11352165719;B
20241029;100051;3787;21;11352165720;B
20241029;100051;3786;1;11352165742;B
20241029;100051;3784;15;11352165789;S
20241029;100051;3786;14;11352165819;B
20241029;100051;3786;3;11352165820;B
20241029;100051;3786;20;11352165860;B
20241029;100052;3786;2;11352165899;B
20241029;100052;3786;2;11352165919;B
20241029;100052;3786;10;11352166093;B
20241029;100052;3786;1;11352166111;B
20241029;100052;3786;19;11352166112;B
20241029;100053;3786;4;11352166257;B
20241029;100053;3786;15;11352166258;B
20241029;100054;3785.5;15;11352166424;B
20241029;100054;3785.5;5;11352166425;B
20241029;100054;3785.5;4;11352166452;B
20241029;100054;3784;1;11352166728;S
20241029;100055;3785.5;2;11352167000;B
20241029;100056;3785.5;12;11352167014;B
20241029;100056;3785.5;13;11352167015;B
20241029;100056;3784.5;10;11352167227;S
20241029;100057;3785.5;2;11352167333;B
20241029;100057;3785.5;4;11352167334;B
20241029;100057;3785;10;11352167485;B
20241029;100058;3784.5;1;11352167539;S
20241029;100058;3784.5;54;11352167569;S
20241029;100058;3784;205;11352167570;S
20241029;100058;3784;18;11352167571;S
20241029;100058;3784;15;11352167572;S
20241029;100058;3783.5;30;11352167573;S
20241029;100058;3783.5;20;11352167574;S
20241029;100058;3783.5;226;11352167575;S
20241029;100058;3783.5;1;11352167576;S
20241029;100058;3783.5;15;11352167577;S
20241029;100058;3783.5;117;11352167578;S
20241029;100058;3783;15;11352167579;S
20241029;100058;3783;14;11352167580;S
20241029;100058;3784.5;1;11352167810;B
20241029;100058;3783;5;11352167866;S
20241029;100059;3784.5;10;11352167873;B
20241029;100059;3784;3;11352168009;S
20241029;100059;3784.5;4;11352168025;B
20241029;100059;3784.5;1;11352168026;B
20241029;100059;3784;25;11352168037;S
20241029;100100;3784;2;11352168195;S
20241029;100100;3783.5;8;11352168196;S
20241029;100100;3784.5;2;11352168318;B
20241029;100100;3784.5;37;11352168324;B
20241029;100100;3784.5;15;11352168325;B
20241029;100100;3784.5;16;11352168326;B
20241029;100100;3785;32;11352168327;B
20241029;100100;3784.5;12;11352168337;B
20241029;100100;3784.5;3;11352168372;B
20241029;100100;3784.5;12;11352168373;B
20241029;100101;3783.5;2;11352168380;S
20241029;100101;3783.5;2;11352168404;S
20241029;100101;3783;63;11352168405;S
20241029;100101;3783;15;11352168406;S
20241029;100101;3783;72;11352168407;S
20241029;100101;3782.5;15;11352168408;S
20241029;100101;3782.5;15;11352168409;S
20241029;100101;3782.5;5;11352168410;S
20241029;100101;3782;10;11352168411;S
20241029;100101;3782;15;11352168412;S
20241029;100101;3782;15;11352168413;S
20241029;100101;3781.5;15;11352168414;S
20241029;100101;3781.5;8;11352168415;S
20241029;100101;3783.5;2;11352168483;B
20241029;100101;3783.5;5;11352168484;B
20241029;100102;3783;1;11352168717;S
20241029;100102;3782;3;11352168718;S
20241029;100102;3782;10;11352168719;S
20241029;100102;3781.5;10;11352168758;S
20241029;100102;3782;3;11352168815;B
20241029;100102;3780.5;20;11352168852;S
20241029;100102;3780;15;11352168853;S
20241029;100102;3780;3;11352168854;S
20241029;100102;3780;23;11352168855;S
20241029;100102;3780;9;11352168856;S
20241029;100102;3779.5;15;11352168857;S
20241029;100102;3779.5;9;11352168858;S
20241029;100102;3779;6;11352168859;S
20241029;100103;3782;12;11352168963;B
20241029;100103;3782;30;11352168964;B
20241029;100103;3782;9;11352168965;B
20241029;100103;3782;14;11352168966;B
20241029;100103;3782.5;15;11352168967;B
20241029;100103;3782.5;8;11352168968;B
20241029;100103;3782.5;40;11352168969;B
20241029;100103;3783;15;11352168970;B
20241029;100103;3783;40;11352168971;B
20241029;100103;3783;60;11352168972;B
20241029;100103;3783.5;15;11352168973;B
20241029;100103;3783.5;60;11352168974;B
20241029;100103;3783.5;82;11352168975;B
20241029;100103;3782;5;11352169158;B
20241029;100103;3782.5;15;11352169159;B
20241029;100103;3783;15;11352169160;B
20241029;100103;3783;40;11352169161;B
20241029;100103;3783;10;11352169162;B
20241029;100103;3783;15;11352169163;B
20241029;100103;3783;15;11352169187;B
20241029;100103;3783;10;11352169188;B
20241029;100104;3783;30;11352169330;B
20241029;100104;3783;6;11352169331;B
20241029;100104;3781.5;15;11352169355;S
20241029;100104;3781;3;11352169356;S
20241029;100104;3781;12;11352169379;S
20241029;100104;3780.5;15;11352169380;S
20241029;100104;3780.5;45;11352169381;S
20241029;100104;3783;1;11352169563;B
20241029;100104;3780.5;64;11352169568;S
20241029;100104;3780;10;11352169569;S
20241029;100104;3779.5;15;11352169570;S
20241029;100104;3779.5;10;11352169571;S
20241029;100104;3779;9;11352169572;S
20241029;100104;3779;23;11352169573;S
20241029;100104;3778.5;15;11352169574;S
20241029;100104;3778.5;28;11352169575;S
20241029;100105;3779;2;11352169782;S
20241029;100105;3781.5;10;11352169810;B
20241029;100105;3779;5;11352169824;S
20241029;100106;3781.5;5;11352169966;B
20241029;100106;3781.5;75;11352169967;B
20241029;100106;3782;5;11352170034;B
20241029;100106;3780;10;11352170044;S
20241029;100107;3779.5;15;11352170198;S
20241029;100107;3779.5;23;11352170199;S
20241029;100107;3779;15;11352170200;S
20241029;100107;3779;61;11352170201;S
20241029;100107;3781;2;11352170382;B
20241029;100107;3781.5;15;11352170383;B
20241029;100107;3781.5;8;11352170384;B
20241029;100107;3782;10;11352170385;B
20241029;100107;3782;8;11352170386;B
20241029;100107;3782.5;7;11352170387;B
20241029;100107;3783;14;11352170456;B
20241029;100107;3783;87;11352170457;B
20241029;100107;3783.5;15;11352170458;B
20241029;100107;3783.5;14;11352170459;B
20241029;100108;3783;1;11352170509;S
20241029;100108;3783;15;11352170510;S
20241029;100108;3782.5;15;11352170511;S
20241029;100108;3782.5;6;11352170512;S
20241029;100108;3782;15;11352170513;S
20241029;100108;3782;6;11352170514;S
20241029;100108;3782;10;11352170515;S
20241029;100108;3781.5;15;11352170516;S
20241029;100108;3781;17;11352170517;S
20241029;100108;3783.5;10;11352170549;B
20241029;100108;3781.5;1;11352170562;S
20241029;100108;3783.5;1;11352170740;B
20241029;100109;3783.5;4;11352170762;B
20241029;100109;3784;17;11352170763;B
20241029;100109;3784;15;11352170764;B
20241029;100109;3784.5;15;11352170765;B
20241029;100109;3784.5;23;11352170766;B
20241029;100109;3785;12;11352170767;B
20241029;100109;3785;94;11352170768;B
20241029;100109;3784.5;15;11352170936;B
20241029;100109;3784.5;23;11352170937;B
20241029;100109;3784.5;12;11352170941;S
20241029;100109;3783.5;11;11352170942;S
20241029;100110;3781.5;1;11352171080;S
20241029;100110;3784.5;15;11352171085;B
20241029;100110;3785;5;11352171086;B
20241029;100111;3782.5;15;11352171221;S
20241029;100111;3782.5;159;11352171222;S
20241029;100111;3782;15;11352171223;S
20241029;100111;3782;112;11352171224;S
20241029;100111;3784.5;1;11352171272;B
20241029;100111;3784.5;1;11352171294;B
20241029;100112;3784.5;1;11352171420;B
20241029;100112;3784.5;12;11352171537;B
20241029;100112;3785;3;11352171538;B
20241029;100113;3784.5;6;11352171591;B
20241029;100113;3784.5;2;11352171632;B
20241029;100113;3784.5;1;11352171636;B
20241029;100113;3784.5;6;11352171676;B
20241029;100113;3785;94;11352171677;B
20241029;100114;3783;8;11352171835;S
20241029;100114;3784.5;9;11352171932;B
20241029;100115;3784;10;11352172072;B
20241029;100115;3784;5;11352172110;B
20241029;100116;3784;2;11352172414;B
20241029;100116;3784;43;11352172477;B
20241029;100116;3784;7;11352172478;B
20241029;100117;3783.5;50;11352172653;S
20241029;100117;3783.5;50;11352172655;S
20241029;100117;3782.5;1;11352172656;S
20241029;100117;3782;12;11352172657;S
20241029;100117;3781.5;2;11352172659;S
20241029;100117;3781.5;1;11352172703;S
20241029;100118;3781.5;33;11352172866;S
20241029;100118;3781;1;11352172867;S
20241029;100118;3780;6;11352172868;S
20241029;100118;3780;10;11352172869;S
20241029;100119;3781.5;15;11352173012;B
20241029;100119;3781.5;40;11352173013;B
20241029;100119;3781.5;23;11352173014;B
20241029;100119;3781.5;22;11352173015;B
20241029;100120;3780;34;11352173319;S
20241029;100120;3780;40;11352173320;S
20241029;100120;3779.5;30;11352173395;B
20241029;100120;3779.5;15;11352173396;B
20241029;100120;3780;5;11352173397;B
20241029;100120;3779;3;11352173419;S
20241029;100120;3780;3;11352173448;B
20241029;100121;3780;1;11352173544;B
20241029;100121;3780;12;11352173569;B
20241029;100121;3780;5;11352173647;B
20241029;100121;3781.5;15;11352173648;B
20241029;100121;3781.5;40;11352173649;B
20241029;100121;3781.5;23;11352173650;B
20241029;100121;3781.5;25;11352173651;B
20241029;100121;3782;15;11352173652;B
20241029;100121;3782;40;11352173653;B
20241029;100121;3782.5;15;11352173654;B
20241029;100121;3783;15;11352173655;B
20241029;100121;3783;1;11352173656;B
20241029;100121;3783;60;11352173657;B
20241029;100121;3783;30;11352173658;B
20241029;100121;3783.5;5;11352173659;B
20241029;100121;3783.5;15;11352173660;B
20241029;100121;3783.5;60;11352173661;B
20241029;100121;3783.5;180;11352173662;B
20241029;100121;3784;15;11352173663;B
20241029;100121;3784;10;11352173664;B
20241029;100121;3784;100;11352173665;B
20241029;100121;3784;5;11352173666;B
20241029;100121;3784.5;326;11352173667;B
20241029;100121;3782.5;3;11352173717;S
20241029;100121;3784;23;11352173720;B
20241029;100121;3784.5;24;11352173721;B
20241029;100121;3784.5;15;11352173722;B
20241029;100121;3785;4;11352173723;B
20241029;100121;3785;20;11352173724;B
20241029;100121;3785;6;11352173725;B
20241029;100121;3785;9;11352173726;B
20241029;100121;3785;9;11352173727;B
20241029;100122;3782.5;2;11352173742;S
20241029;100122;3782.5;1;11352173794;S
20241029;100122;3784.5;1;11352173835;B
20241029;100123;3782.5;2;11352173991;S
20241029;100123;3784.5;22;11352173992;B
20241029;100123;3784.5;15;11352173993;B
20241029;100123;3785;6;11352173994;B
20241029;100123;3785;91;11352173995;B
20241029;100123;3784.5;23;11352173999;B
20241029;100124;3784.5;2;11352174118;S
20241029;100124;3784.5;15;11352174119;S
20241029;100124;3784;15;11352174120;S
20241029;100124;3783.5;15;11352174121;S
20241029;100124;3783;15;11352174122;S
20241029;100124;3783;30;11352174123;S
20241029;100124;3782.5;15;11352174124;S
20241029;100124;3782.5;162;11352174125;S
20241029;100124;3782;15;11352174126;S
20241029;100124;3781.5;15;11352174127;S
20241029;100124;3781;1;11352174128;S
20241029;100125;3784.5;20;11352174267;B
20241029;100125;3784;3;11352174268;S
20241029;100125;3784.5;2;11352174314;B
20241029;100125;3784.5;1;11352174335;B
20241029;100125;3785;30;11352174393;B
20241029;100126;3784.5;6;11352174661;S
20241029;100126;3784.5;9;11352174671;S
20241029;100126;3784.5;17;11352174672;S
20241029;100127;3785;1;11352174798;B
20241029;100127;3785;1;11352174833;B
20241029;100127;3785;1;11352174846;B
20241029;100128;3785;1;11352175014;B
20241029;100128;3785;5;11352175015;B
20241029;100128;3785.5;1;11352175016;B
20241029;100128;3785.5;9;11352175040;B
20241029;100128;3786;1;11352175041;B
20241029;100129;3784.5;106;11352175247;S
20241029;100129;3784.5;15;11352175248;S
20241029;100129;3784.5;30;11352175249;S
20241029;100129;3784;147;11352175250;S
20241029;100129;3784;15;11352175251;S
20241029;100129;3784;206;11352175252;S
20241029;100129;3783.5;15;11352175253;S
20241029;100129;3783.5;60;11352175254;S
20241029;100129;3783.5;24;11352175255;S
20241029;100129;3783;15;11352175256;S
20241029;100129;3782.5;15;11352175257;S
20241029;100129;3782;15;11352175258;S
20241029;100129;3782;23;11352175259;S
20241029;100129;3781.5;15;11352175260;S
20241029;100129;3781.5;54;11352175261;S
20241029;100129;3781;14;11352175262;S
20241029;100129;3781;40;11352175263;S
20241029;100129;3781;30;11352175264;S
20241029;100129;3780.5;15;11352175265;S
20241029;100129;3780.5;5;11352175266;S
20241029;100129;3780.5;40;11352175267;S
20241029;100129;3780;15;11352175268;S
20241029;100129;3780;4;11352175269;S
20241029;100129;3780;40;11352175270;S
20241029;100129;3780;1;11352175271;S
20241029;100129;3780;9;11352175272;S
20241029;100129;3780;11;11352175273;S
20241029;100129;3779.5;9;11352175274;S
20241029;100129;3779.5;220;11352175275;S
20241029;100129;3779;107;11352175276;S
20241029;100129;3779;1;11352175277;S
20241029;100129;3779;184;11352175278;B
20241029;100129;3779;50;11352175279;B
20241029;100129;3779;30;11352175280;B
20241029;100129;3779;5;11352175281;B
20241029;100129;3779;30;11352175282;B
20241029;100129;3779;500;11352175283;B
20241029;100129;3779;3;11352175284;B
20241029;100129;3779;382;11352175285;B
20241029;100129;3779;3;11352175286;B
20241029;100130;3778.5;6;11352175378;B
20241029;100130;3778.5;24;11352175423;B
20241029;100130;3778.5;15;11352175424;B
20241029;100130;3779;12;11352175425;B
20241029;100130;3779;249;11352175426;B
20241029;100130;3778;1;11352175457;S
20241029;100130;3778;12;11352175458;S
20241029;100130;3779;4;11352175459;B
20241029;100130;3779;27;11352175460;B
20241029;100130;3779;120;11352175461;B
20241029;100130;3779;1;11352175464;B
20241029;100130;3779;1;11352175465;B
20241029;100130;3779;94;11352175479;B
20241029;100131;3779;100;11352175542;B
20241029;100131;3779;24;11352175543;B
20241029;100131;3778.5;23;11352175577;S
20241029;100131;3778.5;2;11352175578;S
20241029;100132;3779;94;11352175908;B
20241029;100132;3778.5;4;11352175938;S
20241029;100132;3778.5;6;11352175939;S
20241029;100132;3778.5;113;11352175940;S
20241029;100132;3778;82;11352175941;S
20241029;100132;3778;15;11352175942;S
20241029;100132;3778;49;11352175943;S
20241029;100133;3778.5;15;11352176104;B
20241029;100133;3779;38;11352176105;B
20241029;100133;3778;140;11352176127;S
20241029;100133;3777.5;219;11352176128;S
20241029;100133;3777.5;23;11352176129;S
20241029;100133;3777.5;15;11352176130;S
20241029;100133;3777;3;11352176131;S
20241029;100133;3777;15;11352176132;S
20241029;100133;3776.5;15;11352176133;S
20241029;100133;3776;5;11352176134;S
20241029;100133;3776;15;11352176135;S
20241029;100133;3776;30;11352176136;S
20241029;100133;3776;30;11352176137;S
20241029;100133;3775.5;15;11352176138;S
20241029;100133;3775;1;11352176139;S
20241029;100133;3775;15;11352176140;S
20241029;100133;3774.5;15;11352176141;S
20241029;100133;3774.5;100;11352176142;S
20241029;100133;3774;15;11352176143;S
20241029;100133;3774;40;11352176144;S
20241029;100133;3774;60;11352176145;S
20241029;100133;3773.5;100;11352176146;S
20241029;100133;3773.5;20;11352176147;S
20241029;100133;3773.5;15;11352176148;S
20241029;100133;3773;10;11352176149;S
20241029;100133;3773;15;11352176150;S
20241029;100133;3772.5;1;11352176151;S
20241029;100133;3772.5;60;11352176152;S
20241029;100133;3772.5;40;11352176153;S
20241029;100133;3772;125;11352176154;S
20241029;100133;3771.5;1;11352176155;S
20241029;100133;3771;40;11352176156;S
20241029;100133;3771;24;11352176157;S
20241029;100133;3770.5;10;11352176158;S
20241029;100133;3770.5;1;11352176159;S
20241029;100133;3770.5;40;11352176160;S
20241029;100133;3770.5;27;11352176161;S
20241029;100133;3772;30;11352176167;S
20241029;100133;3772;23;11352176168;S
20241029;100133;3772;47;11352176169;S
20241029;100133;3772;2;11352176173;S
20241029;100133;3775;1;11352176211;B
20241029;100133;3772;1;11352176268;S
20241029;100134;3772.5;1;11352176326;B
20241029;100134;3773;1;11352176366;B
20241029;100134;3772.5;1;11352176436;B
20241029;100134;3773.5;54;11352176470;B
20241029;100134;3774;10;11352176471;B
20241029;100134;3774;15;11352176472;B
20241029;100134;3774.5;15;11352176473;B
20241029;100134;3775;14;11352176474;B
20241029;100134;3775.5;42;11352176475;B
20241029;100134;3773;1;11352176476;B
20241029;100135;3774;1;11352176528;S
20241029;100135;3774;9;11352176529;S
20241029;100135;3774;1;11352176544;B
20241029;100135;3773.5;1;11352176647;B
20241029;100135;3772.5;30;11352176679;S
20241029;100135;3772.5;20;11352176680;S
20241029;100136;3772.5;3;11352176695;S
20241029;100136;3772.5;2;11352176696;S
20241029;100136;3775;1;11352176734;B
20241029;100136;3775;9;11352176735;B
20241029;100136;3776;1;11352176779;B
20241029;100136;3773;26;11352176784;S
20241029;100136;3773;23;11352176785;S
20241029;100136;3773;42;11352176786;S
20241029;100136;3773;4;11352176787;B
20241029;100137;3774.5;5;11352177044;B
20241029;100137;3775.5;10;11352177045;B
20241029;100137;3772.5;56;11352177077;S
20241029;100137;3775.5;1;11352177108;B
20241029;100138;3773;5;11352177292;B
20241029;100139;3774.5;1;11352177310;B
20241029;100139;3774.5;36;11352177365;B
20241029;100139;3775;15;11352177366;B
20241029;100139;3775.5;10;11352177384;B
20241029;100139;3775;4;11352177390;S
20241029;100139;3774.5;23;11352177391;S
20241029;100139;3774;15;11352177392;S
20241029;100139;3773.5;15;11352177393;S
20241029;100139;3773;15;11352177394;S
20241029;100139;3772.5;60;11352177395;S
20241029;100139;3772.5;60;11352177396;S
20241029;100139;3772.5;15;11352177397;S
20241029;100139;3772;93;11352177398;S
20241029;100139;3772.5;23;11352177432;S
20241029;100139;3772;12;11352177433;S
20241029;100139;3772;30;11352177434;S
20241029;100139;3772;60;11352177435;S
20241029;100139;3771.5;3;11352177436;S
20241029;100139;3771.5;4;11352177437;S
20241029;100140;3774.5;1;11352177486;B
20241029;100140;3773.5;1;11352177536;B
20241029;100141;3773.5;4;11352177597;B
20241029;100141;3773.5;10;11352177602;B
20241029;100141;3774;1;11352177604;B
20241029;100141;3773;2;11352177739;B
20241029;100142;3773;2;11352177802;B
20241029;100142;3773;1;11352177949;B
20241029;100142;3773;1;11352177967;B
20241029;100142;3773;5;11352177968;B
20241029;100142;3773;4;11352177969;B
20241029;100142;3772.5;6;11352177986;S
20241029;100142;3773;1;11352177987;B
20241029;100143;3773;3;11352178169;B
20241029;100143;3773;4;11352178214;B
20241029;100143;3772.5;4;11352178224;S
20241029;100143;3773;7;11352178239;B
20241029;100143;3774.5;1;11352178266;B
20241029;100143;3773;1;11352178356;S
20241029;100144;3774;23;11352178667;S
20241029;100144;3773.5;31;11352178668;S
20241029;100144;3774;23;11352178702;S
20241029;100144;3773.5;31;11352178703;S
20241029;100144;3773;250;11352178704;S
20241029;100144;3773;1;11352178705;S
20241029;100144;3773;30;11352178706;S
20241029;100144;3772.5;11;11352178707;S
20241029;100144;3772;96;11352178708;S
20241029;100144;3772;125;11352178709;S
20241029;100144;3771.5;161;11352178710;S
20241029;100144;3771.5;40;11352178711;S
20241029;100144;3771;15;11352178712;S
20241029;100144;3771;27;11352178713;S
20241029;100144;3771;33;11352178714;S
20241029;100144;3770.5;1;11352178715;S
20241029;100144;3770.5;40;11352178716;S
20241029;100144;3770.5;54;11352178717;S
20241029;100144;3770;1;11352178718;S
20241029;100144;3770;100;11352178719;S
20241029;100144;3770;100;11352178720;S
20241029;100144;3769.5;20;11352178721;S
20241029;100144;3769.5;20;11352178722;S
20241029;100144;3769.5;1;11352178723;S
20241029;100144;3769;40;11352178724;S
20241029;100144;3769;280;11352178725;B
20241029;100144;3769;30;11352178726;B
20241029;100144;3769;19;11352178727;B
20241029;100144;3769;64;11352178728;B
20241029;100144;3769;220;11352178735;B
20241029;100144;3769;15;11352178739;B
20241029;100145;3768.5;23;11352178795;S
20241029;100145;3768;30;11352178796;S
20241029;100145;3768;50;11352178797;S
20241029;100145;3767.5;54;11352178798;S
20241029;100145;3767;19;11352178799;S
20241029;100145;3767;60;11352178800;S
20241029;100145;3767;49;11352178801;S
20241029;100145;3768.5;1;11352178804;B
20241029;100145;3767;11;11352178810;S
20241029;100145;3767;23;11352178811;S
20241029;100145;3766.5;66;11352178812;S
20241029;100145;3768.5;1;11352178825;B
20241029;100145;3768.5;13;11352178937;B
20241029;100145;3768.5;54;11352178938;B
20241029;100145;3769;13;11352178939;B
20241029;100145;3768.5;1;11352178967;B
20241029;100146;3768;10;11352179008;S
20241029;100146;3768.5;11;11352179009;B
20241029;100146;3768.5;20;11352179078;S
20241029;100146;3768.5;3;11352179083;S
20241029;100146;3768;17;11352179084;S
20241029;100146;3768.5;23;11352179278;S
20241029;100146;3768;36;11352179279;S
20241029;100146;3768;23;11352179324;S
20241029;100146;3767.5;27;11352179325;S
20241029;100147;3767.5;20;11352179403;S
20241029;100147;3768.5;1;11352179406;B
20241029;100147;3768.5;2;11352179565;B
20241029;100147;3768.5;11;11352179691;B
20241029;100147;3767.5;2;11352179697;S
20241029;100147;3769;1;11352179743;B
20241029;100148;3768.5;27;11352179769;B
20241029;100148;3769;71;11352179770;B
20241029;100148;3769;30;11352179938;B
20241029;100148;3769;1;11352180034;B
20241029;100149;3768;15;11352180113;S
20241029;100149;3768;23;11352180114;S
20241029;100149;3768;54;11352180115;S
20241029;100149;3768;1;11352180116;S
20241029;100149;3767.5;15;11352180117;S
20241029;100149;3767.5;31;11352180118;S
20241029;100149;3767.5;1;11352180119;S
20241029;100149;3767.5;30;11352180120;S
20241029;100149;3767;90;11352180121;S
20241029;100149;3767;15;11352180122;S
20241029;100149;3767;60;11352180123;S
20241029;100149;3766.5;102;11352180124;S
20241029;100149;3768.5;1;11352180241;B
20241029;100149;3767;16;11352180243;S
20241029;100149;3768.5;14;11352180259;B
20241029;100149;3769;15;11352180287;B
20241029;100149;3769;555;11352180292;B
20241029;100150;3769;20;11352180550;B
20241029;100151;3768.5;7;11352180683;S
20241029;100151;3768.5;23;11352180684;S
20241029;100151;3768.5;16;11352180685;S
20241029;100151;3769;22;11352180817;B
20241029;100151;3769;1;11352180827;B
20241029;100151;3769;20;11352180829;B
20241029;100152;3769;5;11352181159;B
20241029;100152;3769;10;11352181188;B
20241029;100153;3769;50;11352181300;B
20241029;100153;3769;15;11352181348;B
20241029;100154;3769;20;11352181609;B
20241029;100155;3768.5;72;11352181783;S
20241029;100155;3768.5;23;11352181784;S
20241029;100155;3768.5;2;11352181785;S
20241029;100155;3768;103;11352181786;S
20241029;100155;3768.5;23;11352181895;S
20241029;100155;3768;44;11352181896;S
20241029;100155;3768;33;11352181897;S
20241029;100155;3769;4;11352181918;B
20241029;100156;3769;10;11352182092;B
20241029;100156;3768.5;7;11352182302;S
20241029;100156;3769;14;11352182308;B
20241029;100156;3769;6;11352182349;B
20241029;100157;3769;15;11352182360;B
20241029;100157;3769;4;11352182447;B
20241029;100157;3769;4;11352182536;B
20241029;100158;3769;2;11352182573;B
20241029;100158;3769;50;11352182598;B
20241029;100159;3769;10;11352182904;B
20241029;100200;3769;20;11352183209;B
20241029;100200;3769;5;11352183363;B
20241029;100201;3769;10;11352183777;B
20241029;100201;3768.5;2;11352183788;S
20241029;100201;3769;4;11352183926;B
20241029;100202;3769;15;11352183973;B
20241029;100202;3769;4;11352183984;B
20241029;100202;3768.5;75;11352184287;S
20241029;100202;3768.5;23;11352184288;S
20241029;100202;3768.5;26;11352184289;S
20241029;100202;3768.5;20;11352184290;S
20241029;100202;3768.5;30;11352184291;S
20241029;100202;3768.5;23;11352184292;S
20241029;100202;3768;4;11352184293;S
20241029;100202;3768;48;11352184294;S
20241029;100202;3768;23;11352184295;S
20241029;100202;3768;136;11352184296;S
20241029;100202;3767.5;149;11352184297;S
20241029;100202;3767.5;31;11352184298;S
20241029;100202;3767;1;11352184299;S
20241029;100202;3766.5;32;11352184300;S
20241029;100202;3766.5;40;11352184301;S
20241029;100202;3766;200;11352184302;S
20241029;100202;3766;100;11352184303;S
20241029;100202;3766;10;11352184304;S
20241029;100202;3766;29;11352184305;S
20241029;100203;3767.5;23;11352184363;S
20241029;100203;3767;2;11352184364;S
20241029;100203;3768.5;1;11352184365;B
20241029;100203;3768.5;14;11352184405;B
20241029;100203;3769;13;11352184406;B
20241029;100203;3768.5;1;11352184455;B
20241029;100204;3768;1;11352184563;B
20241029;100204;3768.5;14;11352184564;B
20241029;100204;3768.5;5;11352184565;B
20241029;100204;3769;105;11352184566;B
20241029;100204;3768;3;11352184688;S
20241029;100204;3768;15;11352184689;S
20241029;100204;3767.5;54;11352184690;S
20241029;100204;3767.5;15;11352184691;S
20241029;100204;3767.5;5;11352184692;S
20241029;100204;3767;8;11352184693;S
20241029;100204;3768.5;2;11352184778;B
20241029;100204;3768.5;10;11352184786;B
20241029;100205;3769;1;11352185131;B
20241029;100206;3769;1;11352185304;B
20241029;100206;3769;1;11352185577;B
20241029;100207;3769;17;11352185601;B
20241029;100207;3769;1;11352185602;B
20241029;100207;3769;2;11352185603;B
20241029;100207;3769;100;11352185656;B
20241029;100207;3769;10;11352185660;B
20241029;100207;3768.5;19;11352185711;B
20241029;100207;3768.5;4;11352185718;B
20241029;100207;3768.5;15;11352185719;B
20241029;100207;3769;1;11352185743;B
20241029;100208;3769;4;11352185872;B
20241029;100208;3769;1;11352186162;B
20241029;100209;3769;1;11352186318;B
20241029;100209;3769;371;11352186492;B
20241029;100209;3769;1;11352186493;B
20241029;100209;3769;128;11352186494;B
20241029;100209;3769;372;11352186495;B
20241029;100210;3769;10;11352186528;B
20241029;100210;3769;100;11352186540;B
20241029;100210;3769;1;11352186576;B
20241029;100210;3769;20;11352186585;B
20241029;100210;3769;1;11352186855;B
20241029;100210;3769;30;11352186859;B
20241029;100210;3768.5;9;11352186865;S
20241029;100210;3768.5;2;11352186866;S
20241029;100210;3768.5;9;11352186867;S
20241029;100210;3768.5;23;11352186868;S
20241029;100210;3768.5;5;11352186869;S
20241029;100211;3769;400;11352186991;B
20241029;100211;3769;50;11352186999;B
20241029;100211;3769;1;11352187005;B
20241029;100211;3768.5;2;11352187006;S
20241029;100211;3768.5;2;11352187017;S
20241029;100212;3769;100;11352187312;B
20241029;100212;3769;1;11352187365;B
20241029;100212;3768.5;6;11352187470;S
20241029;100212;3768.5;6;11352187519;S
20241029;100212;3768.5;1;11352187637;S
20241029;100212;3769;286;11352187688;B
20241029;100212;3769;500;11352187689;B
20241029;100212;3769;500;11352187690;B
20241029;100213;3769;1;11352187722;B
20241029;100213;3769;3500;11352187766;B
20241029;100213;3769;55;11352187788;B
20241029;100213;3768.5;3;11352187886;S
20241029;100213;3768.5;3;11352187922;S
20241029;100214;3769;7;11352188026;B
20241029;100215;3769;3;11352188490;B
20241029;100215;3768.5;27;11352188514;S
20241029;100215;3768.5;24;11352188569;S
20241029;100215;3768.5;3;11352188570;S
20241029;100215;3768.5;16;11352188577;S
20241029;100215;3768.5;11;11352188578;S
20241029;100215;3768.5;27;11352188633;S
20241029;100215;3769;26;11352188666;B
20241029;100215;3769;408;11352188667;B
20241029;100215;3769;15;11352188668;B
20241029;100215;3770.5;25;11352188690;B
20241029;100215;3771;24;11352188695;B
20241029;100215;3771.5;1;11352188696;B
20241029;100216;3770.5;15;11352188791;S
20241029;100216;3770.5;54;11352188792;S
20241029;100216;3770;31;11352188793;S
20241029;100216;3772;2;11352188796;B
20241029;100216;3772;1;11352188820;B
20241029;100217;3772;12;11352189153;B
20241029;100217;3772;88;11352189154;B
20241029;100217;3770.5;8;11352189157;S
20241029;100217;3772;74;11352189186;B
20241029;100217;3772;15;11352189187;B
20241029;100217;3772.5;11;11352189188;B
20241029;100217;3770.5;15;11352189200;S
20241029;100217;3770;54;11352189201;S
20241029;100217;3770;54;11352189202;S
20241029;100217;3770;15;11352189203;S
20241029;100217;3769.5;67;11352189204;S
20241029;100217;3769.5;15;11352189205;S
20241029;100217;3769.5;30;11352189206;S
20241029;100217;3769;16;11352189207;S
20241029;100217;3769;112;11352189208;S
20241029;100217;3769;2;11352189209;S
20241029;100217;3769;15;11352189210;S
20241029;100217;3768.5;157;11352189211;S
20241029;100217;3768.5;4;11352189212;S
20241029;100217;3768.5;24;11352189213;S
20241029;100217;3768.5;15;11352189214;S
20241029;100217;3768;123;11352189215;S
20241029;100217;3768;79;11352189216;S
20241029;100217;3768;40;11352189217;S
20241029;100217;3768;15;11352189218;S
20241029;100217;3767.5;148;11352189219;S
20241029;100217;3771;15;11352189260;B
20241029;100217;3771;15;11352189269;B
20241029;100217;3771.5;13;11352189270;B
20241029;100217;3771.5;1;11352189299;B
20241029;100218;3769.5;1;11352189417;S
20241029;100218;3771.5;1;11352189634;B
20241029;100218;3771.5;4;11352189635;B
20241029;100218;3769.5;10;11352189705;S
20241029;100219;3771;15;11352189846;B
20241029;100219;3771.5;6;11352189847;B
20241029;100219;3771.5;15;11352189848;B
20241029;100219;3771.5;40;11352189849;B
20241029;100219;3772;10;11352189850;B
20241029;100219;3772;14;11352189851;B
20241029;100220;3769.5;15;11352190213;S
20241029;100220;3769.5;25;11352190214;S
20241029;100220;3771.5;15;11352190376;B
20241029;100220;3771.5;40;11352190377;B
20241029;100220;3772;1;11352190378;B
20241029;100220;3772;9;11352190379;B
20241029;100220;3772;15;11352190380;B
20241029;100220;3771.5;15;11352190474;B
20241029;100220;3772;9;11352190475;B
20241029;100220;3772;1;11352190476;B
20241029;100220;3772;1;11352190477;B
20241029;100220;3772;15;11352190478;B
20241029;100220;3772;1;11352190479;B
20241029;100220;3772.5;39;11352190480;B
20241029;100220;3772.5;15;11352190481;B
20241029;100221;3772;1;11352190556;B
20241029;100221;3772.5;10;11352190694;B
20241029;100221;3772.5;3;11352190723;B
20241029;100221;3772.5;200;11352190785;B
20241029;100222;3773;10;11352190837;B
20241029;100223;3775;15;11352191181;S
20241029;100223;3774.5;1;11352191182;S
20241029;100223;3774.5;8;11352191183;S
20241029;100223;3776.5;2;11352191185;B
20241029;100223;3776;5;11352191375;B
20241029;100223;3776;5;11352191376;B
20241029;100223;3777;26;11352191437;B
20241029;100224;3776;5;11352191481;S
20241029;100224;3777.5;4;11352191770;B
20241029;100225;3777;2;11352191936;S
20241029;100225;3777;2;11352191964;S
20241029;100226;3776.5;1;11352192184;S
20241029;100226;3776.5;1;11352192210;S
20241029;100226;3776.5;8;11352192217;S
20241029;100226;3776.5;8;11352192239;S
20241029;100226;3777;5;11352192527;B
20241029;100226;3777;23;11352192528;B
20241029;100226;3777.5;5;11352192529;B
20241029;100226;3777.5;40;11352192530;B
20241029;100226;3778;40;11352192531;B
20241029;100226;3778;15;11352192532;B
20241029;100226;3778;60;11352192533;B
20241029;100226;3778.5;25;11352192534;B
20241029;100226;3778.5;15;11352192535;B
20241029;100226;3778.5;60;11352192536;B
20241029;100226;3778.5;60;11352192537;B
20241029;100226;3778.5;30;11352192538;B
20241029;100226;3779;167;11352192539;B
20241029;100227;3778;2;11352192684;S
20241029;100227;3778;2;11352192685;S
20241029;100227;3778.5;34;11352192693;B
20241029;100227;3778;3;11352192728;S
20241029;100227;3778;3;11352192745;S
20241029;100227;3778.5;1;11352192780;B
20241029;100228;3778;5;11352192946;S
20241029;100228;3777.5;54;11352192947;S
20241029;100228;3777.5;15;11352192948;S
20241029;100228;3777.5;2;11352192949;S
20241029;100228;3777;15;11352192950;S
20241029;100228;3777;54;11352192951;S
20241029;100228;3776.5;40;11352192952;S
20241029;100228;3776.5;15;11352192953;S
20241029;100228;3776;10;11352192954;S
20241029;100228;3776;90;11352192955;S
20241029;100228;3777;1;11352193159;S
20241029;100228;3777;1;11352193160;S
20241029;100228;3777;1;11352193306;S
20241029;100229;3778;15;11352193341;B
20241029;100229;3778;40;11352193342;B
20241029;100229;3778;23;11352193343;B
20241029;100229;3778.5;5;11352193344;B
20241029;100229;3778.5;5;11352193345;B
20241029;100229;3778.5;12;11352193346;B
20241029;100229;3777.5;1;11352193391;S
20241029;100229;3777.5;4;11352193392;S
20241029;100231;3777.5;25;11352193939;S
20241029;100232;3778.5;23;11352194152;B
20241029;100232;3779;245;11352194153;B
20241029;100232;3779;15;11352194154;B
20241029;100232;3778.5;10;11352194167;B
20241029;100232;3777.5;19;11352194255;S
20241029;100232;3778.5;50;11352194278;B
20241029;100232;3778.5;5;11352194292;B
20241029;100232;3778.5;1;11352194299;B
20241029;100232;3778;1;11352194301;S
20241029;100232;3778;1;11352194307;S
20241029;100232;3778.5;17;11352194338;B
20241029;100232;3778.5;13;11352194339;B
20241029;100233;3778.5;1;11352194629;B
20241029;100235;3778.5;5;11352195149;B
20241029;100235;3778.5;5;11352195267;B
20241029;100235;3778;1;11352195303;S
20241029;100235;3778;1;11352195321;S
20241029;100235;3778;2;11352195349;S
20241029;100235;3778;2;11352195351;S
20241029;100236;3778.5;1;11352195533;B
20241029;100236;3778;9;11352195623;S
20241029;100236;3778;9;11352195660;S
20241029;100236;3778;18;11352195760;S
20241029;100236;3777.5;5;11352195776;S
20241029;100236;3777.5;13;11352195777;S
20241029;100236;3777.5;2;11352195790;S
20241029;100236;3777.5;2;11352195801;S
20241029;100237;3778.5;5;11352195882;B
20241029;100237;3778.5;44;11352196020;B
20241029;100237;3778.5;23;11352196021;B
20241029;100237;3778.5;33;11352196022;B
20241029;100237;3777.5;4;11352196038;S
20241029;100237;3777.5;4;11352196056;S
20241029;100237;3778.5;7;11352196177;B
20241029;100237;3778.5;15;11352196178;B
20241029;100237;3778.5;23;11352196179;B
20241029;100237;3779;44;11352196180;B
20241029;100237;3778.5;15;11352196198;B
20241029;100237;3778.5;23;11352196199;B
20241029;100237;3778.5;12;11352196204;S
20241029;100237;3778;3;11352196205;S
20241029;100238;3779;130;11352196266;B
20241029;100238;3778;5;11352196454;S
20241029;100238;3779;1;11352196542;B
20241029;100238;3779;1;11352196570;B
20241029;100238;3778;1;11352196614;S
20241029;100239;3779;10;11352196726;B
20241029;100240;3778.5;2;11352196861;S
20241029;100240;3778.5;2;11352196870;S
20241029;100240;3779;1;11352197082;B
20241029;100240;3779;40;11352197108;B
20241029;100240;3777.5;26;11352197143;S
20241029;100240;3777.5;54;11352197144;S
20241029;100240;3777.5;15;11352197145;S
20241029;100240;3777.5;13;11352197146;S
20241029;100240;3777;42;11352197147;S
20241029;100240;3778.5;10;11352197210;B
20241029;100241;3778.5;5;11352197227;B
20241029;100241;3779;197;11352197352;B
20241029;100241;3779;15;11352197353;B
20241029;100241;3779;15;11352197354;B
20241029;100241;3778.5;20;11352197399;B
20241029;100241;3778;15;11352197452;S
20241029;100241;3778;3;11352197453;S
20241029;100241;3778;18;11352197477;S
20241029;100242;3778.5;20;11352197549;B
20241029;100242;3778.5;60;11352197550;B
20241029;100242;3778.5;15;11352197551;B
20241029;100242;3779;17;11352197552;B
20241029;100242;3777.5;6;11352197595;S
20241029;100242;3777.5;6;11352197600;S
20241029;100242;3777.5;24;11352197845;S
20241029;100243;3777.5;3;11352197953;S
20241029;100243;3777.5;8;11352197964;S
20241029;100243;3777.5;7;11352197965;S
20241029;100243;3778;1;11352198159;B
20241029;100243;3778;2;11352198160;B
20241029;100243;3778;1;11352198335;B
20241029;100244;3778.5;1;11352198412;B
20241029;100244;3778.5;39;11352198415;B
20241029;100244;3779;14;11352198416;B
20241029;100244;3777.5;1;11352198417;S
20241029;100244;3777.5;4;11352198423;S
20241029;100245;3777.5;2;11352198831;S
20241029;100245;3778;1;11352198878;B
20241029;100245;3778;3;11352198956;B
20241029;100245;3778;2;11352198957;S
20241029;100246;3778;13;11352199014;S
20241029;100246;3778;2;11352199015;S
20241029;100246;3778;15;11352199029;S
20241029;100246;3778;1;11352199276;S
20241029;100246;3778;2;11352199341;S
20241029;100246;3778;2;11352199352;S
20241029;100247;3778;2;11352199481;S
20241029;100247;3778;1;11352199482;S
20241029;100247;3778;1;11352199489;S
20241029;100247;3778;1;11352199490;S
20241029;100247;3777.5;1;11352199491;S
20241029;100247;3778.5;1;11352199551;B
20241029;100247;3778.5;65;11352199577;B
20241029;100247;3778.5;15;11352199578;B
20241029;100247;3779;65;11352199579;B
20241029;100248;3778;3;11352199681;S
20241029;100248;3778;3;11352199705;S
20241029;100248;3778;33;11352199713;S
20241029;100248;3778;15;11352199754;S
20241029;100248;3777.5;1;11352199758;S
20241029;100248;3777.5;2;11352199792;S
20241029;100248;3777.5;1;11352200066;S
20241029;100248;3778;19;11352200119;B
20241029;100248;3779;51;11352200120;B
20241029;100248;3778;3;11352200121;S
20241029;100249;3779;2;11352200144;B
20241029;100249;3779;1;11352200172;B
20241029;100249;3779;13;11352200236;B
20241029;100251;3778.5;7;11352200711;S
20241029;100251;3778.5;19;11352200712;S
20241029;100251;3778.5;26;11352200743;S
20241029;100251;3778.5;8;11352200798;S
20241029;100251;3778;26;11352200836;S
20241029;100251;3778;21;11352200856;S
20241029;100253;3778;24;11352201321;S
20241029;100253;3778;18;11352201340;S
20241029;100253;3778;6;11352201341;S
20241029;100253;3778;2;11352201361;S
20241029;100253;3778;2;11352201373;S
20241029;100253;3778.5;2;11352201509;B
20241029;100253;3778.5;9;11352201510;B
20241029;100253;3778.5;3;11352201560;B
20241029;100254;3778.5;1;11352201659;B
20241029;100254;3778.5;3;11352201869;B
20241029;100254;3778.5;25;11352201873;B
20241029;100254;3778;3;11352201934;S
20241029;100255;3778;1;11352201988;S
20241029;100255;3778;1;11352201989;S
20241029;100256;3778.5;1;11352202403;B
20241029;100256;3778.5;1;11352202417;B
20241029;100256;3778.5;50;11352202448;B
20241029;100256;3778;2;11352202471;S
20241029;100256;3778;2;11352202486;S
20241029;100257;3778;8;11352202543;S
20241029;100257;3778;8;11352202544;S
20241029;100257;3778;18;11352202573;S
20241029;100257;3778;2;11352202582;S
20241029;100257;3778.5;1;11352202612;B
20241029;100257;3778.5;22;11352202775;B
20241029;100257;3778.5;18;11352202776;B
20241029;100258;3778.5;20;11352202944;B
20241029;100258;3778.5;60;11352202956;B
20241029;100300;3778.5;2;11352203329;B
20241029;100300;3778.5;6;11352203330;B
20241029;100300;3778;1;11352203347;S
20241029;100302;3778.5;44;11352203945;B
20241029;100302;3778.5;50;11352203946;B
20241029;100302;3778.5;50;11352203947;B
20241029;100302;3778.5;50;11352203948;B
20241029;100302;3778.5;15;11352203949;B
20241029;100302;3778.5;10;11352203950;B
20241029;100302;3779;932;11352203951;B
20241029;100302;3779;1;11352203952;B
20241029;100302;3779;648;11352203953;B
20241029;100302;3779;317;11352203954;B
20241029;100302;3779;183;11352203955;B
20241029;100302;3779;60;11352203956;B
20241029;100302;3779;200;11352204115;B
20241029;100302;3779;60;11352204116;B
20241029;100302;3778.5;10;11352204168;S
20241029;100304;3778.5;2;11352204440;S
20241029;100304;3778.5;3;11352204617;S
20241029;100304;3778.5;8;11352204618;S
20241029;100304;3779;1;11352204699;B
20241029;100305;3779;3;11352204956;B
20241029;100305;3779;493;11352204957;B
20241029;100305;3779;7;11352204958;B
20241029;100305;3779;1;11352204974;B
20241029;100306;3779;2;11352205026;B
20241029;100306;3779;10;11352205033;B
20241029;100306;3779;40;11352205063;B
20241029;100306;3779;60;11352205064;B
20241029;100306;3779;60;11352205097;B
20241029;100306;3778.5;3;11352205099;S
20241029;100306;3779;60;11352205100;B
20241029;100306;3779;60;11352205111;B
20241029;100306;3779;60;11352205132;B
20241029;100306;3779;60;11352205140;B
20241029;100306;3779;50;11352205347;B
20241029;100306;3779;60;11352205348;B
20241029;100307;3779;16;11352205486;B
20241029;100308;3778.5;1;11352205982;S
20241029;100308;3779;1;11352205983;B
20241029;100308;3779;453;11352206113;B
20241029;100308;3779;47;11352206114;B
20241029;100308;3779;1;11352206123;B
20241029;100309;3779;1;11352206237;B
20241029;100309;3778.5;1;11352206315;S
20241029;100309;3778.5;1;11352206337;S
20241029;100309;3778.5;2;11352206407;S
20241029;100309;3778.5;2;11352206432;S
20241029;100310;3779;1;11352206723;B
20241029;100311;3779;3;11352206937;B
20241029;100311;3778.5;5;11352207062;S
20241029;100311;3779;447;11352207086;B
20241029;100311;3779;500;11352207090;B
20241029;100311;3779;20;11352207111;B
20241029;100311;3778.5;31;11352207149;S
20241029;100311;3778.5;19;11352207150;S
20241029;100312;3779;20;11352207214;B
20241029;100312;3779;1;11352207220;B
20241029;100312;3778.5;10;11352207539;S
20241029;100312;3779;10;11352207577;B
20241029;100313;3778.5;11;11352207770;S
20241029;100313;3778.5;39;11352207771;S
20241029;100314;3779;5;11352207865;B
20241029;100314;3778.5;15;11352208084;S
20241029;100314;3778.5;56;11352208085;S
20241029;100314;3778.5;5;11352208086;S
20241029;100314;3778.5;24;11352208087;S
20241029;100314;3779;444;11352208203;B
20241029;100314;3779;500;11352208204;B
20241029;100315;3779;22;11352208551;B
20241029;100315;3779;3;11352208574;B
20241029;100316;3778.5;20;11352208839;S
20241029;100317;3779;2;11352209160;B
20241029;100318;3779;207;11352209491;B
20241029;100318;3779;266;11352209492;B
20241029;100318;3779.5;1;11352209493;B
20241029;100318;3780;6;11352209516;B
20241029;100318;3780;10;11352209517;B
20241029;100318;3780;9;11352209518;B
20241029;100318;3780;1;11352209519;B
20241029;100318;3780.5;7;11352209520;B
20241029;100318;3781;1;11352209521;B
20241029;100318;3781;14;11352209522;B
20241029;100318;3781;2;11352209523;B
20241029;100318;3782;25;11352209526;B
20241029;100318;3781;15;11352209550;S
20241029;100318;3781;5;11352209551;S
20241029;100318;3782;2;11352209591;B
20241029;100318;3782;2;11352209593;B
20241029;100318;3782;10;11352209594;B
20241029;100318;3782;1;11352209704;B
20241029;100319;3780;15;11352209804;S
20241029;100319;3780;5;11352209805;S
20241029;100319;3779.5;10;11352209843;S
20241029;100320;3780;1;11352210505;S
20241029;100320;3779.5;39;11352210506;S
20241029;100320;3779.5;9;11352210512;S
20241029;100320;3779.5;1;11352210513;S
20241029;100320;3781;15;11352210518;B
20241029;100321;3781.5;2;11352210560;B
20241029;100321;3781.5;2;11352210561;B
20241029;100321;3782;1;11352210562;B
20241029;100321;3780.5;1;11352210736;S
20241029;100321;3781;1;11352210749;B
20241029;100321;3781.5;5;11352210750;B
20241029;100321;3782;1;11352210768;B
20241029;100321;3780.5;14;11352210795;S
20241029;100321;3780.5;12;11352210796;S
20241029;100321;3781.5;1;11352210845;B
20241029;100321;3781.5;1;11352210846;B
20241029;100322;3781;1;11352211177;B
20241029;100322;3781.5;1;11352211178;B
20241029;100322;3781;3;11352211234;S
20241029;100323;3782;1;11352211334;B
20241029;100323;3782.5;11;11352211335;B
20241029;100323;3782.5;50;11352211336;B
20241029;100323;3782.5;27;11352211337;B
20241029;100323;3783;15;11352211338;B
20241029;100323;3783;6;11352211339;B
20241029;100323;3782.5;3;11352211384;B
20241029;100323;3783.5;15;11352211385;B
20241029;100323;3783.5;2;11352211386;B
20241029;100324;3783;1;11352211789;B
20241029;100325;3782;2;11352211898;S
20241029;100325;3782;10;11352211919;S
20241029;100325;3781.5;15;11352211920;S
20241029;100325;3781.5;10;11352211921;S
20241029;100325;3781;15;11352211922;S
20241029;100325;3781;30;11352211923;S
20241029;100326;3783;35;11352212426;B
20241029;100327;3781.5;5;11352212555;S
20241029;100327;3781.5;1;11352212569;S
20241029;100328;3782;1;11352212915;B
20241029;100328;3782.5;2;11352212916;B
20241029;100329;3781.5;14;11352213153;S
20241029;100329;3782.5;1;11352213290;B
20241029;100329;3781.5;10;11352213317;S
20241029;100330;3782;3;11352213706;S
20241029;100330;3782;6;11352213707;S
20241029;100330;3783;14;11352213711;B
20241029;100330;3783;15;11352213712;B
20241029;100330;3783;6;11352213713;B
20241029;100330;3783.5;13;11352213714;B
20241029;100330;3783.5;2;11352213715;B
20241029;100331;3784;1;11352213848;B
20241029;100331;3783;10;11352213849;S
20241029;100331;3784;19;11352213857;B
20241029;100331;3784;12;11352213858;B
20241029;100331;3783;1;11352213863;S
20241029;100331;3783.5;1;11352213972;S
20241029;100332;3783.5;6;11352214336;S
20241029;100332;3783;3;11352214337;S
20241029;100333;3783.5;6;11352214549;B
20241029;100333;3783.5;3;11352214550;S
20241029;100333;3783.5;1;11352214573;S
20241029;100333;3783;6;11352214574;S
20241029;100333;3783.5;1;11352214606;B
20241029;100333;3783.5;1;11352214636;B
20241029;100333;3783.5;13;11352214712;B
20241029;100333;3783.5;1;11352214713;B
20241029;100333;3784;9;11352214714;B
20241029;100334;3783.5;2;11352214883;B
20241029;100334;3783.5;1;11352215105;B
20241029;100334;3783.5;3;11352215128;B
20241029;100334;3783.5;2;11352215131;S
20241029;100335;3784;3;11352215190;B
20241029;100335;3783.5;5;11352215232;S
20241029;100335;3783;10;11352215233;S
20241029;100335;3783;15;11352215234;S
20241029;100335;3783;3;11352215235;S
20241029;100335;3782.5;15;11352215236;S
20241029;100335;3782;15;11352215237;S
20241029;100335;3781.5;15;11352215238;S
20241029;100335;3781.5;22;11352215239;S
20241029;100335;3783.5;10;11352215353;B
20241029;100337;3783.5;5;11352215915;B
20241029;100339;3783.5;3;11352216395;B
20241029;100339;3783.5;5;11352216437;B
20241029;100339;3783.5;1;11352216448;B
20241029;100339;3783.5;10;11352216451;B
20241029;100340;3782.5;7;11352216634;S
20241029;100340;3783.5;1;11352216668;B
20241029;100341;3783.5;30;11352216948;B
20241029;100341;3783.5;1;11352216949;B
20241029;100341;3783.5;30;11352216951;B
20241029;100341;3783;100;11352216975;S
20241029;100342;3783.5;1;11352217259;B
20241029;100342;3783.5;1;11352217260;B
20241029;100343;3783.5;8;11352217610;B
20241029;100343;3783.5;13;11352217702;B
20241029;100343;3784;26;11352217703;B
20241029;100343;3784;4;11352217704;B
20241029;100343;3783.5;1;11352217803;S
20241029;100344;3784;1;11352217842;B
20241029;100344;3784;30;11352218134;B
20241029;100344;3784;30;11352218135;B
20241029;100344;3784;35;11352218137;B
20241029;100346;3784.5;20;11352218364;B
20241029;100346;3784.5;1;11352218365;B
20241029;100346;3784.5;1;11352218366;B
20241029;100346;3784.5;28;11352218367;B
20241029;100346;3784.5;1;11352218593;B
20241029;100346;3784.5;21;11352218614;B
20241029;100346;3785;4;11352218615;B
20241029;100346;3785;1;11352218616;B
20241029;100347;3785;5;11352218787;B
20241029;100347;3785;5;11352218788;B
20241029;100347;3785;16;11352218789;B
20241029;100348;3785;1;11352218823;B
20241029;100348;3785;1;11352219021;B
20241029;100348;3784;54;11352219028;S
20241029;100348;3783.5;23;11352219029;S
20241029;100348;3783.5;3;11352219030;S
20241029;100348;3783.5;41;11352219031;S
20241029;100348;3783.5;60;11352219032;S
20241029;100348;3783.5;5;11352219033;S
20241029;100348;3783;24;11352219034;S
20241029;100349;3785;1;11352219297;B
20241029;100350;3785;8;11352219401;B
20241029;100350;3785;2;11352219425;B
20241029;100354;3784.5;14;11352220900;S
20241029;100354;3784.5;6;11352220901;S
20241029;100354;3784.5;38;11352220902;S
20241029;100354;3784;1;11352220903;S
20241029;100354;3784;1;11352220904;S
20241029;100354;3784;60;11352220905;S
20241029;100355;3785;2;11352220970;B
20241029;100355;3785;8;11352220986;B
20241029;100355;3785;30;11352220987;B
20241029;100355;3785;1;11352220988;B
20241029;100355;3785;10;11352220989;B
20241029;100355;3785;1;11352220990;B
20241029;100355;3786;10;11352220991;B
20241029;100355;3786;27;11352220992;B
20241029;100355;3786;47;11352220993;B
20241029;100355;3786;1;11352220994;B
20241029;100356;3786;23;11352221274;B
20241029;100356;3786;15;11352221275;B
20241029;100356;3786.5;8;11352221276;B
20241029;100356;3786.5;5;11352221277;B
20241029;100356;3786.5;8;11352221278;B
20241029;100356;3786.5;30;11352221578;B
20241029;100356;3786.5;20;11352221579;B
20241029;100357;3786.5;1;11352221676;B
20241029;100357;3786.5;3;11352221786;B
20241029;100358;3786.5;1;11352221851;B
20241029;100358;3785.5;1;11352221891;S
20241029;100358;3786.5;3;11352221892;B
20241029;100358;3786.5;3;11352221904;B
20241029;100359;3786.5;23;11352222087;B
20241029;100359;3786.5;30;11352222088;B
20241029;100359;3787;25;11352222089;B
20241029;100359;3787;22;11352222090;B
20241029;100359;3785.5;5;11352222174;S
20241029;100359;3785.5;21;11352222197;S
20241029;100359;3785.5;1;11352222198;S
20241029;100359;3785;1;11352222252;S
20241029;100359;3785;1;11352222306;S
20241029;100359;3785.5;23;11352222334;B
20241029;100359;3785.5;30;11352222335;B
20241029;100359;3786;15;11352222336;B
20241029;100359;3786;1;11352222337;S
20241029;100400;3786.5;2;11352222343;B
20241029;100400;3786;50;11352222352;S
20241029;100400;3786.5;1;11352222353;B
20241029;100401;3786.5;21;11352222624;B
20241029;100401;3787;3;11352222633;B
20241029;100401;3787.5;23;11352222641;B
20241029;100401;3787.5;21;11352222642;S
20241029;100401;3786.5;3;11352222696;S
20241029;100401;3787.5;2;11352222840;B
20241029;100404;3787;1;11352223366;B
20241029;100404;3787.5;30;11352223367;B
20241029;100404;3787.5;15;11352223368;B
20241029;100404;3788;5;11352223369;B
20241029;100404;3788;15;11352223370;B
20241029;100404;3788;34;11352223371;B
20241029;100404;3788;15;11352223475;B
20241029;100405;3788;7;11352223648;B
20241029;100405;3786.5;1;11352223768;S
20241029;100406;3788;4;11352223852;B
20241029;100406;3788;16;11352223853;B
20241029;100406;3788;7;11352223856;B
20241029;100406;3788;15;11352223857;B
20241029;100406;3788;15;11352223858;B
20241029;100406;3788.5;2;11352223859;B
20241029;100406;3788.5;26;11352223860;B
20241029;100407;3788;2;11352224185;B
20241029;100408;3786.5;10;11352224283;S
20241029;100408;3788;10;11352224299;B
20241029;100408;3786.5;5;11352224349;S
20241029;100408;3786.5;1;11352224350;S
20241029;100408;3786.5;39;11352224351;S
20241029;100408;3786.5;5;11352224352;S
20241029;100408;3786.5;16;11352224484;S
20241029;100408;3786.5;15;11352224485;S
20241029;100408;3786;612;11352224486;S
20241029;100408;3786;15;11352224487;S
20241029;100408;3786;41;11352224488;S
20241029;100408;3786;24;11352224489;S
20241029;100408;3785.5;15;11352224490;S
20241029;100408;3785.5;68;11352224491;S
20241029;100408;3785.5;23;11352224492;S
20241029;100408;3785;9;11352224493;S
20241029;100408;3785;35;11352224494;S
20241029;100408;3785;1;11352224495;S
20241029;100408;3785;15;11352224496;S
20241029;100408;3785;60;11352224497;S
20241029;100408;3785;22;11352224498;S
20241029;100408;3785;23;11352224499;S
20241029;100408;3785;1;11352224500;S
20241029;100408;3785;1;11352224501;B
20241029;100408;3785;2;11352224502;B
20241029;100408;3785;2;11352224503;B
20241029;100409;3785;30;11352224605;B
20241029;100409;3785;30;11352224606;B
20241029;100409;3785;25;11352224607;B
20241029;100409;3785;50;11352224608;B
20241029;100409;3785;500;11352224616;B
20241029;100409;3784.5;1;11352224721;S
20241029;100409;3785;1;11352224740;B
20241029;100409;3784.5;50;11352224831;S
20241029;100410;3785;1;11352224875;B
20241029;100410;3785;3;11352224878;B
20241029;100410;3785;200;11352224930;B
20241029;100411;3784.5;7;11352225174;S
20241029;100411;3785;2;11352225178;B
20241029;100411;3785;50;11352225240;B
20241029;100411;3785;10;11352225305;B
20241029;100412;3785;80;11352225329;B
20241029;100412;3784.5;1;11352225333;S
20241029;100412;3784.5;2;11352225334;S
20241029;100412;3785;100;11352225468;B
20241029;100412;3784.5;5;11352225532;S
20241029;100412;3784.5;5;11352225537;S
20241029;100413;3784.5;38;11352225698;S
20241029;100413;3784;66;11352225699;S
20241029;100413;3784;54;11352225700;S
20241029;100413;3783.5;1;11352225701;S
20241029;100413;3783.5;1;11352225702;S
20241029;100413;3783.5;10;11352225703;S
20241029;100413;3783.5;92;11352225704;S
20241029;100413;3783.5;23;11352225705;S
20241029;100413;3783.5;60;11352225706;S
20241029;100413;3783;2;11352225707;S
20241029;100413;3783;10;11352225708;S
20241029;100413;3783;100;11352225709;S
20241029;100413;3783;118;11352225710;S
20241029;100413;3783;30;11352225711;S
20241029;100413;3782.5;24;11352225712;S
20241029;100413;3782.5;145;11352225713;S
20241029;100413;3782;9;11352225714;S
20241029;100413;3782;75;11352225715;S
20241029;100413;3783.5;15;11352225907;B
20241029;100413;3783.5;6;11352225908;B
20241029;100413;3784;1;11352225909;B
20241029;100413;3784;15;11352225910;B
20241029;100413;3784;28;11352225911;B
20241029;100413;3784.5;15;11352225912;B
20241029;100413;3784.5;20;11352225913;B
20241029;100414;3782.5;4;11352226076;S
20241029;100414;3782;33;11352226224;S
20241029;100415;3782;1;11352226283;S
20241029;100415;3782;28;11352226338;S
20241029;100415;3782.5;15;11352226361;B
20241029;100415;3783;15;11352226362;B
20241029;100415;3783;20;11352226363;B
20241029;100415;3782;9;11352226366;S
20241029;100415;3782;4;11352226367;S
20241029;100415;3781.5;1;11352226368;S
20241029;100415;3781;3;11352226369;S
20241029;100415;3782.5;1;11352226384;B
20241029;100416;3781.5;15;11352226569;S
20241029;100416;3781.5;6;11352226570;S
20241029;100416;3781.5;15;11352226594;S
20241029;100416;3782;23;11352226625;S
20241029;100416;3782;15;11352226626;S
20241029;100416;3781.5;15;11352226627;S
20241029;100416;3781.5;27;11352226628;S
20241029;100417;3782.5;1;11352226844;S
20241029;100417;3783;59;11352226865;B
20241029;100417;3783;21;11352226923;B
20241029;100417;3784;29;11352226924;B
20241029;100418;3785;150;11352227146;B
20241029;100419;3783.5;10;11352227406;S
20241029;100420;3783.5;5;11352227540;S
20241029;100420;3783;30;11352227541;S
20241029;100420;3784.5;10;11352227559;B
20241029;100420;3785;130;11352227560;B
20241029;100420;3785;4;11352227577;B
20241029;100420;3785;5;11352227603;B
20241029;100421;3785;26;11352227687;B
20241029;100421;3785;29;11352227688;B
20241029;100421;3785;3;11352227689;B
20241029;100421;3784;8;11352227787;S
20241029;100421;3785;50;11352227835;B
20241029;100422;3785;2;11352227878;B
20241029;100422;3784;7;11352227890;S
20241029;100422;3783.5;7;11352227891;S
20241029;100422;3785;6;11352227942;B
20241029;100423;3784;15;11352228123;S
20241029;100423;3783.5;8;11352228124;S
20241029;100423;3783.5;14;11352228125;S
20241029;100423;3783.5;38;11352228126;S
20241029;100423;3783.5;1;11352228254;S
20241029;100424;3783.5;27;11352228297;S
20241029;100424;3785;5;11352228373;B
20241029;100426;3785;62;11352228657;B
20241029;100426;3785;92;11352228750;B
20241029;100426;3785;8;11352228751;B
20241029;100426;3785;100;11352228752;B
20241029;100426;3785;1;11352228800;B
20241029;100427;3785;2;11352228916;B
20241029;100427;3784.5;4;11352228936;S
20241029;100427;3784.5;6;11352228951;S
20241029;100427;3784;4;11352228952;S
20241029;100427;3784;10;11352228997;S
20241029;100428;3785;100;11352229064;B
20241029;100428;3784;1;11352229225;S
20241029;100429;3784;49;11352229358;S
20241029;100429;3784;1;11352229359;S
20241029;100429;3783.5;60;11352229411;S
20241029;100429;3783.5;19;11352229412;S
20241029;100429;3783.5;60;11352229413;S
20241029;100429;3783;34;11352229414;S
20241029;100429;3783;23;11352229415;S
20241029;100429;3783;3;11352229416;S
20241029;100429;3783;1;11352229417;S
20241029;100430;3784;3;11352229498;B
20241029;100430;3783.5;1;11352229501;B
20241029;100430;3783.5;1;11352229537;B
20241029;100430;3783.5;4;11352229599;B
20241029;100430;3783.5;3;11352229600;B
20241029;100430;3784;150;11352229636;B
20241029;100431;3784;1;11352229890;B
20241029;100432;3784;1;11352229970;B
20241029;100432;3784;6;11352229991;B
20241029;100433;3784;2;11352230078;B
20241029;100433;3784;30;11352230095;B
20241029;100433;3784;5;11352230343;B
20241029;100434;3784;1;11352230423;B
20241029;100434;3784;5;11352230454;B
20241029;100434;3784;2;11352230466;B
20241029;100434;3784;2;11352230482;B
20241029;100435;3783.5;11;11352230547;S
20241029;100435;3783.5;11;11352230581;S
20241029;100436;3784;66;11352230847;B
20241029;100436;3784;10;11352230877;B
20241029;100437;3783.5;1;11352231215;S
20241029;100437;3783.5;39;11352231216;S
20241029;100437;3783.5;27;11352231217;S
20241029;100438;3784;1;11352231521;B
20241029;100438;3784;50;11352231592;B
20241029;100438;3784;25;11352231627;B
20241029;100439;3783.5;10;11352231708;S
20241029;100440;3784;1;11352231925;B
20241029;100440;3784;1;11352231926;B
20241029;100440;3784;25;11352231955;B
20241029;100440;3784;28;11352231965;B
20241029;100440;3783.5;1;11352232018;S
20241029;100440;3784;13;11352232019;B
20241029;100441;3783.5;43;11352232069;S
20241029;100441;3783.5;30;11352232070;S
20241029;100441;3783.5;26;11352232071;S
20241029;100441;3783.5;1;11352232072;B
20241029;100441;3784;22;11352232073;B
20241029;100441;3784;18;11352232074;B
20241029;100441;3784;1;11352232075;B
20241029;100441;3784;20;11352232076;B
20241029;100441;3785;1;11352232101;B
20241029;100442;3783.5;2;11352232386;S
20241029;100442;3785;1;11352232433;B
20241029;100442;3785;5;11352232452;B
20241029;100444;3785;6;11352232830;B
20241029;100444;3783.5;20;11352232901;S
20241029;100444;3785;1;11352232944;B
20241029;100444;3785;1;11352232952;B
20241029;100444;3783.5;26;11352233122;S
20241029;100444;3784;15;11352233183;B
20241029;100445;3783.5;11;11352233321;S
20241029;100445;3783;1;11352233322;S
20241029;100445;3783.5;1;11352233520;B
20241029;100445;3783;2;11352233587;S
20241029;100446;3783;2;11352233645;S
20241029;100446;3783;3;11352233721;S
20241029;100446;3783;18;11352233751;S
20241029;100446;3783;17;11352233782;S
20241029;100446;3782.5;1;11352233783;S
20241029;100446;3782.5;58;11352233784;S
20241029;100446;3782.5;1;11352233785;S
20241029;100446;3782.5;5;11352233786;S
20241029;100446;3783;14;11352233789;B
20241029;100446;3783;15;11352233790;B
20241029;100446;3783.5;4;11352233791;B
20241029;100446;3783;2;11352233890;B
20241029;100446;3783;1;11352233934;B
20241029;100447;3783;21;11352233950;B
20241029;100447;3782.5;27;11352234003;S
20241029;100447;3782;11;11352234085;S
20241029;100447;3782;1;11352234137;S
20241029;100447;3782.5;5;11352234357;B
20241029;100447;3782.5;1;11352234422;B
20241029;100448;3782.5;32;11352234458;B
20241029;100448;3782.5;18;11352234459;B
20241029;100448;3782;2;11352234614;S
20241029;100448;3782;22;11352234617;S
20241029;100448;3782;3;11352234708;S
20241029;100448;3782;2;11352234759;S
20241029;100448;3782;40;11352234760;S
20241029;100448;3782;60;11352234761;S
20241029;100448;3782;14;11352234762;S
20241029;100448;3782.5;1;11352234764;B
20241029;100449;3782.5;2;11352234951;B
20241029;100450;3782.5;1;11352235382;B
20241029;100450;3781.5;28;11352235405;S
20241029;100450;3781.5;32;11352235421;S
20241029;100450;3781.5;43;11352235422;S
20241029;100450;3781.5;105;11352235423;S
20241029;100450;3781.5;60;11352235424;S
20241029;100450;3781.5;1;11352235591;B
20241029;100451;3781;12;11352235863;S
20241029;100451;3781;25;11352235864;S
20241029;100451;3781;1;11352235865;S
20241029;100451;3781;60;11352235866;S
20241029;100451;3781;35;11352235867;S
20241029;100451;3780.5;1;11352235868;S
20241029;100451;3780.5;10;11352235869;S
20241029;100451;3780.5;5;11352235870;S
20241029;100451;3780.5;600;11352235871;S
20241029;100451;3780.5;2;11352235872;S
20241029;100451;3780.5;2;11352235873;S
20241029;100451;3780.5;2;11352235874;S
20241029;100451;3780.5;10;11352235875;S
20241029;100451;3780.5;10;11352235876;S
20241029;100451;3780.5;59;11352235877;S
20241029;100451;3780.5;30;11352235878;S
20241029;100451;3780;474;11352235879;S
20241029;100451;3780;826;11352235880;S
20241029;100451;3780;7;11352235881;S
20241029;100451;3780;5;11352235882;S
20241029;100451;3780;300;11352235883;S
20241029;100451;3780;1400;11352235884;S
20241029;100451;3780;30;11352235885;S
20241029;100451;3780;100;11352235886;S
20241029;100451;3780;3;11352235887;S
20241029;100451;3780;100;11352235888;S
20241029;100451;3780;2;11352235889;S
20241029;100451;3780;1;11352235890;S
20241029;100451;3780;10;11352235891;S
20241029;100451;3780;5;11352235892;S
20241029;100451;3780;83;11352235893;S
20241029;100451;3779.5;1;11352235900;S
20241029;100451;3779.5;107;11352235901;S
20241029;100451;3779.5;23;11352235902;S
20241029;100451;3779.5;27;11352235903;S
20241029;100451;3779;100;11352235904;S
20241029;100451;3779;1;11352235905;S
20241029;100451;3779;103;11352235906;S
20241029;100451;3779;27;11352235908;S
20241029;100451;3778.5;1;11352235912;S
20241029;100451;3778.5;5;11352235913;S
20241029;100451;3778.5;1;11352235914;S
20241029;100451;3778;5;11352235919;S
20241029;100451;3778;4;11352235920;S
20241029;100451;3778;1;11352235921;S
20241029;100451;3778;45;11352235922;S
20241029;100452;3778;5;11352236295;S
20241029;100452;3778;1;11352236296;S
20241029;100452;3777;10;11352236297;S
20241029;100452;3777;1;11352236298;S
20241029;100452;3777;983;11352236299;S
20241029;100452;3777;17;11352236300;S
20241029;100452;3777;38;11352236301;S
20241029;100452;3777;35;11352236302;S
20241029;100452;3777;1000;11352236303;S
20241029;100452;3777;1;11352236304;S
20241029;100452;3776.5;1;11352236305;S
20241029;100452;3776;15;11352236306;S
20241029;100452;3776;6;11352236307;S
20241029;100452;3775;2;11352236338;S
20241029;100453;3775;27;11352236722;S
20241029;100454;3775;40;11352236733;S
20241029;100454;3775;31;11352236734;S
20241029;100454;3775;1;11352236735;S
20241029;100454;3775;2;11352236736;S
20241029;100454;3774;5;11352236737;S
20241029;100454;3773;38;11352236739;S
20241029;100454;3773;2;11352236740;S
20241029;100454;3771.5;2;11352236742;S
20241029;100454;3771;3;11352236743;S
20241029;100454;3770;10;11352236744;S
20241029;100454;3770;85;11352236745;S
20241029;100454;3769.5;35;11352236751;S
20241029;100454;3769.5;1;11352236752;S
20241029;100454;3769.5;51;11352236753;S
20241029;100454;3769;1;11352236754;S
20241029;100454;3769;25;11352236755;S
20241029;100454;3769;4;11352236756;S
20241029;100454;3768.5;5;11352236757;S
20241029;100454;3768.5;2;11352236758;S
20241029;100454;3768.5;10;11352236759;S
20241029;100454;3768.5;30;11352236760;S
20241029;100454;3768.5;50;11352236761;S
20241029;100454;3768;50;11352236762;S
20241029;100454;3768;159;11352236763;S
20241029;100454;3768;1;11352236764;S
20241029;100454;3768;15;11352236765;S
20241029;100454;3768;15;11352236766;S
20241029;100454;3767.5;1;11352236767;S
20241029;100454;3767.5;15;11352236768;S
20241029;100454;3767.5;23;11352236769;S
20241029;100454;3767;15;11352236770;S
20241029;100454;3767;30;11352236771;S
20241029;100454;3766.5;10;11352236772;S
20241029;100454;3766.5;15;11352236773;S
20241029;100454;3766.5;8;11352236774;S
20241029;100454;3766.5;10;11352236775;S
20241029;100454;3766;22;11352236776;S
20241029;100454;3766;15;11352236777;S
20241029;100454;3766;194;11352236778;S
20241029;100454;3765.5;10;11352236779;S
20241029;100454;3765.5;15;11352236780;S
20241029;100454;3765.5;100;11352236781;S
20241029;100454;3765;63;11352236782;S
20241029;100454;3770;3;11352236783;B
20241029;100454;3768.5;1;11352236804;B
20241029;100454;3768.5;2;11352236838;B
20241029;100454;3768.5;12;11352236859;B
20241029;100454;3768.5;14;11352236860;S
20241029;100454;3767;13;11352236874;B
20241029;100454;3767;5;11352236894;B
20241029;100454;3765.5;5;11352236913;S
20241029;100454;3765.5;8;11352236922;S
20241029;100455;3765.5;7;11352236955;S
20241029;100455;3766.5;51;11352236985;B
20241029;100455;3766.5;15;11352236986;B
20241029;100455;3767;15;11352236987;B
20241029;100455;3767.5;15;11352236988;B
20241029;100455;3768;15;11352236989;B
20241029;100455;3768;39;11352236990;B
20241029;100455;3766.5;15;11352236992;S
20241029;100455;3766;15;11352236993;S
20241029;100455;3766;10;11352236994;S
20241029;100455;3766.5;2;11352237080;B
20241029;100455;3765;1;11352237088;S
20241029;100455;3765;33;11352237094;S
20241029;100455;3765;3;11352237102;S
20241029;100455;3765;1;11352237103;S
20241029;100457;3766;20;11352237532;S
20241029;100457;3768.5;3;11352237687;B
20241029;100458;3768.5;6;11352237906;B
20241029;100458;3768.5;15;11352237907;B
20241029;100458;3769;15;11352237908;B
20241029;100458;3769;50;11352237909;B
20241029;100458;3769.5;14;11352237910;B
20241029;100458;3770;2;11352237915;B
20241029;100459;3768;1;11352237986;S
20241029;100459;3768;14;11352238041;S
20241029;100459;3767.5;15;11352238042;S
20241029;100459;3767.5;54;11352238043;S
20241029;100459;3767.5;118;11352238044;S
20241029;100459;3767;1;11352238045;S
20241029;100459;3767;15;11352238046;S
20241029;100459;3767;23;11352238047;S
20241029;100459;3767;30;11352238048;S
20241029;100459;3767;40;11352238049;S
20241029;100459;3766.5;15;11352238050;S
20241029;100459;3766.5;40;11352238051;S
20241029;100459;3766;15;11352238052;S
20241029;100459;3766;26;11352238053;S
20241029;100459;3765.5;33;11352238054;S
20241029;100459;3765.5;30;11352238055;S
20241029;100459;3765.5;31;11352238056;S
20241029;100500;3769.5;1;11352238269;B
20241029;100500;3770;2;11352238448;B
20241029;100500;3767.5;1;11352238457;S
20241029;100500;3766.5;54;11352238458;S
20241029;100500;3766;23;11352238459;S
20241029;100500;3766;50;11352238460;S
20241029;100500;3766;30;11352238461;S
20241029;100500;3765.5;19;11352238462;S
20241029;100500;3765.5;1;11352238463;S
20241029;100500;3765;50;11352238464;S
20241029;100500;3765;5;11352238465;S
20241029;100500;3765;100;11352238466;S
20241029;100500;3765;1;11352238467;S
20241029;100500;3765;1;11352238468;S
20241029;100500;3765;1;11352238469;S
20241029;100500;3765;55;11352238470;S
20241029;100500;3765;9;11352238471;S
20241029;100500;3765.5;30;11352238478;S
20241029;100500;3765;23;11352238479;S
20241029;100500;3765;54;11352238480;S
20241029;100500;3764.5;10;11352238481;S
20241029;100500;3764.5;77;11352238482;S
20241029;100500;3764;99;11352238483;S
20241029;100500;3764;9;11352238484;S
20241029;100500;3763.5;121;11352238485;S
20241029;100500;3763.5;40;11352238486;S
20241029;100500;3763;11;11352238487;S
20241029;100500;3763;3;11352238488;S
20241029;100500;3763;5;11352238489;S
20241029;100500;3763;60;11352238490;S
20241029;100500;3763;8;11352238491;S
20241029;100501;3764;50;11352238649;S
20241029;100501;3764.5;30;11352238677;S
20241029;100501;3766;1;11352238747;B
20241029;100501;3764;30;11352238755;S
20241029;100501;3763.5;23;11352238756;S
20241029;100501;3763.5;7;11352238757;S
20241029;100502;3764;20;11352238911;S
20241029;100502;3764;1;11352238995;S
20241029;100502;3764;2;11352239006;S
20241029;100502;3766;1;11352239008;B
20241029;100502;3764;7;11352239061;S
20241029;100502;3764;23;11352239062;B
20241029;100503;3763.5;12;11352239229;S
20241029;100503;3764;15;11352239289;B
20241029;100503;3764;2;11352239453;B
20241029;100504;3764;1;11352239515;B
20241029;100504;3763.5;14;11352239534;S
20241029;100504;3763;52;11352239535;S
20241029;100504;3763.5;10;11352239644;S
20241029;100504;3763;1;11352239645;S
20241029;100505;3764;7;11352239726;B
20241029;100505;3764;2;11352239814;B
20241029;100505;3763;1;11352239914;S
20241029;100506;3764;1;11352240022;B
20241029;100506;3764;2;11352240219;B
20241029;100506;3763;1;11352240273;S
20241029;100507;3762.5;265;11352240516;S
20241029;100508;3762.5;30;11352240611;S
20241029;100508;3763;1;11352240628;B
20241029;100508;3763;2;11352240629;B
20241029;100508;3762.5;7;11352240782;S
20241029;100509;3762.5;100;11352240918;S
20241029;100510;3762.5;1;11352241275;S
20241029;100511;3762.5;55;11352241439;S
20241029;100511;3763;1;11352241666;B
20241029;100512;3762.5;26;11352241885;S
20241029;100513;3762.5;3;11352242013;S
20241029;100513;3762.5;10;11352242042;S
20241029;100515;3763;10;11352242499;B
20241029;100515;3762.5;3;11352242500;S
20241029;100515;3762.5;30;11352242501;S
20241029;100515;3762.5;15;11352242502;S
20241029;100515;3762;3;11352242503;S
20241029;100515;3762;9;11352242504;S
