<DATE>;<TIME>;<LAST>;<VOL>;<ID>;<OPER>
20241101;095952;4202;1;11370548671;S
20241101;095952;4202;20;11370548672;S
20241101;095952;4202;2;11370548673;B
20241101;095952;4202;13;11370548674;B
20241101;095952;4202;6;11370548675;B
20241101;095952;4202;1;11370548676;B
20241101;095952;4202;1;11370548677;S
20241101;095952;4202;5;11370548678;B
20241101;095952;4202;2;11370548679;B
20241101;095952;4202;1;11370548680;B
20241101;095952;4202;1;11370548681;B
20241101;095952;4202;2;11370548682;B
20241101;095952;4202;1;11370548683;S
20241101;095952;4202;2;11370548684;B
20241101;095952;4202;2;11370548685;B
20241101;095952;4202;31;11370548686;B
20241101;095952;4202;3;11370548687;B
20241101;095952;4202;2;11370548688;B
20241101;095952;4202;2;11370548689;B
20241101;095952;4202;1;11370548690;S
20241101;095952;4202;10;11370548691;B
20241101;095952;4202;8;11370548692;B
20241101;095952;4202;4;11370548693;B
20241101;095952;4202;6;11370548694;S
20241101;095952;4202;1;11370548695;S
20241101;095952;4202;5;11370548696;S
20241101;095952;4202;20;11370548697;S
20241101;095952;4202;5;11370548698;S
20241101;095952;4202;50;11370548699;S
20241101;095952;4202;20;11370548700;S
20241101;095952;4202;30;11370548701;S
20241101;095952;4202;1;11370548702;S
20241101;095952;4202;3;11370548703;S
20241101;100002;4209;1;11370550669;B
20241101;100003;4209;4;11370550712;B
20241101;100003;4209;26;11370550713;B
20241101;100003;4210;23;11370550714;B
20241101;100003;4210;16;11370550715;B
20241101;100003;4211;3;11370550716;B
20241101;100003;4212;3;11370550717;B
20241101;100003;4215;25;11370550718;B
20241101;100003;4214;2;11370551073;B
20241101;100003;4213;1;11370551081;S
20241101;100003;4214;1;11370551267;B
20241101;100003;4213;2;11370551280;S
20241101;100003;4213;1;11370551281;S
20241101;100003;4207;3;11370551282;S
20241101;100003;4206;1;11370551283;S
20241101;100003;4206;3;11370551284;S
20241101;100003;4205;5;11370551285;S
20241101;100004;4213;1;11370551611;S
20241101;100004;4209;1;11370551771;S
20241101;100004;4214;11;11370551782;B
20241101;100004;4214;1;11370551791;B
20241101;100004;4209;5;11370552727;S
20241101;100004;4214;2;11370552731;B
20241101;100004;4209;18;11370552850;S
20241101;100004;4209;7;11370552851;S
20241101;100004;4214;1;11370553090;B
20241101;100004;4214;1;11370553135;B
20241101;100004;4209;24;11370553335;S
20241101;100004;4208;10;11370553336;S
20241101;100004;4208;24;11370553337;S
20241101;100004;4208;4;11370553338;S
20241101;100004;4207;3;11370553339;S
20241101;100004;4204;12;11370553340;S
20241101;100004;4204;9;11370553341;S
20241101;100004;4203;3;11370553342;S
20241101;100004;4203;5;11370553343;S
20241101;100004;4203;8;11370553344;S
20241101;100004;4202;1;11370553345;S
20241101;100004;4202;60;11370553346;S
20241101;100004;4201;5;11370553347;S
20241101;100004;4201;5;11370553348;S
20241101;100004;4201;8;11370553349;S
20241101;100004;4200;1;11370553350;S
20241101;100004;4200;5;11370553351;S
20241101;100004;4213;1;11370553801;B
20241101;100004;4204;1;11370553814;S
20241101;100004;4204;3;11370553824;S
20241101;100004;4201;2;11370553825;S
20241101;100004;4213;1;11370554087;B
20241101;100004;4213;2;11370554088;B
20241101;100005;4204;1;11370555877;S
20241101;100006;4204;2;11370556188;S
20241101;100006;4212;1;11370556189;B
20241101;100006;4211;3;11370556706;B
20241101;100006;4203;9;11370556712;S
20241101;100006;4211;1;11370556989;B
20241101;100006;4211;1;11370556990;B
20241101;100006;4204;4;11370556991;S
20241101;100006;4203;11;11370556992;S
20241101;100006;4202;10;11370556993;S
20241101;100006;4201;2;11370556994;S
20241101;100006;4201;16;11370556995;S
20241101;100006;4201;3;11370556996;S
20241101;100006;4201;1;11370556997;S
20241101;100007;4205;1;11370557680;S
20241101;100010;4209;3;11370558776;B
20241101;100010;4210;2;11370558777;B
20241101;100010;4208;1;11370558965;B
20241101;100010;4212;9;11370558966;B
20241101;100010;4214;5;11370558967;B
20241101;100011;4205;5;11370559180;S
20241101;100013;4205;2;11370560026;S
20241101;100013;4204;70;11370560027;S
20241101;100013;4204;30;11370560028;S
20241101;100013;4204;40;11370560029;S
20241101;100013;4201;24;11370560030;S
20241101;100013;4201;5;11370560031;S
20241101;100013;4201;29;11370560036;B
20241101;100014;4202;2;11370560360;S
20241101;100014;4201;35;11370560361;S
20241101;100014;4200;3;11370560362;S
20241101;100014;4200;10;11370560363;S
20241101;100014;4200;1;11370560364;S
20241101;100014;4200;4;11370560365;S
20241101;100014;4200;100;11370560366;S
20241101;100014;4200;56;11370560367;S
20241101;100014;4200;1;11370560368;S
20241101;100014;4200;1;11370560369;S
20241101;100014;4200;1;11370560370;S
20241101;100014;4200;12;11370560371;S
20241101;100014;4197;24;11370560372;S
20241101;100014;4196;51;11370560373;S
20241101;100014;4196;5;11370560374;S
20241101;100014;4196;5;11370560375;S
20241101;100014;4195;1;11370560376;S
20241101;100014;4195;3;11370560377;S
20241101;100014;4195;20;11370560378;S
20241101;100014;4195;1;11370560379;S
20241101;100014;4195;42;11370560380;S
20241101;100014;4194;1;11370560381;S
20241101;100014;4194;1;11370560382;S
20241101;100014;4194;20;11370560383;S
20241101;100014;4211;1;11370560489;B
20241101;100014;4211;7;11370560490;B
20241101;100021;4207;2;11370562794;B
20241101;100023;4206;1;11370563343;B
20241101;100023;4206;1;11370563359;B
20241101;100023;4207;3;11370563360;B
20241101;100023;4207;5;11370563361;B
20241101;100023;4209;1;11370563362;B
20241101;100026;4210;2;11370563998;B
20241101;100026;4211;12;11370563999;B
20241101;100026;4211;1;11370564000;B
20241101;100029;4210;2;11370564941;B
20241101;100029;4211;5;11370564942;B
20241101;100029;4212;3;11370564943;B
20241101;100031;4212;4;11370565305;B
20241101;100031;4213;5;11370565306;B
20241101;100031;4213;3;11370565307;B
20241101;100031;4213;2;11370565329;B
20241101;100031;4213;1;11370565336;B
20241101;100034;4211;1;11370566044;B
20241101;100034;4213;1;11370566085;B
20241101;100034;4214;1;11370566086;B
20241101;100037;4213;1;11370566642;B
20241101;100040;4213;4;11370567419;B
20241101;100047;4213;1;11370568892;B
20241101;100053;4212;1;11370570390;B
20241101;100055;4211;1;11370570765;B
20241101;100058;4211;1;11370571504;B
20241101;100101;4210;1;11370572116;S
20241101;100101;4210;1;11370572117;S
20241101;100101;4210;10;11370572118;S
20241101;100106;4209;3;11370573384;B
20241101;100106;4209;3;11370573434;B
20241101;100108;4209;2;11370573839;B
20241101;100109;4206;1;11370574153;S
20241101;100109;4206;3;11370574154;S
20241101;100109;4205;1;11370574155;S
20241101;100109;4205;1;11370574156;S
20241101;100109;4205;1;11370574157;S
20241101;100109;4205;3;11370574158;S
20241101;100111;4208;3;11370574514;B
20241101;100123;4205;3;11370577125;S
20241101;100123;4205;3;11370577126;S
20241101;100123;4203;2;11370577127;S
20241101;100123;4202;2;11370577128;S
20241101;100123;4202;1;11370577129;S
20241101;100123;4201;2;11370577130;S
20241101;100124;4202;3;11370577246;S
20241101;100124;4201;6;11370577247;S
20241101;100124;4207;1;11370577280;B
20241101;100131;4206;1;11370579489;B
20241101;100132;4206;1;11370579567;B
20241101;100132;4207;7;11370579568;B
20241101;100132;4207;2;11370579569;B
20241101;100133;4208;1;11370579759;B
20241101;100133;4208;2;11370579760;B
20241101;100133;4208;8;11370579761;B
20241101;100133;4208;5;11370579762;B
20241101;100133;4208;2;11370579763;B
20241101;100135;4208;5;11370580152;B
20241101;100135;4208;8;11370580153;B
20241101;100138;4208;2;11370580817;B
20241101;100138;4209;30;11370580818;B
20241101;100138;4209;21;11370580819;B
20241101;100138;4209;2;11370580820;B
20241101;100139;4210;20;11370581043;B
20241101;100141;4210;5;11370581288;B
20241101;100145;4209;2;11370582136;S
20241101;100146;4210;19;11370582522;B
20241101;100146;4210;1;11370582523;B
20241101;100147;4210;3;11370582601;B
20241101;100148;4210;1;11370582783;B
20241101;100151;4210;5;11370583545;B
20241101;100151;4211;3;11370583546;B
20241101;100151;4211;4;11370583547;B
20241101;100151;4211;8;11370583692;S
20241101;100153;4210;1;11370584004;S
20241101;100153;4209;1;11370584005;S
20241101;100154;4209;36;11370584221;S
20241101;100154;4208;67;11370584222;S
20241101;100155;4211;1;11370584414;B
20241101;100155;4211;1;11370584486;B
20241101;100158;4208;2;11370585176;S
20241101;100159;4208;31;11370585335;S
20241101;100159;4208;1;11370585336;S
20241101;100159;4208;3;11370585337;S
20241101;100159;4208;1;11370585338;S
20241101;100159;4207;1;11370585339;S
20241101;100159;4207;3;11370585340;S
20241101;100159;4204;2;11370585341;S
20241101;100159;4203;12;11370585342;S
20241101;100159;4203;12;11370585343;S
20241101;100159;4203;24;11370585344;S
20241101;100159;4202;30;11370585345;S
20241101;100202;4209;2;11370586038;B
20241101;100211;4209;2;11370588048;S
20241101;100211;4211;1;11370588115;B
20241101;100212;4209;56;11370588187;S
20241101;100212;4209;56;11370588258;S
20241101;100212;4209;43;11370588304;S
20241101;100214;4208;1;11370588746;B
20241101;100226;4203;2;11370591256;S
20241101;100226;4203;5;11370591257;S
20241101;100229;4207;1;11370591879;B
20241101;100231;4207;1;11370592410;B
20241101;100232;4208;1;11370592614;B
20241101;100235;4206;11;11370593020;S
20241101;100237;4206;2;11370593276;S
20241101;100242;4206;5;11370593922;S
20241101;100247;4207;1;11370594567;B
20241101;100249;4206;1;11370594950;S
20241101;100251;4207;3;11370595235;B
20241101;100251;4207;1;11370595294;B
20241101;100251;4207;19;11370595295;B
20241101;100255;4206;15;11370595805;S
20241101;100305;4207;5;11370597501;B
20241101;100308;4206;13;11370598049;S
20241101;100308;4206;1;11370598050;S
20241101;100313;4206;10;11370598956;B
20241101;100318;4206;9;11370600076;B
20241101;100325;4205;1;11370601632;B
20241101;100330;4204;24;11370602524;S
20241101;100330;4204;4;11370602525;S
20241101;100330;4203;2;11370602526;S
20241101;100330;4203;4;11370602527;S
20241101;100330;4203;124;11370602528;S
20241101;100330;4202;5;11370602529;S
20241101;100330;4202;1;11370602530;S
20241101;100330;4202;2;11370602531;S
20241101;100330;4202;20;11370602532;S
20241101;100330;4201;30;11370602533;S
20241101;100330;4201;1;11370602534;S
20241101;100330;4200;10;11370602535;S
20241101;100330;4200;1;11370602536;S
20241101;100330;4200;46;11370602537;S
20241101;100330;4200;1;11370602538;S
20241101;100330;4200;1;11370602539;S
20241101;100330;4200;1;11370602540;S
20241101;100330;4200;20;11370602541;S
20241101;100330;4200;2;11370602542;S
20241101;100330;4200;1;11370602543;S
20241101;100330;4200;1;11370602544;S
20241101;100330;4200;1;11370602545;S
20241101;100330;4200;4;11370602546;S
20241101;100330;4200;95;11370602547;S
20241101;100330;4200;69;11370602548;S
20241101;100330;4204;3;11370602592;B
20241101;100330;4205;2;11370602593;B
20241101;100330;4205;3;11370602594;B
20241101;100330;4205;2;11370602595;B
20241101;100330;4205;3;11370602596;B
20241101;100331;4201;2;11370602719;S
20241101;100331;4201;2;11370602720;S
20241101;100331;4205;1;11370602900;B
20241101;100332;4205;1;11370603066;B
20241101;100337;4205;4;11370604053;B
20241101;100337;4205;1;11370604239;B
20241101;100342;4205;1;11370605117;B
20241101;100345;4205;4;11370605545;B
20241101;100346;4205;1;11370605791;B
20241101;100351;4205;1;11370606643;B
20241101;100351;4204;1;11370606649;S
20241101;100353;4206;3;11370607006;B
20241101;100355;4206;1;11370607331;B
20241101;100355;4206;6;11370607472;B
20241101;100355;4206;1;11370607473;B
20241101;100355;4207;3;11370607474;B
20241101;100355;4207;1;11370607475;B
20241101;100355;4208;1;11370607476;B
20241101;100355;4208;1;11370607477;B
20241101;100355;4209;2;11370607478;B
20241101;100355;4209;1;11370607479;B
20241101;100355;4209;4;11370607480;B
20241101;100358;4208;1;11370607964;B
20241101;100402;4208;5;11370608732;B
20241101;100402;4209;6;11370608733;B
20241101;100405;4209;2;11370609128;B
20241101;100409;4209;1;11370609734;B
20241101;100410;4209;5;11370609861;B
20241101;100410;4209;5;11370609862;B
20241101;100410;4209;9;11370609872;S
20241101;100410;4208;1;11370609873;S
20241101;100410;4208;3;11370609874;S
20241101;100410;4207;1;11370609875;S
20241101;100410;4207;3;11370609876;S
20241101;100410;4206;1;11370609877;S
20241101;100410;4206;7;11370609878;S
20241101;100411;4209;1;11370609979;B
20241101;100411;4208;1;11370610017;B
20241101;100417;4207;1;11370610737;S
20241101;100421;4207;1;11370611421;B
20241101;100424;4206;13;11370611838;S
20241101;100424;4207;22;11370611847;B
20241101;100424;4207;3;11370611848;B
20241101;100427;4208;1;11370612173;B
20241101;100427;4207;18;11370612239;S
20241101;100428;4207;7;11370612395;S
20241101;100428;4206;3;11370612396;S
20241101;100429;4206;1;11370612530;B
20241101;100431;4206;2;11370612848;B
20241101;100431;4207;3;11370612849;B
20241101;100431;4208;8;11370612850;B
20241101;100431;4208;3;11370612851;B
20241101;100431;4208;3;11370612852;B
20241101;100432;4208;1;11370612955;S
20241101;100432;4209;101;11370612997;B
20241101;100442;4209;5;11370614786;B
20241101;100443;4209;5;11370614971;B
20241101;100444;4209;69;11370615400;B
20241101;100444;4209;1;11370615401;B
20241101;100445;4210;2;11370615447;B
20241101;100447;4208;1;11370615762;S
20241101;100447;4210;1;11370615855;B
20241101;100450;4208;2;11370616342;S
20241101;100452;4208;1;11370616616;S
20241101;100454;4210;2;11370617044;B
20241101;100455;4208;10;11370617112;S
20241101;100455;4208;1;11370617113;S
20241101;100455;4208;50;11370617114;S
20241101;100455;4208;7;11370617115;S
20241101;100455;4208;2;11370617116;S
20241101;100455;4208;1;11370617118;S
20241101;100459;4210;1;11370617856;B
20241101;100506;4210;1;11370619140;B
20241101;100507;4210;10;11370619376;B
20241101;100508;4210;15;11370619573;B
20241101;100509;4209;34;11370619831;S
20241101;100515;4210;8;11370621550;S
20241101;100516;4210;2;11370621625;S
20241101;100516;4210;40;11370621666;S
20241101;100516;4210;2;11370621667;S
20241101;100516;4210;1;11370621668;S
20241101;100517;4210;6;11370621962;B
20241101;100518;4209;16;11370622087;S
20241101;100518;4209;23;11370622088;S
20241101;100522;4210;3;11370623077;B
20241101;100524;4211;2;11370623523;B
20241101;100533;4211;2;11370625778;B
20241101;100534;4211;5;11370625981;B
20241101;100534;4211;23;11370626091;B
20241101;100534;4212;2;11370626092;B
20241101;100534;4212;7;11370626093;B
20241101;100534;4213;1;11370626094;B
20241101;100534;4213;8;11370626095;B
20241101;100534;4215;18;11370626096;B
20241101;100535;4212;11;11370626354;S
20241101;100536;4212;1;11370626549;S
20241101;100537;4212;5;11370626663;S
20241101;100537;4212;6;11370626664;S
20241101;100541;4215;1;11370627607;B
20241101;100542;4215;2;11370627722;B
20241101;100546;4212;1;11370628762;S
20241101;100546;4215;4;11370628791;B
20241101;100546;4215;5;11370628792;B
20241101;100546;4215;2;11370628793;B
20241101;100546;4212;12;11370628879;S
20241101;100546;4211;3;11370628880;S
20241101;100548;4214;2;11370629162;B
20241101;100550;4215;1;11370629595;B
20241101;100552;4215;1;11370630044;B
20241101;100558;4215;21;11370631357;B
20241101;100601;4216;1;11370632132;B
20241101;100604;4215;2;11370632793;S
20241101;100607;4217;1;11370633328;B
20241101;100608;4219;3;11370633441;B
20241101;100613;4219;1;11370634573;B
20241101;100613;4219;3;11370634574;B
20241101;100615;4219;1;11370634956;B
20241101;100615;4216;1;11370634969;S
20241101;100615;4217;15;11370635054;S
20241101;100615;4216;5;11370635055;S
20241101;100615;4216;4;11370635056;S
20241101;100615;4215;26;11370635057;S
20241101;100618;4219;12;11370635727;B
20241101;100618;4220;2;11370635728;B
20241101;100621;4219;8;11370636286;B
20241101;100621;4219;1;11370636287;B
20241101;100624;4220;12;11370636721;B
20241101;100624;4221;3;11370636722;B
20241101;100624;4221;20;11370636723;B
20241101;100624;4221;40;11370636724;B
20241101;100624;4221;2;11370636725;B
20241101;100624;4221;32;11370636726;B
20241101;100624;4222;1;11370636727;B
20241101;100631;4222;4;11370638039;B
20241101;100633;4222;1;11370638501;B
20241101;100633;4222;2;11370638502;B
20241101;100633;4223;7;11370638503;B
20241101;100635;4220;14;11370638867;B
20241101;100635;4222;2;11370638868;B
20241101;100635;4222;5;11370638869;B
20241101;100635;4223;3;11370638870;B
20241101;100635;4223;1;11370638871;B
20241101;100635;4223;2;11370638872;B
20241101;100641;4224;1;11370639746;B
20241101;100641;4224;4;11370639747;B
20241101;100644;4225;1;11370640065;B
20241101;100647;4225;50;11370640597;B
20241101;100648;4224;5;11370640846;S
20241101;100650;4224;4;11370641198;B
20241101;100650;4224;2;11370641201;B
20241101;100650;4223;10;11370641264;S
20241101;100651;4224;35;11370641333;B
20241101;100652;4224;50;11370641491;B
20241101;100655;4224;43;11370642063;B
20241101;100655;4225;19;11370642064;B
20241101;100655;4225;2;11370642065;B
20241101;100655;4225;11;11370642094;S
20241101;100655;4226;20;11370642100;B
20241101;100655;4225;10;11370642102;S
20241101;100656;4225;2;11370642180;S
20241101;100656;4225;1;11370642199;S
20241101;100656;4226;2;11370642201;B
20241101;100659;4227;1;11370642546;B
20241101;100659;4227;2;11370642547;B
20241101;100659;4227;5;11370642548;B
20241101;100659;4228;4;11370642549;B
20241101;100659;4228;10;11370642550;B
20241101;100659;4228;78;11370642551;B
20241101;100659;4228;80;11370642702;B
20241101;100701;4228;3;11370642901;B
20241101;100702;4226;4;11370643066;S
20241101;100703;4226;1;11370643325;S
20241101;100706;4226;57;11370643600;S
20241101;100706;4227;5;11370643661;B
20241101;100707;4227;1;11370643826;B
20241101;100707;4227;1;11370643864;B
20241101;100708;4226;136;11370644009;S
20241101;100709;4226;5;11370644166;B
20241101;100710;4226;1;11370644385;B
20241101;100713;4226;4;11370644777;B
20241101;100715;4225;12;11370645039;S
20241101;100715;4225;1;11370645040;S
20241101;100715;4224;1;11370645081;S
20241101;100715;4224;2;11370645107;B
20241101;100718;4224;1;11370645485;B
20241101;100721;4223;11;11370646057;S
20241101;100722;4223;2;11370646348;S
20241101;100722;4221;1;11370646349;S
20241101;100726;4223;2;11370646919;B
20241101;100732;4221;1;11370647999;S
20241101;100732;4220;1;11370648000;S
20241101;100732;4220;2;11370648001;S
20241101;100732;4220;2;11370648002;S
20241101;100732;4220;12;11370648003;S
20241101;100735;4221;10;11370648633;B
20241101;100735;4221;1;11370648755;B
20241101;100737;4221;2;11370649038;B
20241101;100739;4220;3;11370649577;S
20241101;100740;4220;2;11370649749;S
20241101;100740;4220;3;11370649750;S
20241101;100740;4219;13;11370649751;S
20241101;100741;4221;1;11370650017;B
20241101;100742;4220;4;11370650089;B
20241101;100742;4220;1;11370650102;B
20241101;100744;4220;5;11370650416;B
20241101;100744;4220;1;11370650417;B
20241101;100744;4221;6;11370650418;B
20241101;100744;4222;2;11370650419;B
20241101;100744;4222;2;11370650420;B
20241101;100744;4223;4;11370650421;B
20241101;100745;4220;2;11370650641;S
20241101;100748;4222;3;11370651424;B
20241101;100753;4222;2;11370652644;B
20241101;100755;4222;1;11370652852;B
20241101;100755;4221;1;11370652863;S
20241101;100755;4222;4;11370652995;B
20241101;100755;4221;9;11370652997;S
20241101;100755;4221;2;11370652998;S
20241101;100756;4220;1;11370653101;S
20241101;100756;4220;3;11370653102;S
20241101;100800;4220;1;11370653809;S
20241101;100802;4221;1;11370654112;B
20241101;100806;4220;2;11370654797;S
20241101;100806;4220;2;11370654798;S
20241101;100809;4219;1;11370655246;S
20241101;100809;4220;3;11370655297;B
20241101;100810;4221;1;11370655380;B
20241101;100815;4220;2;11370656439;S
20241101;100815;4220;1;11370656440;S
20241101;100815;4220;6;11370656441;S
20241101;100817;4221;2;11370656867;B
20241101;100818;4220;2;11370657095;S
20241101;100821;4222;2;11370657694;B
20241101;100822;4221;1;11370657773;S
20241101;100822;4221;1;11370657774;S
20241101;100822;4220;7;11370657775;S
20241101;100822;4219;2;11370657776;S
20241101;100822;4219;1;11370657777;S
20241101;100822;4219;3;11370657778;S
20241101;100822;4218;1;11370657779;S
20241101;100822;4218;2;11370657780;S
20241101;100822;4218;3;11370657781;S
20241101;100822;4218;40;11370657782;S
20241101;100823;4218;30;11370657893;B
20241101;100823;4220;2;11370658057;B
20241101;100825;4222;2;11370658424;B
20241101;100825;4222;1;11370658425;B
20241101;100825;4222;1;11370658450;B
20241101;100826;4222;3;11370658828;B
20241101;100826;4222;2;11370658829;B
20241101;100826;4222;2;11370658830;B
20241101;100826;4222;11;11370658831;B
20241101;100828;4220;13;11370659179;S
20241101;100828;4220;2;11370659180;S
20241101;100828;4220;1;11370659251;B
20241101;100828;4220;1;11370659256;B
20241101;100829;4220;3;11370659346;B
20241101;100831;4220;1;11370659752;B
20241101;100832;4220;1;11370660253;B
20241101;100836;4220;1;11370660792;B
20241101;100838;4219;4;11370661095;S
20241101;100839;4219;1;11370661344;S
20241101;100839;4220;1;11370661382;B
20241101;100840;4219;1;11370661464;S
20241101;100840;4219;1;11370661553;S
20241101;100842;4220;3;11370661757;B
20241101;100844;4220;10;11370662159;B
20241101;100844;4221;3;11370662160;B
20241101;100844;4221;2;11370662161;B
20241101;100847;4221;6;11370662477;S
20241101;100851;4221;9;11370663250;S
20241101;100851;4221;3;11370663348;S
20241101;100851;4220;2;11370663349;S
20241101;100851;4220;1;11370663350;S
20241101;100851;4220;1;11370663351;S
20241101;100851;4219;1;11370663352;S
20241101;100856;4222;1;11370664400;B
20241101;100857;4222;1;11370664716;B
20241101;100859;4221;2;11370665245;B
20241101;100859;4222;3;11370665246;B
20241101;100903;4221;4;11370665904;B
20241101;100903;4222;3;11370665905;B
20241101;100904;4220;1;11370666090;S
20241101;100907;4222;1;11370666515;B
20241101;100915;4222;4;11370667900;B
20241101;100915;4222;50;11370667901;B
20241101;100915;4222;3;11370667902;B
20241101;100915;4222;3;11370667903;B
20241101;100915;4223;1;11370667904;B
20241101;100915;4223;20;11370667905;B
20241101;100915;4223;1;11370667906;B
20241101;100915;4223;10;11370667907;B
20241101;100915;4223;4;11370667908;B
20241101;100915;4223;2;11370667909;B
20241101;100915;4223;3;11370667910;B
20241101;100915;4224;47;11370667911;B
20241101;100915;4224;40;11370667912;B
20241101;100915;4224;18;11370667913;B
20241101;100915;4225;15;11370667914;B
20241101;100915;4226;1;11370667915;B
20241101;100915;4226;9;11370667916;B
20241101;100915;4227;1;11370667917;B
20241101;100915;4227;10;11370667918;B
20241101;100915;4227;9;11370667919;B
20241101;100915;4227;24;11370667920;B
20241101;100915;4228;39;11370667921;B
20241101;100915;4228;1;11370667922;B
20241101;100915;4228;1;11370667923;B
20241101;100915;4228;4;11370667924;B
20241101;100915;4228;4;11370667925;B
20241101;100915;4228;12;11370667926;B
20241101;100915;4228;3;11370667927;B
20241101;100915;4229;5;11370667928;B
20241101;100915;4229;20;11370667929;B
20241101;100915;4229;5;11370667930;B
20241101;100915;4229;2;11370667931;B
20241101;100915;4229;50;11370667932;B
20241101;100915;4230;5;11370667933;B
20241101;100915;4230;37;11370667934;B
20241101;100915;4230;27;11370667935;B
20241101;100915;4230;10;11370667936;B
20241101;100915;4223;7;11370668052;S
20241101;100915;4222;12;11370668053;S
20241101;100915;4222;1;11370668054;S
20241101;100916;4222;1;11370668147;B
20241101;100917;4222;11;11370668506;B
20241101;100919;4224;12;11370668726;B
20241101;100919;4225;8;11370668727;B
20241101;100922;4225;1;11370669274;B
20241101;100925;4225;4;11370669779;B
20241101;100925;4225;14;11370669780;B
20241101;100925;4226;4;11370669781;B
20241101;100925;4226;7;11370669782;B
20241101;100925;4227;7;11370669783;B
20241101;100925;4227;4;11370669784;B
20241101;100925;4229;12;11370669785;B
20241101;100925;4229;4;11370669786;B
20241101;100925;4230;15;11370669787;B
20241101;100925;4230;4;11370669788;B
20241101;100925;4230;20;11370669789;B
20241101;100925;4230;100;11370669790;B
20241101;100925;4230;10;11370669791;B
20241101;100925;4230;5;11370669792;B
20241101;100925;4230;20;11370669793;B
20241101;100925;4230;1;11370669794;B
20241101;100925;4230;1;11370669795;B
20241101;100925;4230;3;11370669796;B
20241101;100925;4232;1;11370669797;B
20241101;100925;4234;14;11370669798;B
20241101;100925;4235;5;11370669799;B
20241101;100925;4235;2;11370669800;B
20241101;100925;4235;100;11370669801;B
20241101;100925;4235;10;11370669802;B
20241101;100925;4236;30;11370669803;B
20241101;100925;4236;20;11370669804;B
20241101;100925;4237;1;11370669805;B
20241101;100925;4237;1;11370669806;B
20241101;100925;4237;60;11370669807;B
20241101;100925;4238;20;11370669808;B
20241101;100925;4238;1;11370669809;B
20241101;100925;4225;24;11370669835;S
20241101;100925;4226;1;11370669866;S
20241101;100927;4229;1;11370670173;B
20241101;100930;4233;15;11370670713;B
20241101;100930;4229;2;11370670797;S
20241101;100931;4233;52;11370670830;B
20241101;100931;4233;2;11370670831;S
20241101;100934;4234;25;11370671344;B
20241101;100934;4234;1;11370671345;B
20241101;100934;4236;4;11370671346;B
20241101;100934;4236;36;11370671347;B
20241101;100934;4237;5;11370671348;B
20241101;100934;4237;4;11370671349;B
20241101;100934;4238;3;11370671350;B
20241101;100934;4238;1;11370671351;B
20241101;100934;4240;50;11370671352;B
20241101;100934;4240;55;11370671353;B
20241101;100934;4240;20;11370671354;B
20241101;100934;4240;4;11370671355;B
20241101;100934;4241;4;11370671356;B
20241101;100934;4242;2;11370671357;B
20241101;100934;4242;100;11370671358;B
20241101;100934;4243;4;11370671359;B
20241101;100934;4243;4;11370671360;B
20241101;100934;4244;2;11370671361;B
20241101;100934;4244;9;11370671362;B
20241101;100934;4244;141;11370671363;B
20241101;100934;4245;5;11370671364;B
20241101;100934;4245;20;11370671365;B
20241101;100934;4245;1;11370671366;B
20241101;100938;4236;1;11370672087;S
20241101;100938;4235;1;11370672088;S
20241101;100938;4232;4;11370672089;S
20241101;100938;4231;4;11370672090;S
20241101;100938;4231;12;11370672091;S
20241101;100938;4230;2;11370672092;S
20241101;100939;4233;3;11370672223;B
20241101;100940;4233;2;11370672380;B
20241101;100940;4238;1;11370672381;B
20241101;100941;4233;5;11370672530;S
20241101;100941;4232;1;11370672531;S
20241101;100941;4232;5;11370672532;S
20241101;100941;4232;2;11370672533;S
20241101;100941;4231;37;11370672534;S
20241101;100941;4234;1;11370672541;B
20241101;100941;4234;24;11370672590;B
20241101;100941;4234;11;11370672591;B
20241101;100941;4235;50;11370672592;B
20241101;100941;4238;23;11370672593;B
20241101;100941;4239;4;11370672594;B
20241101;100941;4240;12;11370672595;B
20241101;100941;4241;1;11370672596;B
20241101;100941;4241;4;11370672597;B
20241101;100941;4242;1;11370672598;B
20241101;100941;4242;1;11370672599;B
20241101;100941;4242;4;11370672600;B
20241101;100941;4242;20;11370672601;B
20241101;100941;4242;20;11370672602;B
20241101;100941;4242;20;11370672603;B
20241101;100941;4243;10;11370672604;B
20241101;100941;4243;20;11370672605;B
20241101;100941;4243;20;11370672606;B
20241101;100941;4243;40;11370672607;B
20241101;100941;4243;100;11370672608;B
20241101;100941;4244;20;11370672609;B
20241101;100941;4244;20;11370672610;B
20241101;100941;4244;25;11370672611;B
20241101;100941;4244;10;11370672612;B
20241101;100941;4244;25;11370672613;B
20241101;100941;4244;15;11370672614;B
20241101;100943;4238;50;11370672957;S
20241101;100944;4237;15;11370672959;B
20241101;100944;4235;1;11370673010;S
20241101;100945;4237;1;11370673170;B
20241101;100948;4237;13;11370673611;B
20241101;100948;4238;1;11370673612;B
20241101;100949;4239;1;11370673859;B
20241101;100949;4238;12;11370673910;S
20241101;100951;4239;4;11370674210;B
20241101;100951;4239;5;11370674211;B
20241101;100951;4239;20;11370674212;B
20241101;100951;4239;1;11370674213;B
20241101;100951;4239;1;11370674214;B
20241101;100951;4240;24;11370674215;B
20241101;100951;4240;14;11370674216;B
20241101;100951;4241;50;11370674217;B
20241101;100951;4241;2;11370674218;B
20241101;100951;4242;30;11370674219;B
20241101;100951;4242;2;11370674220;B
20241101;100951;4242;1;11370674221;B
20241101;100951;4242;1;11370674222;B
20241101;100951;4243;100;11370674223;B
20241101;100951;4243;10;11370674224;B
20241101;100951;4243;10;11370674225;B
20241101;100951;4243;25;11370674226;B
20241101;100951;4243;40;11370674227;B
20241101;100951;4243;4;11370674228;B
20241101;100951;4243;1;11370674229;B
20241101;100951;4244;40;11370674230;B
20241101;100951;4244;40;11370674231;B
20241101;100951;4244;17;11370674232;B
20241101;100951;4244;20;11370674233;B
20241101;100951;4244;10;11370674234;B
20241101;100951;4244;25;11370674235;B
20241101;100951;4244;3;11370674236;B
20241101;100951;4241;1;11370674333;B
20241101;100953;4241;3;11370674708;B
20241101;100955;4242;10;11370674917;B
20241101;100956;4243;5;11370675061;B
20241101;100956;4243;14;11370675062;B
20241101;100956;4244;3;11370675063;B
20241101;100956;4244;4;11370675064;B
20241101;100956;4244;40;11370675065;B
20241101;100956;4245;12;11370675066;B
20241101;100956;4245;5;11370675077;B
20241101;100957;4242;1;11370675255;S
20241101;100957;4242;25;11370675256;S
20241101;100957;4242;20;11370675257;S
20241101;100957;4241;16;11370675258;S
20241101;100957;4241;10;11370675259;S
20241101;100957;4241;9;11370675260;S
20241101;100957;4242;11;11370675452;S
20241101;100959;4244;1;11370675725;B
20241101;101003;4243;10;11370676251;S
20241101;101004;4243;9;11370676321;S
20241101;101004;4242;31;11370676322;S
20241101;101005;4242;4;11370676406;S
20241101;101005;4242;4;11370676407;S
20241101;101005;4244;1;11370676423;B
20241101;101005;4244;1;11370676424;B
20241101;101005;4244;24;11370676425;B
20241101;101005;4244;7;11370676426;B
20241101;101005;4244;5;11370676427;B
20241101;101005;4245;162;11370676428;B
20241101;101005;4244;1;11370676474;B
20241101;101006;4242;1;11370676570;S
20241101;101007;4242;5;11370676699;S
20241101;101011;4243;1;11370677222;B
20241101;101011;4243;2;11370677223;B
20241101;101011;4243;1;11370677268;B
20241101;101012;4243;1;11370677298;B
20241101;101013;4243;1;11370677395;B
20241101;101013;4243;1;11370677456;B
20241101;101013;4243;1;11370677457;B
20241101;101013;4244;23;11370677458;B
20241101;101013;4244;4;11370677459;B
20241101;101013;4244;8;11370677460;B
20241101;101013;4244;5;11370677461;B
20241101;101013;4244;1;11370677462;B
20241101;101013;4244;5;11370677463;B
20241101;101013;4245;4;11370677465;B
20241101;101014;4244;5;11370677503;S
20241101;101014;4244;2;11370677518;S
20241101;101014;4245;16;11370677536;B
20241101;101014;4245;50;11370677537;B
20241101;101014;4245;1;11370677538;B
20241101;101014;4245;33;11370677539;B
20241101;101014;4245;167;11370677571;B
20241101;101014;4245;5;11370677572;B
20241101;101014;4245;28;11370677573;B
20241101;101015;4245;62;11370677600;B
20241101;101015;4245;2;11370677602;B
20241101;101015;4245;8;11370677705;B
20241101;101021;4245;11;11370678460;S
20241101;101021;4245;2;11370678461;S
20241101;101021;4245;7;11370678462;S
20241101;101025;4246;2;11370679168;B
20241101;101025;4246;1;11370679169;B
20241101;101025;4245;48;11370679314;S
20241101;101025;4245;11;11370679315;S
20241101;101025;4244;41;11370679316;S
20241101;101025;4246;1;11370679357;B
20241101;101026;4244;100;11370679597;S
20241101;101026;4244;4;11370679599;S
20241101;101026;4244;1;11370679600;S
20241101;101029;4243;2;11370680005;B
20241101;101029;4243;9;11370680006;B
20241101;101029;4244;9;11370680007;B
20241101;101029;4244;24;11370680008;B
20241101;101029;4244;1;11370680009;B
20241101;101029;4244;5;11370680010;B
20241101;101030;4244;10;11370680088;B
20241101;101034;4244;2;11370680629;B
20241101;101034;4242;7;11370680658;S
20241101;101036;4242;33;11370680898;S
20241101;101036;4242;4;11370680899;S
20241101;101036;4242;7;11370680900;S
20241101;101036;4244;1;11370680940;B
20241101;101038;4243;2;11370681116;B
20241101;101038;4243;1;11370681234;B
20241101;101039;4243;1;11370681305;B
20241101;101039;4243;6;11370681327;B
20241101;101041;4241;1;11370681477;S
20241101;101042;4241;1;11370681570;S
20241101;101043;4242;1;11370681664;B
20241101;101043;4241;1;11370681668;S
20241101;101043;4242;2;11370681715;B
20241101;101046;4240;12;11370682118;S
20241101;101046;4240;6;11370682119;S
20241101;101046;4239;1;11370682120;S
20241101;101046;4239;6;11370682121;S
20241101;101046;4242;1;11370682197;B
20241101;101047;4241;3;11370682249;S
20241101;101048;4241;1;11370682351;B
20241101;101048;4241;1;11370682440;B
20241101;101051;4241;2;11370682754;S
20241101;101053;4242;1;11370682932;B
20241101;101054;4242;5;11370683119;B
20241101;101054;4242;2;11370683120;B
20241101;101056;4241;2;11370683316;S
20241101;101056;4240;4;11370683317;S
20241101;101056;4239;14;11370683318;S
20241101;101058;4241;1;11370683713;B
20241101;101059;4241;1;11370683879;B
20241101;101103;4239;5;11370684631;S
20241101;101103;4239;6;11370684632;S
20241101;101106;4239;14;11370684897;S
20241101;101106;4239;1;11370684898;S
20241101;101106;4239;1;11370684899;S
20241101;101106;4239;10;11370684900;S
20241101;101107;4239;45;11370685099;S
20241101;101109;4239;1;11370685293;S
20241101;101112;4239;22;11370685654;S
20241101;101113;4239;1;11370685696;S
20241101;101113;4240;2;11370685749;B
20241101;101113;4240;3;11370685750;B
20241101;101113;4239;20;11370685788;S
20241101;101114;4239;25;11370685868;B
20241101;101114;4239;21;11370685869;B
20241101;101114;4239;1;11370685949;B
20241101;101116;4239;1;11370686084;B
20241101;101116;4239;22;11370686105;B
20241101;101116;4240;1;11370686109;B
20241101;101118;4239;2;11370686371;S
20241101;101121;4240;1;11370686793;B
20241101;101121;4239;2;11370686852;S
20241101;101122;4239;30;11370686906;S
20241101;101122;4239;5;11370686907;S
20241101;101122;4239;1;11370686908;S
20241101;101122;4239;1;11370686909;S
20241101;101122;4238;46;11370686910;S
20241101;101125;4238;1;11370687348;S
20241101;101128;4238;27;11370687649;S
20241101;101130;4240;7;11370687926;B
20241101;101130;4240;1;11370687927;B
20241101;101130;4240;12;11370687928;B
20241101;101130;4240;5;11370687929;B
20241101;101132;4240;1;11370688049;B
20241101;101132;4238;1;11370688056;S
20241101;101133;4238;1;11370688152;S
20241101;101133;4238;3;11370688153;S
20241101;101133;4237;2;11370688154;S
20241101;101133;4237;3;11370688155;S
20241101;101133;4237;1;11370688156;S
20241101;101133;4239;1;11370688180;B
20241101;101135;4237;1;11370688285;S
20241101;101135;4237;1;11370688301;S
20241101;101135;4237;3;11370688302;S
20241101;101136;4239;1;11370688377;B
20241101;101138;4236;1;11370688605;S
20241101;101138;4236;2;11370688606;S
20241101;101138;4236;7;11370688607;S
20241101;101140;4239;1;11370688803;B
20241101;101146;4237;1;11370689653;S
20241101;101151;4236;1;11370690223;S
20241101;101151;4236;1;11370690224;S
20241101;101151;4236;1;11370690225;S
20241101;101152;4235;1;11370690264;S
20241101;101152;4235;2;11370690265;S
20241101;101152;4235;1;11370690266;S
20241101;101152;4235;3;11370690267;S
20241101;101153;4234;10;11370690352;S
20241101;101153;4234;2;11370690359;S
20241101;101153;4233;50;11370690360;S
20241101;101153;4233;1;11370690361;S
20241101;101200;4235;1;11370691148;S
20241101;101202;4233;1;11370691334;S
20241101;101203;4232;1;11370691448;S
20241101;101203;4232;1;11370691449;S
20241101;101203;4232;2;11370691450;S
20241101;101207;4233;3;11370691978;B
20241101;101210;4232;10;11370692324;S
20241101;101210;4232;1;11370692325;S
20241101;101210;4232;49;11370692326;S
20241101;101210;4232;1;11370692328;S
20241101;101211;4232;3;11370692400;B
20241101;101212;4232;2;11370692543;B
20241101;101212;4232;5;11370692590;B
20241101;101212;4232;1;11370692591;B
20241101;101212;4233;1;11370692593;B
20241101;101213;4232;6;11370692610;S
20241101;101214;4232;4;11370692946;B
20241101;101214;4233;1;11370692947;B
20241101;101215;4231;10;11370693137;S
20241101;101215;4231;1;11370693138;S
20241101;101215;4231;6;11370693139;S
20241101;101217;4230;1;11370693257;S
20241101;101220;4232;10;11370693607;B
20241101;101237;4232;14;11370696728;B
20241101;101237;4232;9;11370696729;B
20241101;101237;4232;40;11370696730;B
20241101;101237;4231;1;11370696762;S
20241101;101238;4230;1;11370696979;S
20241101;101238;4230;2;11370696980;S
20241101;101238;4230;1;11370696981;S
20241101;101238;4230;1;11370696982;S
20241101;101238;4230;4;11370696983;S
20241101;101239;4229;1;11370697056;S
20241101;101239;4229;39;11370697363;S
20241101;101239;4229;20;11370697364;S
20241101;101240;4228;1;11370697406;S
20241101;101240;4228;20;11370697407;S
20241101;101241;4228;4;11370697780;B
20241101;101246;4229;1;11370698717;B
20241101;101248;4227;2;11370699024;S
20241101;101248;4227;1;11370699025;S
20241101;101249;4226;27;11370699310;S
20241101;101250;4226;1;11370699391;S
20241101;101252;4226;22;11370699631;S
20241101;101252;4225;111;11370699632;S
20241101;101252;4225;5;11370699633;S
20241101;101252;4225;5;11370699634;S
20241101;101252;4225;2;11370699635;S
20241101;101252;4225;1;11370699636;S
20241101;101252;4225;30;11370699650;B
20241101;101252;4225;24;11370699651;B
20241101;101252;4225;8;11370699652;B
20241101;101252;4228;1;11370699653;S
20241101;101252;4229;8;11370699680;B
20241101;101253;4229;1;11370699702;B
20241101;101259;4226;1;11370700674;S
20241101;101259;4226;5;11370700675;S
20241101;101309;4226;2;11370702038;B
20241101;101309;4227;3;11370702039;B
20241101;101309;4227;19;11370702040;B
20241101;101310;4227;1;11370702094;S
20241101;101310;4228;2;11370702095;B
20241101;101312;4228;1;11370702323;B
20241101;101315;4226;1;11370702629;S
20241101;101315;4226;2;11370702630;S
20241101;101315;4226;10;11370702653;B
20241101;101317;4226;1;11370702984;B
20241101;101318;4226;15;11370703121;B
20241101;101325;4227;2;11370703976;B
20241101;101328;4227;2;11370704673;S
20241101;101328;4227;20;11370704674;S
20241101;101328;4226;24;11370704675;S
20241101;101332;4226;1;11370705221;S
20241101;101333;4226;3;11370705249;B
20241101;101338;4226;1;11370705807;B
20241101;101338;4225;1;11370705830;S
20241101;101338;4225;15;11370705831;S
20241101;101338;4225;1;11370705832;S
20241101;101339;4226;1;11370705985;B
20241101;101344;4226;1;11370706598;B
20241101;101346;4226;3;11370706762;B
20241101;101346;4226;1;11370706822;B
20241101;101347;4224;20;11370706917;S
20241101;101347;4224;1;11370706918;S
20241101;101347;4223;1;11370706919;S
20241101;101347;4223;10;11370706920;S
20241101;101347;4223;4;11370706921;S
20241101;101347;4223;20;11370706922;S
20241101;101347;4223;8;11370706923;S
20241101;101347;4223;9;11370706924;S
20241101;101347;4223;20;11370706925;S
20241101;101347;4223;1;11370706926;S
20241101;101347;4222;1;11370706927;S
20241101;101347;4222;6;11370706928;S
20241101;101351;4225;1;11370707440;B
20241101;101351;4226;1;11370707441;B
20241101;101351;4226;1;11370707481;B
20241101;101356;4224;1;11370707964;B
20241101;101356;4225;1;11370707972;B
20241101;101356;4226;1;11370707973;B
20241101;101359;4226;1;11370708310;B
20241101;101401;4224;2;11370708408;S
20241101;101401;4224;7;11370708428;S
20241101;101407;4225;2;11370708887;S
20241101;101414;4226;2;11370709796;B
20241101;101414;4226;1;11370709797;B
20241101;101426;4226;1;11370710904;S
20241101;101426;4226;2;11370710905;S
20241101;101426;4225;2;11370710906;S
20241101;101426;4225;10;11370710907;S
20241101;101429;4225;31;11370711257;B
20241101;101431;4225;40;11370711394;S
20241101;101434;4227;1;11370711892;B
20241101;101434;4226;1;11370711909;S
20241101;101434;4225;1;11370711910;S
20241101;101436;4227;1;11370712098;B
20241101;101439;4225;2;11370712351;S
20241101;101445;4225;1;11370713099;S
20241101;101446;4228;1;11370713200;B
20241101;101446;4228;2;11370713201;B
20241101;101453;4226;4;11370713915;S
20241101;101453;4225;6;11370713916;S
20241101;101454;4228;1;11370713972;B
20241101;101501;4228;1;11370714796;B
20241101;101506;4227;1;11370715541;B
20241101;101510;4225;1;11370716329;S
20241101;101510;4228;1;11370716380;B
20241101;101510;4228;1;11370716399;B
20241101;101510;4228;6;11370716428;B
20241101;101510;4228;1;11370716429;B
20241101;101510;4228;2;11370716430;B
20241101;101510;4228;1;11370716433;B
20241101;101510;4228;9;11370716437;B
20241101;101510;4225;3;11370716470;S
20241101;101511;4228;2;11370717138;B
20241101;101512;4228;1;11370717774;B
20241101;101512;4228;1;11370717831;B
20241101;101512;4228;1;11370717832;B
20241101;101512;4229;1;11370717884;B
20241101;101512;4229;1;11370718156;B
20241101;101512;4229;1;11370718191;B
20241101;101512;4230;2;11370718192;B
20241101;101513;4230;1;11370718462;B
20241101;101513;4228;1;11370718899;B
20241101;101513;4230;6;11370718900;B
20241101;101514;4230;1;11370718929;B
20241101;101514;4230;2;11370719125;B
20241101;101514;4229;1;11370719131;B
20241101;101515;4225;9;11370719730;S
20241101;101515;4225;2;11370719731;S
20241101;101515;4225;1;11370719732;S
20241101;101515;4224;10;11370719733;S
20241101;101515;4223;3;11370719734;S
20241101;101515;4223;3;11370719735;S
20241101;101515;4222;2;11370719736;S
20241101;101516;4229;1;11370719864;B
20241101;101517;4228;3;11370720145;B
20241101;101518;4229;2;11370720505;B
20241101;101521;4228;2;11370721633;B
20241101;101521;4229;9;11370721634;B
20241101;101521;4229;2;11370721635;B
20241101;101521;4230;30;11370721636;B
20241101;101521;4230;21;11370721637;B
20241101;101526;4230;1;11370723255;B
20241101;101528;4226;12;11370723657;S
20241101;101528;4226;24;11370723658;S
20241101;101528;4225;24;11370723659;S
20241101;101528;4225;1;11370723660;S
20241101;101528;4223;10;11370723661;S
20241101;101528;4223;24;11370723662;S
20241101;101528;4222;5;11370723663;S
20241101;101530;4226;1;11370724055;B
20241101;101530;4222;1;11370724075;S
20241101;101531;4227;4;11370724511;B
20241101;101531;4228;5;11370724512;B
20241101;101534;4226;4;11370725188;S
20241101;101534;4223;1;11370725189;S
20241101;101534;4223;2;11370725190;S
20241101;101534;4222;12;11370725191;S
20241101;101534;4222;2;11370725192;S
20241101;101534;4220;2;11370725193;S
20241101;101534;4220;1;11370725194;S
20241101;101534;4220;2;11370725195;S
20241101;101534;4220;20;11370725196;S
20241101;101534;4220;1;11370725197;S
20241101;101534;4220;1;11370725198;S
20241101;101534;4220;8;11370725199;S
20241101;101534;4220;5;11370725200;S
20241101;101534;4220;8;11370725201;S
20241101;101534;4220;5;11370725202;S
20241101;101534;4219;16;11370725203;S
20241101;101534;4219;2;11370725204;S
20241101;101534;4219;5;11370725205;S
20241101;101534;4219;8;11370725206;S
20241101;101534;4219;1;11370725218;S
20241101;101534;4218;2;11370725219;S
20241101;101537;4220;10;11370725792;S
20241101;101542;4221;1;11370727845;B
20241101;101543;4222;5;11370728210;B
20241101;101543;4223;6;11370728211;B
20241101;101545;4219;1;11370728851;S
20241101;101547;4219;4;11370729409;S
20241101;101547;4219;1;11370729428;S
20241101;101547;4218;48;11370729429;S
20241101;101547;4218;15;11370729430;S
20241101;101547;4218;1;11370729431;S
20241101;101547;4217;60;11370729432;S
20241101;101548;4222;1;11370729573;B
20241101;101548;4222;1;11370729579;B
20241101;101552;4222;1;11370730423;B
20241101;101553;4218;2;11370730531;S
20241101;101553;4217;38;11370730532;S
20241101;101553;4217;2;11370730533;S
20241101;101553;4216;1;11370730558;S
20241101;101553;4216;6;11370730559;S
20241101;101553;4223;5;11370730573;B
20241101;101553;4222;1;11370730722;B
20241101;101556;4221;1;11370731712;B
20241101;101558;4217;1;11370732047;S
20241101;101558;4216;4;11370732048;S
20241101;101558;4216;1;11370732049;S
20241101;101558;4216;10;11370732050;S
20241101;101558;4215;20;11370732051;S
20241101;101558;4215;25;11370732052;S
20241101;101558;4215;1;11370732053;S
20241101;101558;4215;1;11370732054;S
20241101;101558;4215;1;11370732055;S
20241101;101558;4215;1;11370732056;S
20241101;101558;4215;85;11370732057;S
20241101;101558;4221;1;11370732328;B
20241101;101558;4221;1;11370732329;B
20241101;101558;4221;1;11370732330;B
20241101;101600;4221;1;11370732625;B
20241101;101603;4216;2;11370733487;S
20241101;101603;4216;1;11370733488;S
20241101;101603;4216;1;11370733489;S
20241101;101603;4216;10;11370733490;S
20241101;101603;4215;15;11370733491;S
20241101;101603;4215;100;11370733492;S
20241101;101603;4214;20;11370733493;S
20241101;101603;4214;2;11370733494;S
20241101;101603;4214;11;11370733495;S
20241101;101603;4213;1;11370733496;S
20241101;101603;4213;50;11370733497;S
20241101;101603;4213;15;11370733498;S
20241101;101603;4213;22;11370733499;S
20241101;101607;4219;12;11370734264;B
20241101;101609;4218;2;11370734751;B
20241101;101609;4219;1;11370734752;B
20241101;101610;4216;3;11370735015;S
20241101;101611;4218;1;11370735174;B
20241101;101612;4216;7;11370735248;S
20241101;101612;4219;4;11370735300;B
20241101;101612;4219;8;11370735301;B
20241101;101614;4218;1;11370735576;B
20241101;101622;4215;1;11370737328;S
20241101;101622;4215;1;11370737329;S
20241101;101622;4214;20;11370737330;S
20241101;101622;4214;2;11370737331;S
20241101;101622;4214;5;11370737332;S
20241101;101622;4213;1;11370737333;S
20241101;101622;4213;1;11370737334;S
20241101;101622;4212;2;11370737335;S
20241101;101622;4212;17;11370737336;S
20241101;101622;4212;3;11370737419;S
20241101;101622;4212;2;11370737420;S
20241101;101624;4214;1;11370737743;B
20241101;101624;4215;1;11370737744;B
20241101;101624;4216;1;11370737745;B
20241101;101625;4216;1;11370737816;B
20241101;101628;4213;1;11370738471;S
20241101;101630;4213;1;11370738960;S
20241101;101630;4213;2;11370738961;S
20241101;101630;4212;2;11370738962;S
20241101;101631;4216;1;11370739021;B
20241101;101631;4212;1;11370739082;S
20241101;101631;4212;3;11370739239;S
20241101;101631;4215;1;11370739243;B
20241101;101631;4216;3;11370739244;B
20241101;101631;4217;5;11370739245;B
20241101;101631;4218;2;11370739246;B
20241101;101631;4218;1;11370739247;B
20241101;101637;4213;5;11370741625;S
20241101;101637;4213;1;11370741626;S
20241101;101637;4213;1;11370741627;S
20241101;101639;4213;1;11370741939;S
20241101;101639;4213;1;11370741940;S
20241101;101639;4213;1;11370741941;S
20241101;101639;4213;2;11370741942;S
20241101;101639;4212;10;11370741943;S
20241101;101647;4215;6;11370743656;B
20241101;101647;4215;6;11370743657;B
20241101;101647;4216;1;11370743658;B
20241101;101647;4216;6;11370743659;B
20241101;101647;4217;1;11370743660;B
20241101;101649;4216;1;11370743971;S
20241101;101651;4214;1;11370744503;B
20241101;101655;4214;1;11370746068;B
20241101;101655;4214;3;11370746069;B
20241101;101655;4215;8;11370746070;B
20241101;101656;4215;4;11370746328;B
20241101;101656;4215;21;11370746329;S
20241101;101656;4213;1;11370746493;S
20241101;101656;4213;1;11370746494;S
20241101;101656;4212;2;11370746495;S
20241101;101656;4212;5;11370746496;S
20241101;101656;4212;86;11370746497;S
20241101;101657;4215;1;11370746791;S
20241101;101659;4213;2;11370747272;B
20241101;101659;4215;2;11370747273;B
20241101;101659;4215;4;11370747275;S
20241101;101703;4212;1;11370748511;S
20241101;101705;4212;2;11370748922;S
20241101;101705;4212;18;11370748923;S
20241101;101705;4213;1;11370749135;S
20241101;101705;4212;37;11370749136;S
20241101;101705;4212;1;11370749137;S
20241101;101705;4211;2;11370749138;S
20241101;101705;4211;10;11370749139;S
20241101;101705;4211;1;11370749140;S
20241101;101706;4212;1;11370749233;B
20241101;101707;4210;1;11370749591;S
20241101;101711;4210;5;11370750297;S
20241101;101711;4210;4;11370750356;S
20241101;101711;4210;1;11370750357;S
20241101;101718;4210;1;11370751893;S
20241101;101719;4210;1;11370752012;S
20241101;101719;4209;4;11370752013;S
20241101;101720;4210;12;11370752153;B
20241101;101720;4210;12;11370752179;B
20241101;101720;4210;1;11370752227;B
20241101;101721;4210;25;11370752294;B
20241101;101721;4210;2;11370752295;B
20241101;101725;4209;10;11370752760;S
20241101;101725;4209;16;11370752827;S
20241101;101726;4211;4;11370752836;B
20241101;101726;4211;1;11370752837;B
20241101;101726;4211;66;11370752838;B
20241101;101726;4211;5;11370752839;B
20241101;101728;4210;4;11370753177;S
20241101;101728;4210;1;11370753178;S
20241101;101732;4212;1;11370753753;B
20241101;101736;4210;5;11370754121;S
20241101;101744;4212;1;11370755026;B
20241101;101744;4212;2;11370755063;B
20241101;101744;4212;1;11370755064;B
20241101;101744;4212;1;11370755065;B
20241101;101744;4212;8;11370755066;B
20241101;101746;4211;3;11370755624;B
20241101;101746;4212;3;11370755625;B
20241101;101746;4210;1;11370755631;S
20241101;101754;4211;1;11370756499;B
20241101;101754;4211;3;11370756500;B
20241101;101754;4212;2;11370756501;B
20241101;101754;4212;3;11370756502;B
20241101;101754;4212;14;11370756503;B
20241101;101755;4210;1;11370756600;S
20241101;101802;4211;3;11370757468;B
20241101;101802;4211;2;11370757469;B
20241101;101803;4211;1;11370757678;B
20241101;101806;4210;2;11370758216;S
20241101;101806;4210;4;11370758217;S
20241101;101806;4210;6;11370758218;S
20241101;101808;4211;1;11370758692;B
20241101;101808;4211;3;11370758693;B
20241101;101808;4212;8;11370758694;B
20241101;101813;4213;4;11370759430;B
20241101;101813;4214;1;11370759431;B
20241101;101816;4214;4;11370759825;B
20241101;101816;4214;1;11370759826;B
20241101;101819;4212;5;11370760246;B
20241101;101826;4213;3;11370761242;B
20241101;101826;4214;1;11370761256;B
20241101;101832;4213;5;11370762175;B
20241101;101832;4213;3;11370762176;B
20241101;101832;4214;3;11370762177;B
20241101;101835;4214;1;11370762555;B
20241101;101836;4214;14;11370762798;B
20241101;101836;4214;1;11370762799;B
20241101;101839;4215;1;11370763078;B
20241101;101844;4211;10;11370763759;S
20241101;101844;4211;10;11370763760;S
20241101;101851;4213;1;11370764674;B
20241101;101852;4213;1;11370764837;B
20241101;101857;4213;3;11370765511;B
20241101;101857;4214;3;11370765512;B
20241101;101857;4214;3;11370765513;B
20241101;101857;4214;3;11370765514;B
20241101;101914;4213;1;11370767863;B
20241101;101916;4213;1;11370767978;B
20241101;101916;4213;2;11370768088;B
20241101;101918;4213;10;11370768407;B
20241101;101921;4213;4;11370768913;B
20241101;101921;4213;2;11370768914;B
20241101;101921;4214;6;11370768915;B
20241101;101927;4213;1;11370769882;B
20241101;101928;4212;2;11370770044;S
20241101;101929;4212;2;11370770157;B
20241101;101933;4211;2;11370770647;S
20241101;101936;4212;1;11370770996;B
20241101;101938;4212;10;11370771288;B
20241101;101943;4212;1;11370771935;B
20241101;101945;4212;10;11370772210;B
20241101;101945;4213;2;11370772211;B
20241101;101951;4213;1;11370772897;B
20241101;101954;4213;1;11370773301;B
20241101;101954;4214;1;11370773302;B
20241101;101956;4212;1;11370773473;S
20241101;101958;4212;1;11370773777;B
20241101;101958;4211;10;11370773825;S
20241101;101958;4211;6;11370773826;S
20241101;101958;4211;2;11370773827;S
20241101;101958;4210;5;11370773828;S
20241101;101958;4210;1;11370773829;S
20241101;101958;4210;20;11370773830;S
20241101;101958;4210;2;11370773831;S
20241101;101958;4210;4;11370773832;S
20241101;101958;4210;2;11370773833;S
20241101;101958;4210;4;11370773834;S
20241101;101958;4210;2;11370773835;S
20241101;101958;4210;24;11370773836;S
20241101;101958;4209;12;11370773837;S
20241101;101958;4209;6;11370773838;S
20241101;102002;4213;2;11370774462;B
20241101;102002;4214;10;11370774463;B
20241101;102002;4214;2;11370774464;B
20241101;102002;4214;6;11370774465;B
20241101;102002;4214;1;11370774533;B
20241101;102002;4214;1;11370774545;B
20241101;102007;4211;1;11370775067;B
20241101;102009;4211;1;11370775415;B
20241101;102009;4211;1;11370775416;B
20241101;102009;4212;1;11370775417;B
20241101;102009;4212;2;11370775418;B
20241101;102009;4212;1;11370775419;B
20241101;102009;4214;2;11370775420;B
20241101;102009;4215;4;11370775421;B
20241101;102014;4212;3;11370776003;B
20241101;102014;4212;1;11370776004;B
20241101;102014;4213;1;11370776005;B
20241101;102017;4213;1;11370776467;B
20241101;102017;4214;4;11370776468;B
20241101;102017;4214;1;11370776469;B
20241101;102018;4215;1;11370776700;B
20241101;102018;4215;1;11370776701;B
20241101;102021;4211;2;11370777573;S
20241101;102021;4210;1;11370777574;S
20241101;102021;4210;2;11370777575;S
20241101;102024;4213;1;11370778859;B
20241101;102028;4213;1;11370781131;B
20241101;102028;4213;1;11370781132;B
20241101;102028;4214;1;11370781133;B
20241101;102032;4213;1;11370783099;B
20241101;102034;4214;4;11370784166;B
20241101;102034;4214;2;11370784167;B
20241101;102034;4214;2;11370784168;B
20241101;102034;4214;4;11370784169;B
20241101;102035;4214;1;11370784769;B
20241101;102035;4214;1;11370784770;B
20241101;102036;4211;2;11370785790;S
20241101;102036;4211;5;11370785791;S
20241101;102036;4210;2;11370785792;S
20241101;102036;4210;1;11370785793;S
20241101;102036;4210;12;11370785794;S
20241101;102036;4209;19;11370785795;S
20241101;102036;4209;1;11370785796;S
20241101;102036;4209;1;11370785797;S
20241101;102036;4209;2;11370785798;S
20241101;102036;4209;1;11370785799;S
20241101;102036;4208;2;11370785800;S
20241101;102036;4208;1;11370785801;S
20241101;102042;4211;1;11370789442;B
20241101;102042;4212;1;11370789443;B
20241101;102043;4212;2;11370789754;B
20241101;102043;4213;2;11370789755;B
20241101;102048;4208;1;11370792606;S
20241101;102048;4208;2;11370792607;S
20241101;102048;4207;1;11370792608;S
20241101;102048;4207;5;11370792609;S
20241101;102048;4206;1;11370792610;S
20241101;102048;4206;12;11370792611;S
20241101;102048;4206;1;11370792612;S
20241101;102048;4206;2;11370792613;S
20241101;102048;4205;11;11370792614;S
20241101;102050;4210;1;11370794131;B
20241101;102054;4206;5;11370796230;S
20241101;102054;4205;9;11370796231;S
20241101;102054;4205;1;11370796232;S
20241101;102054;4205;9;11370796233;S
20241101;102054;4205;8;11370796234;S
20241101;102054;4204;1;11370796235;S
20241101;102054;4204;1;11370796236;S
20241101;102054;4204;1;11370796237;S
20241101;102054;4204;3;11370796238;S
20241101;102054;4204;50;11370796239;S
20241101;102054;4204;1;11370796240;S
20241101;102054;4204;1;11370796409;B
20241101;102055;4204;10;11370797314;B
20241101;102055;4205;2;11370797315;B
20241101;102058;4208;3;11370798873;B
20241101;102058;4209;5;11370798874;B
20241101;102058;4209;4;11370798875;B
20241101;102114;4204;4;11370807714;S
20241101;102114;4204;10;11370807715;S
20241101;102114;4203;1;11370807716;S
20241101;102114;4203;1;11370807717;S
20241101;102114;4203;15;11370807718;S
20241101;102114;4203;2;11370807719;S
20241101;102115;4206;1;11370808406;B
20241101;102118;4206;1;11370809943;B
20241101;102119;4205;1;11370810546;S
20241101;102119;4204;1;11370810547;S
20241101;102119;4204;1;11370810548;S
20241101;102119;4203;7;11370810549;S
20241101;102119;4203;2;11370810550;S
20241101;102119;4203;1;11370810551;S
20241101;102119;4203;9;11370810552;S
20241101;102122;4206;1;11370811910;B
20241101;102122;4206;1;11370811911;B
20241101;102122;4206;6;11370811912;B
20241101;102122;4207;4;11370811913;B
20241101;102127;4205;1;11370813953;S
20241101;102127;4204;2;11370813954;S
20241101;102127;4204;1;11370813955;S
20241101;102127;4204;4;11370813956;S
20241101;102127;4203;9;11370813957;S
20241101;102127;4206;1;11370814123;B
20241101;102131;4206;1;11370815846;B
20241101;102132;4206;2;11370816298;B
20241101;102136;4205;1;11370818341;S
20241101;102138;4206;1;11370818960;B
20241101;102143;4207;6;11370821253;B
20241101;102143;4207;94;11370821254;B
20241101;102143;4207;4;11370821256;B
20241101;102143;4207;2;11370821258;B
20241101;102143;4206;2;11370821417;S
20241101;102143;4206;1;11370821418;S
20241101;102143;4206;2;11370821419;S
20241101;102143;4205;100;11370821420;S
20241101;102143;4205;2;11370821421;S
20241101;102143;4204;2;11370821422;S
20241101;102143;4204;2;11370821423;S
20241101;102143;4203;22;11370821424;S
20241101;102143;4203;1;11370821425;S
20241101;102143;4203;1;11370821426;S
20241101;102143;4203;2;11370821427;S
20241101;102143;4203;1;11370821428;S
20241101;102143;4202;1;11370821429;S
20241101;102143;4202;11;11370821430;S
20241101;102143;4202;1;11370821502;S
20241101;102144;4203;10;11370821725;B
20241101;102144;4204;4;11370821726;B
20241101;102144;4205;4;11370821727;B
20241101;102146;4206;4;11370822726;B
20241101;102146;4207;7;11370822727;B
20241101;102149;4206;1;11370823660;B
20241101;102152;4204;1;11370824500;S
20241101;102152;4204;5;11370824501;S
20241101;102152;4204;5;11370824502;S
20241101;102152;4203;10;11370824503;S
20241101;102152;4203;4;11370824504;S
20241101;102152;4203;7;11370824505;S
20241101;102152;4203;2;11370824506;S
20241101;102152;4203;1;11370824507;S
20241101;102152;4203;34;11370824508;S
20241101;102157;4203;1;11370825675;S
20241101;102158;4204;1;11370825871;B
20241101;102201;4204;8;11370826915;B
20241101;102201;4204;11;11370826916;B
20241101;102203;4205;35;11370827273;B
20241101;102203;4205;2;11370827274;B
20241101;102203;4205;1;11370827275;B
20241101;102203;4206;2;11370827276;B
20241101;102206;4206;1;11370828441;B
20241101;102207;4205;5;11370828517;S
20241101;102207;4205;2;11370828518;S
20241101;102207;4205;1;11370828519;S
20241101;102207;4205;12;11370828522;B
20241101;102207;4206;8;11370828523;B
20241101;102207;4206;6;11370828524;B
20241101;102207;4207;12;11370828525;B
20241101;102207;4207;1;11370828683;B
20241101;102208;4206;1;11370829014;B
20241101;102209;4207;1;11370829091;B
20241101;102209;4207;1;11370829165;B
20241101;102209;4207;5;11370829222;B
20241101;102209;4207;10;11370829223;B
20241101;102209;4207;6;11370829224;B
20241101;102209;4208;1;11370829246;B
20241101;102209;4208;1;11370829322;B
20241101;102210;4208;1;11370829447;B
20241101;102210;4208;1;11370829449;B
20241101;102210;4208;1;11370829499;B
20241101;102210;4208;1;11370829500;B
20241101;102210;4208;1;11370829514;B
20241101;102210;4209;1;11370829552;B
20241101;102210;4209;1;11370829573;B
20241101;102210;4209;1;11370829598;B
20241101;102210;4209;1;11370829618;B
20241101;102211;4209;1;11370829631;B
20241101;102211;4209;9;11370829694;B
20241101;102211;4209;3;11370829695;B
20241101;102211;4209;1;11370829708;B
20241101;102211;4209;1;11370829788;B
20241101;102211;4209;1;11370829830;B
20241101;102212;4209;1;11370829973;B
20241101;102212;4209;1;11370830018;B
20241101;102212;4209;1;11370830032;B
20241101;102212;4209;1;11370830046;B
20241101;102213;4209;1;11370830114;B
20241101;102213;4210;1;11370830126;B
20241101;102213;4210;1;11370830178;B
20241101;102213;4210;1;11370830205;B
20241101;102213;4210;1;11370830252;B
20241101;102213;4210;1;11370830256;B
20241101;102213;4210;1;11370830258;B
20241101;102214;4210;1;11370830432;B
20241101;102214;4210;1;11370830491;B
20241101;102214;4210;1;11370830526;B
20241101;102214;4210;1;11370830559;B
20241101;102214;4210;1;11370830569;B
20241101;102214;4210;1;11370830581;B
20241101;102215;4210;1;11370830666;B
20241101;102215;4210;1;11370830730;B
20241101;102215;4210;1;11370830741;B
20241101;102216;4210;1;11370830883;B
20241101;102216;4210;1;11370830895;B
20241101;102217;4210;1;11370830974;B
20241101;102217;4210;1;11370831031;B
20241101;102217;4210;98;11370831086;B
20241101;102218;4211;1;11370831262;B
20241101;102218;4211;1;11370831293;B
20241101;102219;4211;1;11370831375;B
20241101;102219;4211;1;11370831460;B
20241101;102222;4211;1;11370832033;B
20241101;102223;4211;26;11370832152;B
20241101;102223;4211;6;11370832153;B
20241101;102223;4210;2;11370832173;S
20241101;102223;4209;4;11370832174;S
20241101;102226;4209;1;11370832600;S
20241101;102226;4208;2;11370832601;S
20241101;102227;4211;1;11370832833;B
20241101;102227;4211;1;11370832893;B
20241101;102231;4209;1;11370833422;S
20241101;102231;4209;5;11370833423;S
20241101;102231;4208;3;11370833424;S
20241101;102231;4208;1;11370833425;S
20241101;102232;4211;1;11370833527;B
20241101;102233;4211;1;11370833634;B
20241101;102233;4210;1;11370833652;B
20241101;102233;4211;7;11370833653;B
20241101;102233;4212;5;11370833654;B
20241101;102233;4212;12;11370833655;B
20241101;102233;4212;5;11370833656;B
20241101;102233;4212;3;11370833657;B
20241101;102233;4213;40;11370833658;B
20241101;102233;4213;2;11370833659;B
20241101;102233;4214;5;11370833660;B
20241101;102233;4214;5;11370833661;B
20241101;102233;4214;8;11370833662;B
20241101;102233;4214;5;11370833663;B
20241101;102233;4214;2;11370833664;B
20241101;102233;4212;1;11370833730;B
20241101;102234;4212;1;11370833825;B
20241101;102235;4212;3;11370833891;B
20241101;102235;4212;9;11370833892;B
20241101;102236;4212;1;11370833982;B
20241101;102236;4214;6;11370833983;B
20241101;102236;4214;3;11370833984;B
20241101;102236;4214;10;11370834042;B
20241101;102237;4214;10;11370834092;B
20241101;102241;4214;4;11370834633;B
20241101;102243;4214;21;11370834837;B
20241101;102243;4214;10;11370834838;B
20241101;102243;4214;7;11370834839;B
20241101;102244;4214;3;11370834938;B
20241101;102244;4214;1;11370834939;B
20241101;102244;4214;1;11370834940;B
20241101;102244;4215;27;11370834941;B
20241101;102244;4215;2;11370834942;B
20241101;102244;4215;1;11370834943;B
20241101;102244;4215;135;11370834944;B
20241101;102250;4215;65;11370835934;B
20241101;102250;4216;3;11370835935;B
20241101;102250;4217;30;11370835936;B
20241101;102250;4218;2;11370835937;B
20241101;102250;4218;1;11370835938;B
20241101;102250;4219;35;11370835939;B
20241101;102250;4220;10;11370835940;B
20241101;102250;4220;1;11370835941;B
20241101;102250;4220;1;11370835942;B
20241101;102250;4220;1;11370835943;B
20241101;102250;4220;4;11370835944;B
20241101;102250;4220;4;11370835945;B
20241101;102250;4221;9;11370835946;B
20241101;102252;4219;4;11370836103;B
20241101;102259;4221;1;11370836788;B
20241101;102259;4221;10;11370836789;B
20241101;102259;4222;1;11370836790;B
20241101;102300;4217;5;11370836877;S
20241101;102300;4217;1;11370836878;S
20241101;102307;4219;1;11370837812;B
20241101;102307;4220;1;11370837813;B
20241101;102309;4214;1;11370838068;S
20241101;102309;4213;1;11370838069;S
20241101;102309;4212;3;11370838070;S
20241101;102310;4219;1;11370838155;B
20241101;102311;4217;1;11370838314;B
20241101;102323;4217;2;11370840178;B
20241101;102323;4217;1;11370840179;B
20241101;102323;4217;2;11370840180;B
20241101;102323;4218;4;11370840181;B
20241101;102323;4218;3;11370840182;B
20241101;102330;4217;2;11370841212;S
20241101;102336;4218;5;11370842230;B
20241101;102336;4218;1;11370842270;B
20241101;102348;4218;1;11370843894;B
20241101;102348;4219;1;11370843895;B
20241101;102348;4220;10;11370843896;B
20241101;102348;4218;12;11370843918;S
20241101;102348;4218;2;11370843919;S
20241101;102348;4217;1;11370843920;S
20241101;102348;4217;3;11370843921;S
20241101;102348;4217;86;11370843922;S
20241101;102348;4217;4;11370843924;S
20241101;102352;4220;10;11370844502;B
20241101;102353;4220;1;11370844940;B
20241101;102358;4219;5;11370845622;B
20241101;102358;4219;2;11370845623;B
20241101;102358;4220;4;11370845624;B
20241101;102411;4220;3;11370847165;B
20241101;102412;4220;7;11370847204;B
20241101;102412;4221;5;11370847205;B
20241101;102414;4220;5;11370847545;B
20241101;102415;4220;1;11370847662;B
20241101;102420;4220;2;11370848212;B
20241101;102421;4220;25;11370848310;B
20241101;102421;4220;20;11370848319;B
20241101;102428;4220;1;11370849049;B
20241101;102429;4220;16;11370849105;B
20241101;102429;4221;6;11370849106;B
20241101;102429;4222;2;11370849107;B
20241101;102429;4222;10;11370849108;B
20241101;102429;4222;12;11370849109;B
20241101;102429;4223;1;11370849110;B
20241101;102429;4223;50;11370849111;B
20241101;102429;4224;20;11370849112;B
20241101;102429;4225;10;11370849113;B
20241101;102429;4225;24;11370849114;B
20241101;102429;4226;20;11370849115;B
20241101;102429;4226;1;11370849116;B
20241101;102429;4226;50;11370849117;B
20241101;102429;4226;2;11370849118;B
20241101;102429;4227;2;11370849119;B
20241101;102429;4228;82;11370849120;B
20241101;102429;4228;5;11370849121;B
20241101;102429;4229;4;11370849122;B
20241101;102429;4230;5;11370849123;B
20241101;102429;4230;16;11370849124;B
20241101;102429;4230;9;11370849125;B
20241101;102429;4230;10;11370849126;B
20241101;102429;4231;2;11370849127;B
20241101;102429;4231;5;11370849128;B
20241101;102429;4231;5;11370849129;B
20241101;102429;4232;1;11370849130;B
20241101;102429;4232;50;11370849131;B
20241101;102429;4232;50;11370849132;B
20241101;102429;4233;30;11370849133;B
20241101;102429;4233;40;11370849134;B
20241101;102429;4234;50;11370849135;B
20241101;102429;4234;50;11370849136;B
20241101;102429;4234;50;11370849137;B
20241101;102429;4234;50;11370849138;B
20241101;102429;4235;3;11370849139;B
20241101;102429;4235;100;11370849140;B
20241101;102429;4236;20;11370849141;B
20241101;102429;4236;24;11370849142;B
20241101;102429;4237;2;11370849143;B
20241101;102429;4237;71;11370849144;B
20241101;102429;4226;1;11370849152;B
20241101;102429;4237;1;11370849153;B
20241101;102429;4222;2;11370849167;S
20241101;102429;4236;2;11370849230;B
20241101;102429;4237;13;11370849231;B
20241101;102432;4227;3;11370849526;S
20241101;102434;4231;1;11370849812;B
20241101;102436;4230;3;11370850046;B
20241101;102436;4230;8;11370850047;B
20241101;102440;4228;1;11370850497;S
20241101;102440;4227;50;11370850498;S
20241101;102440;4226;4;11370850499;S
20241101;102440;4225;4;11370850500;S
20241101;102440;4224;5;11370850501;S
20241101;102440;4223;5;11370850502;S
20241101;102440;4222;1;11370850503;S
20241101;102440;4222;12;11370850504;S
20241101;102440;4222;8;11370850505;S
20241101;102441;4222;4;11370850567;S
20241101;102441;4222;24;11370850568;S
20241101;102441;4221;10;11370850569;S
20241101;102441;4227;5;11370850587;B
20241101;102441;4228;5;11370850588;B
20241101;102441;4229;12;11370850589;B
20241101;102441;4229;24;11370850590;B
20241101;102441;4229;3;11370850591;B
20241101;102441;4230;12;11370850592;B
20241101;102441;4230;5;11370850593;B
20241101;102441;4230;12;11370850594;B
20241101;102441;4231;26;11370850595;B
20241101;102441;4231;10;11370850596;B
20241101;102441;4231;1;11370850597;B
20241101;102441;4232;5;11370850598;B
20241101;102441;4232;34;11370850599;B
20241101;102442;4226;5;11370850669;B
20241101;102442;4228;5;11370850670;B
20241101;102442;4231;10;11370850671;B
20241101;102446;4228;1;11370851076;B
20241101;102448;4225;1;11370851382;S
20241101;102449;4225;4;11370851610;S
20241101;102449;4225;5;11370851611;S
20241101;102449;4224;1;11370851612;S
20241101;102449;4224;10;11370851613;S
20241101;102451;4223;2;11370851793;S
20241101;102451;4222;3;11370851794;S
20241101;102456;4227;5;11370852689;B
20241101;102456;4227;1;11370852690;B
20241101;102456;4227;1;11370852691;B
20241101;102456;4228;1;11370852692;B
20241101;102456;4228;3;11370852693;B
20241101;102459;4228;9;11370853009;B
20241101;102459;4228;24;11370853010;B
20241101;102459;4229;10;11370853011;B
20241101;102459;4229;10;11370853012;B
20241101;102459;4230;6;11370853013;B
20241101;102459;4230;1;11370853014;B
20241101;102459;4231;3;11370853015;B
20241101;102459;4231;3;11370853016;B
20241101;102459;4232;135;11370853017;B
20241101;102459;4234;10;11370853018;B
20241101;102459;4234;1;11370853019;B
20241101;102459;4234;20;11370853020;B
20241101;102459;4234;10;11370853021;B
20241101;102459;4234;5;11370853022;B
20241101;102459;4235;20;11370853023;B
20241101;102459;4235;5;11370853024;B
20241101;102459;4235;20;11370853025;B
20241101;102459;4235;50;11370853026;B
20241101;102459;4235;12;11370853027;B
20241101;102459;4235;1;11370853028;B
20241101;102459;4235;25;11370853029;B
20241101;102459;4235;10;11370853030;B
20241101;102459;4235;20;11370853031;B
20241101;102459;4236;10;11370853032;B
20241101;102459;4236;50;11370853033;B
20241101;102459;4236;10;11370853034;B
20241101;102459;4236;10;11370853035;B
20241101;102459;4236;2;11370853036;B
20241101;102459;4236;150;11370853037;B
20241101;102459;4236;1;11370853038;B
20241101;102459;4237;20;11370853039;B
20241101;102459;4237;20;11370853040;B
20241101;102459;4237;10;11370853041;B
20241101;102459;4237;107;11370853042;B
20241101;102500;4231;1;11370853283;B
20241101;102500;4236;11;11370853284;B
20241101;102501;4237;20;11370853409;B
20241101;102502;4236;12;11370853497;B
20241101;102513;4233;10;11370855080;S
20241101;102513;4233;1;11370855081;S
20241101;102513;4232;4;11370855082;S
20241101;102516;4232;1;11370855817;S
20241101;102521;4233;1;11370856879;S
20241101;102522;4233;6;11370857062;S
20241101;102524;4233;2;11370857353;S
20241101;102525;4234;12;11370857425;B
20241101;102528;4233;2;11370857850;S
20241101;102528;4233;1;11370857856;S
20241101;102530;4234;8;11370858041;B
20241101;102530;4234;1;11370858042;B
20241101;102530;4234;1;11370858043;B
20241101;102531;4234;3;11370858235;B
20241101;102531;4235;20;11370858274;B
20241101;102531;4235;1;11370858275;B
20241101;102531;4235;2;11370858276;B
20241101;102531;4236;8;11370858277;B
20241101;102531;4236;9;11370858278;B
20241101;102531;4236;4;11370858279;B
20241101;102531;4236;40;11370858280;B
20241101;102531;4236;16;11370858281;B
20241101;102532;4234;1;11370858396;S
20241101;102532;4235;5;11370858408;S
20241101;102532;4234;9;11370858409;S
20241101;102532;4233;2;11370858410;S
20241101;102533;4236;4;11370858419;B
20241101;102533;4236;1;11370858420;B
20241101;102533;4237;1;11370858421;B
20241101;102533;4237;20;11370858422;B
20241101;102533;4237;1;11370858423;B
20241101;102534;4237;18;11370858540;B
20241101;102535;4237;1;11370858589;B
20241101;102535;4237;8;11370858590;B
20241101;102535;4237;2;11370858591;B
20241101;102535;4237;4;11370858592;B
20241101;102535;4237;2;11370858593;B
20241101;102535;4237;3;11370858594;B
20241101;102535;4237;2;11370858595;B
20241101;102535;4237;1;11370858600;B
20241101;102535;4237;5;11370858607;B
20241101;102535;4237;3;11370858613;B
20241101;102535;4237;6;11370858618;B
20241101;102535;4237;1;11370858620;B
20241101;102535;4237;5;11370858627;B
20241101;102535;4237;1;11370858631;B
20241101;102536;4235;5;11370858768;S
20241101;102537;4236;5;11370858851;S
20241101;102539;4236;20;11370859022;S
20241101;102539;4235;2;11370859023;S
20241101;102542;4236;2;11370859394;B
20241101;102543;4235;9;11370859537;S
20241101;102547;4235;1;11370860048;S
20241101;102547;4235;2;11370860049;S
20241101;102549;4236;12;11370860555;B
20241101;102551;4235;45;11370860990;S
20241101;102551;4235;1;11370860991;S
20241101;102558;4235;1;11370861986;B
20241101;102559;4235;19;11370861993;B
20241101;102559;4236;3;11370861994;B
20241101;102600;4234;2;11370862141;S
20241101;102608;4235;1;11370863740;S
20241101;102608;4235;1;11370863741;S
20241101;102613;4235;8;11370864934;B
20241101;102613;4236;3;11370864935;B
20241101;102613;4236;1;11370864936;B
20241101;102618;4234;1;11370865473;S
20241101;102618;4236;1;11370865637;B
20241101;102621;4236;2;11370866137;B
20241101;102622;4236;1;11370866343;B
20241101;102623;4236;1;11370866493;B
20241101;102627;4236;5;11370867097;B
20241101;102627;4236;1;11370867098;B
20241101;102627;4236;1;11370867099;B
20241101;102627;4237;27;11370867100;B
20241101;102627;4237;5;11370867101;B
20241101;102627;4237;1;11370867102;B
20241101;102627;4237;32;11370867103;B
20241101;102627;4238;2;11370867104;B
20241101;102627;4238;10;11370867105;B
20241101;102627;4239;1;11370867106;B
20241101;102627;4239;10;11370867107;B
20241101;102627;4239;1;11370867108;B
20241101;102627;4239;50;11370867109;B
20241101;102627;4239;2;11370867110;B
20241101;102627;4239;10;11370867111;B
20241101;102627;4239;5;11370867112;B
20241101;102627;4239;1;11370867113;B
20241101;102627;4240;1;11370867114;B
20241101;102627;4240;5;11370867115;B
20241101;102627;4240;31;11370867116;B
20241101;102627;4240;1;11370867117;B
20241101;102627;4240;55;11370867118;B
20241101;102627;4240;10;11370867119;B
20241101;102627;4240;10;11370867120;B
20241101;102627;4240;50;11370867121;B
20241101;102627;4240;10;11370867122;B
20241101;102627;4240;37;11370867123;B
20241101;102627;4240;20;11370867126;B
20241101;102627;4235;1;11370867198;S
20241101;102627;4235;12;11370867199;S
20241101;102627;4235;6;11370867200;S
20241101;102633;4236;2;11370867933;S
20241101;102635;4236;2;11370868201;S
20241101;102635;4235;5;11370868202;S
20241101;102635;4235;1;11370868203;S
20241101;102635;4235;2;11370868204;S
20241101;102637;4238;1;11370868459;B
20241101;102637;4238;2;11370868460;B
20241101;102637;4238;8;11370868461;B
20241101;102638;4238;1;11370868497;B
20241101;102638;4238;5;11370868498;B
20241101;102655;4238;1;11370871977;S
20241101;102701;4238;10;11370872633;B
20241101;102702;4238;12;11370872727;B
20241101;102703;4238;2;11370872863;B
20241101;102704;4237;10;11370872990;S
20241101;102707;4238;10;11370873294;B
20241101;102708;4238;1;11370873476;B
20241101;102711;4238;1;11370873747;B
20241101;102711;4236;1;11370873788;S
20241101;102711;4236;5;11370873789;S
20241101;102711;4235;2;11370873790;S
20241101;102711;4235;10;11370873791;S
20241101;102711;4234;20;11370873792;S
20241101;102711;4234;1;11370873793;S
20241101;102711;4234;1;11370873794;S
20241101;102711;4234;10;11370873795;S
20241101;102711;4233;2;11370873796;S
20241101;102711;4233;8;11370873797;S
20241101;102722;4236;4;11370874880;B
20241101;102726;4234;10;11370875313;S
20241101;102726;4233;7;11370875314;S
20241101;102726;4233;2;11370875315;S
20241101;102726;4232;45;11370875316;S
20241101;102726;4232;5;11370875317;S
20241101;102726;4232;2;11370875318;S
20241101;102726;4232;7;11370875319;S
20241101;102726;4231;4;11370875320;S
20241101;102726;4231;5;11370875321;S
20241101;102726;4231;5;11370875322;S
20241101;102726;4231;8;11370875323;S
20241101;102726;4236;5;11370875331;B
20241101;102726;4231;1;11370875334;B
20241101;102726;4237;11;11370875335;B
20241101;102730;4232;5;11370875761;S
20241101;102730;4232;5;11370875762;S
20241101;102730;4231;10;11370875763;S
20241101;102740;4233;1;11370876705;S
20241101;102740;4233;5;11370876706;S
20241101;102740;4232;2;11370876707;S
20241101;102740;4232;5;11370876708;S
20241101;102747;4234;1;11370877462;B
20241101;102748;4232;20;11370877473;S
20241101;102748;4231;15;11370877474;S
20241101;102750;4234;1;11370877815;B
20241101;102750;4234;3;11370877816;B
20241101;102750;4234;8;11370877817;B
20241101;102751;4234;4;11370877851;B
20241101;102751;4235;5;11370877852;B
20241101;102751;4235;5;11370877853;B
20241101;102751;4235;3;11370877854;B
20241101;102751;4235;2;11370877855;B
20241101;102754;4234;2;11370878304;B
20241101;102756;4234;1;11370878383;S
20241101;102808;4234;1;11370879917;B
20241101;102809;4235;2;11370879973;B
20241101;102809;4235;2;11370879974;B
20241101;102809;4236;2;11370879975;B
20241101;102809;4236;3;11370879976;B
20241101;102809;4237;1;11370879977;B
20241101;102809;4237;1;11370879978;B
20241101;102809;4237;1;11370879979;B
20241101;102811;4234;12;11370880217;S
20241101;102811;4233;5;11370880218;S
20241101;102811;4233;2;11370880219;S
20241101;102811;4233;1;11370880220;S
20241101;102814;4236;3;11370880631;B
20241101;102814;4236;5;11370880632;B
20241101;102814;4237;4;11370880633;B
20241101;102816;4237;7;11370880737;B
20241101;102816;4237;1;11370880738;B
20241101;102816;4237;5;11370880739;B
20241101;102816;4237;12;11370880740;B
20241101;102816;4238;4;11370880741;B
20241101;102816;4235;1;11370880746;S
20241101;102818;4236;10;11370881074;B
20241101;102818;4237;1;11370881075;B
20241101;102818;4237;4;11370881076;B
20241101;102820;4237;10;11370881516;S
20241101;102821;4237;2;11370881883;S
20241101;102822;4237;173;11370882112;S
20241101;102822;4236;2;11370882113;S
20241101;102822;4235;1;11370882114;S
20241101;102822;4235;4;11370882115;S
20241101;102822;4235;24;11370882116;S
20241101;102824;4235;2;11370882429;B
20241101;102825;4235;2;11370882534;B
20241101;102830;4235;32;11370883174;B
20241101;102830;4235;2;11370883175;B
20241101;102831;4235;16;11370883367;S
20241101;102831;4234;84;11370883368;S
20241101;102833;4234;4;11370883629;S
20241101;102835;4234;3;11370883827;S
20241101;102836;4236;1;11370883968;B
20241101;102836;4236;6;11370883969;B
20241101;102839;4236;5;11370884202;B
20241101;102839;4237;6;11370884203;B
20241101;102843;4237;3;11370884613;B
20241101;102848;4237;1;11370885227;B
20241101;102850;4235;1;11370885419;S
20241101;102850;4234;9;11370885420;S
20241101;102850;4234;5;11370885421;S
20241101;102850;4234;2;11370885422;S
20241101;102850;4234;5;11370885423;S
20241101;102850;4233;1;11370885424;S
20241101;102850;4233;5;11370885425;S
20241101;102850;4232;12;11370885426;S
20241101;102850;4232;5;11370885427;S
20241101;102854;4232;7;11370885886;S
20241101;102854;4231;10;11370885887;S
20241101;102854;4231;5;11370885888;S
20241101;102854;4231;2;11370885889;S
20241101;102854;4231;5;11370885890;S
20241101;102855;4234;1;11370885924;B
20241101;102856;4234;5;11370885986;B
20241101;102856;4234;5;11370885987;B
20241101;102856;4235;5;11370885988;B
20241101;102856;4235;3;11370885989;B
20241101;102856;4236;2;11370885990;B
20241101;102856;4236;1;11370885991;B
20241101;102856;4236;4;11370885992;B
20241101;102902;4232;3;11370886635;S
20241101;102903;4234;5;11370886748;B
20241101;102903;4235;5;11370886749;B
20241101;102903;4235;2;11370886750;B
20241101;102904;4236;8;11370886846;B
20241101;102904;4236;2;11370886847;B
20241101;102908;4232;1;11370887252;S
20241101;102918;4235;11;11370888259;B
20241101;102920;4232;1;11370888359;S
20241101;102920;4232;2;11370888360;S
20241101;102920;4232;1;11370888361;S
20241101;102920;4232;2;11370888362;S
20241101;102920;4232;15;11370888363;S
20241101;102920;4231;5;11370888364;S
20241101;102920;4231;1;11370888365;S
20241101;102920;4231;2;11370888366;S
20241101;102920;4231;12;11370888367;S
20241101;102920;4231;11;11370888368;S
20241101;102920;4230;14;11370888369;S
20241101;102920;4230;1;11370888370;S
20241101;102920;4230;1;11370888371;S
20241101;102920;4230;20;11370888372;S
20241101;102920;4230;2;11370888373;S
20241101;102920;4229;40;11370888374;S
20241101;102920;4229;1;11370888375;S
20241101;102920;4229;30;11370888376;S
20241101;102920;4229;2;11370888377;S
20241101;102920;4228;37;11370888378;S
20241101;102920;4233;1;11370888390;B
20241101;102921;4233;1;11370888510;B
20241101;102921;4234;2;11370888511;B
20241101;102921;4234;6;11370888512;B
20241101;102927;4233;5;11370889421;B
20241101;102927;4233;2;11370889422;B
20241101;102927;4234;5;11370889423;B
20241101;102930;4230;11;11370889823;S
20241101;102930;4229;8;11370889824;S
20241101;102936;4233;1;11370890691;B
20241101;102937;4233;1;11370890736;B
20241101;102942;4233;1;11370891313;B
20241101;102942;4230;1;11370891432;S
20241101;102943;4233;2;11370891537;B
20241101;102946;4230;2;11370891850;S
20241101;102946;4230;2;11370891851;S
20241101;102946;4229;4;11370891852;S
20241101;102946;4229;3;11370891907;S
20241101;102946;4229;3;11370891908;S
20241101;102946;4229;2;11370891909;S
20241101;102946;4228;13;11370891910;S
20241101;102946;4228;1;11370891911;S
20241101;102946;4228;6;11370891912;S
20241101;102946;4227;1;11370891913;S
20241101;102946;4227;5;11370891914;S
20241101;102946;4226;10;11370891915;S
20241101;102946;4226;2;11370891916;S
20241101;102946;4226;20;11370891917;S
20241101;102946;4225;3;11370891918;S
20241101;102946;4225;1;11370891919;S
20241101;102946;4225;15;11370891920;S
20241101;102946;4225;12;11370891921;S
20241101;102946;4225;24;11370891922;S
20241101;102946;4225;9;11370891923;S
20241101;102946;4224;5;11370891924;S
20241101;102946;4224;1;11370891925;S
20241101;102946;4224;8;11370891926;S
20241101;102946;4224;12;11370891927;S
20241101;102946;4224;2;11370891928;S
20241101;102946;4224;2;11370891929;S
20241101;102946;4224;5;11370891930;S
20241101;102946;4223;5;11370891931;S
20241101;102946;4223;20;11370891932;S
20241101;102946;4223;10;11370891933;S
20241101;102946;4227;4;11370891940;S
20241101;102946;4226;1;11370891941;S
20241101;102946;4232;3;11370892036;B
20241101;102947;4226;5;11370892095;S
20241101;102948;4230;5;11370892157;B
20241101;102948;4230;5;11370892158;B
20241101;102948;4231;1;11370892159;B
20241101;102948;4231;2;11370892160;B
20241101;102948;4232;7;11370892161;B
20241101;102952;4230;2;11370892524;B
20241101;102952;4230;2;11370892525;B
20241101;102952;4231;8;11370892526;B
20241101;102957;4231;2;11370893217;B
20241101;102957;4231;20;11370893218;B
20241101;102957;4232;2;11370893219;B
20241101;102957;4232;2;11370893220;B
20241101;102957;4232;1;11370893221;B
20241101;103008;4232;23;11370894982;S
20241101;103008;4231;16;11370894983;S
20241101;103008;4229;12;11370894984;S
20241101;103008;4228;25;11370894985;S
20241101;103008;4228;4;11370894986;S
20241101;103008;4227;12;11370894987;S
20241101;103008;4227;10;11370894988;S
20241101;103008;4227;1;11370894989;S
20241101;103008;4226;3;11370894990;S
20241101;103008;4226;25;11370894991;S
20241101;103008;4226;15;11370894992;S
20241101;103008;4225;10;11370894993;S
20241101;103008;4225;1;11370894994;S
20241101;103008;4224;20;11370894995;S
20241101;103008;4224;15;11370894996;S
20241101;103008;4224;2;11370894997;S
20241101;103008;4224;1;11370894998;S
20241101;103008;4223;1;11370894999;S
20241101;103008;4223;4;11370895000;S
20241101;103011;4226;2;11370895433;S
20241101;103012;4229;1;11370895569;B
20241101;103012;4230;12;11370895570;B
20241101;103012;4230;12;11370895571;B
20241101;103012;4230;2;11370895572;B
20241101;103012;4231;10;11370895573;B
20241101;103012;4231;13;11370895574;B
20241101;103016;4231;2;11370896164;B
20241101;103016;4231;10;11370896165;B
20241101;103017;4231;1;11370896320;B
20241101;103019;4227;1;11370896687;S
20241101;103020;4231;1;11370896845;B
20241101;103020;4231;2;11370896846;B
20241101;103020;4231;10;11370896847;B
20241101;103020;4231;1;11370896848;B
20241101;103020;4231;12;11370896849;B
20241101;103020;4231;15;11370896850;B
20241101;103020;4232;9;11370896851;B
20241101;103024;4232;11;11370897507;B
20241101;103026;4232;1;11370897839;B
20241101;103030;4232;1;11370898625;B
20241101;103037;4232;46;11370900068;B
20241101;103037;4232;2;11370900069;B
20241101;103037;4233;2;11370900070;B
20241101;103037;4233;1;11370900071;B
20241101;103037;4233;3;11370900072;B
20241101;103037;4233;5;11370900073;B
20241101;103037;4233;8;11370900074;B
20241101;103037;4233;10;11370900075;B
20241101;103037;4233;5;11370900076;B
20241101;103037;4233;8;11370900077;B
20241101;103037;4233;5;11370900078;B
20241101;103037;4234;1;11370900079;B
20241101;103037;4234;1;11370900080;B
20241101;103037;4234;3;11370900081;B
20241101;103038;4230;7;11370900475;S
20241101;103038;4229;1;11370900476;S
20241101;103038;4227;1;11370900477;S
20241101;103038;4227;11;11370900478;S
20241101;103040;4234;7;11370900827;B
20241101;103040;4234;4;11370900828;B
20241101;103041;4234;1;11370901006;B
20241101;103041;4234;2;11370901007;B
20241101;103041;4234;1;11370901008;B
20241101;103041;4235;5;11370901009;B
20241101;103041;4235;8;11370901010;B
20241101;103043;4232;6;11370901274;S
20241101;103043;4235;2;11370901393;B
20241101;103047;4235;2;11370902050;B
20241101;103048;4235;1;11370902135;B
20241101;103048;4235;33;11370902191;B
20241101;103053;4233;1;11370903328;S
20241101;103058;4234;1;11370904106;B
20241101;103059;4234;1;11370904378;B
20241101;103104;4234;1;11370905274;B
20241101;103104;4234;1;11370905275;B
20241101;103104;4235;10;11370905276;B
20241101;103105;4233;1;11370905361;S
20241101;103109;4235;39;11370905907;B
20241101;103109;4235;11;11370905908;B
20241101;103109;4235;5;11370906001;B
20241101;103109;4233;1;11370906054;S
20241101;103110;4234;1;11370906082;B
20241101;103116;4233;1;11370907137;B
20241101;103116;4233;18;11370907199;B
20241101;103116;4234;11;11370907200;B
20241101;103116;4235;21;11370907201;B
20241101;103122;4234;5;11370908232;B
20241101;103122;4234;15;11370908233;B
20241101;103122;4234;12;11370908234;B
20241101;103122;4235;30;11370908235;B
20241101;103122;4235;33;11370908236;B
20241101;103128;4232;1;11370909056;S
20241101;103128;4234;1;11370909124;B
20241101;103129;4234;12;11370909129;B
20241101;103131;4234;2;11370909491;B
20241101;103132;4234;4;11370909526;B
20241101;103133;4231;2;11370909761;S
20241101;103133;4231;1;11370909762;S
20241101;103133;4231;1;11370909763;S
20241101;103153;4233;12;11370913334;B
20241101;103158;4233;3;11370914162;B
20241101;103158;4232;2;11370914185;S
20241101;103210;4233;1;11370916066;B
20241101;103217;4233;4;11370917019;B
20241101;103217;4234;1;11370917020;B
20241101;103217;4234;1;11370917021;B
20241101;103217;4234;1;11370917022;B
20241101;103217;4234;1;11370917023;B
20241101;103217;4234;2;11370917024;B
20241101;103217;4234;1;11370917025;B
20241101;103217;4235;1;11370917026;B
20241101;103220;4233;1;11370917388;B
20241101;103228;4232;1;11370918702;S
20241101;103229;4233;7;11370918812;B
20241101;103233;4233;1;11370919729;B
20241101;103234;4233;1;11370919954;B
20241101;103234;4234;1;11370919955;B
20241101;103234;4234;1;11370919956;B
20241101;103234;4234;10;11370919957;B
20241101;103234;4235;166;11370919958;B
20241101;103234;4235;20;11370919959;B
20241101;103234;4235;10;11370919960;B
20241101;103234;4236;50;11370919961;B
20241101;103234;4236;25;11370919962;B
20241101;103234;4236;1;11370919963;B
20241101;103234;4237;13;11370919964;B
20241101;103234;4237;2;11370919965;B
20241101;103237;4236;4;11370920404;B
20241101;103239;4236;1;11370920598;B
20241101;103241;4236;3;11370920920;B
20241101;103241;4237;8;11370920921;B
20241101;103243;4237;7;11370921163;B
20241101;103243;4234;2;11370921184;S
20241101;103243;4233;6;11370921185;S
20241101;103243;4233;1;11370921186;S
20241101;103243;4233;2;11370921187;S
20241101;103243;4232;1;11370921188;S
20241101;103243;4232;6;11370921189;S
20241101;103247;4236;2;11370921649;B
20241101;103247;4236;2;11370921650;B
20241101;103247;4236;1;11370921651;B
20241101;103253;4236;1;11370922456;B
20241101;103258;4235;1;11370923208;S
20241101;103306;4236;2;11370924233;B
20241101;103306;4236;10;11370924234;B
20241101;103306;4236;10;11370924258;B
20241101;103306;4237;33;11370924259;B
20241101;103306;4237;1;11370924260;B
20241101;103306;4237;6;11370924261;B
20241101;103316;4237;4;11370925602;B
20241101;103316;4237;1;11370925603;B
20241101;103320;4234;1;11370926205;S
20241101;103320;4234;1;11370926206;S
20241101;103330;4236;1;11370927598;B
20241101;103330;4237;7;11370927599;B
20241101;103330;4237;4;11370927600;B
20241101;103336;4237;1;11370928640;B
20241101;103343;4236;1;11370929893;B
20241101;103344;4236;2;11370930064;B
20241101;103346;4236;3;11370930496;B
20241101;103349;4236;1;11370930907;B
20241101;103350;4236;1;11370931126;B
20241101;103351;4236;11;11370931229;B
20241101;103354;4237;5;11370931627;B
20241101;103354;4237;1;11370931628;B
20241101;103354;4237;1;11370931629;B
20241101;103354;4237;1;11370931630;B
20241101;103354;4237;4;11370931631;B
20241101;103355;4237;3;11370931946;B
20241101;103355;4237;1;11370931947;B
20241101;103355;4237;20;11370931948;B
20241101;103355;4237;16;11370931949;B
20241101;103357;4236;2;11370932182;S
20241101;103357;4234;1;11370932183;S
20241101;103357;4234;1;11370932184;S
20241101;103357;4234;4;11370932185;S
20241101;103406;4234;1;11370933235;B
20241101;103408;4234;1;11370933544;B
20241101;103409;4236;1;11370933854;B
20241101;103410;4237;9;11370933876;B
20241101;103410;4237;1;11370933877;B
20241101;103415;4237;28;11370934672;B
20241101;103416;4237;1;11370934828;B
20241101;103416;4237;3;11370934829;B
20241101;103417;4237;30;11370934978;B
20241101;103417;4237;1;11370934979;B
20241101;103417;4237;5;11370934980;B
20241101;103417;4238;59;11370934981;B
20241101;103417;4238;2;11370934982;B
20241101;103417;4238;50;11370934983;B
20241101;103417;4238;80;11370934984;B
20241101;103417;4238;10;11370934985;B
20241101;103417;4238;3;11370934986;B
20241101;103417;4239;1;11370934987;B
20241101;103417;4239;10;11370934988;B
20241101;103417;4239;2;11370934989;B
20241101;103417;4239;2;11370934990;B
20241101;103417;4239;1;11370934991;B
20241101;103417;4239;1;11370934992;B
20241101;103417;4239;26;11370934993;B
20241101;103417;4239;5;11370934994;B
20241101;103417;4239;2;11370934995;B
20241101;103417;4239;2;11370934996;B
20241101;103417;4239;50;11370934997;B
20241101;103417;4239;1;11370934998;B
20241101;103417;4239;65;11370934999;B
20241101;103417;4239;4;11370935000;B
20241101;103417;4239;1;11370935001;B
20241101;103417;4240;43;11370935002;B
20241101;103417;4240;44;11370935003;B
20241101;103418;4240;12;11370935104;B
20241101;103424;4238;5;11370935710;S
20241101;103425;4239;5;11370935832;B
20241101;103429;4240;4;11370936339;B
20241101;103430;4240;1;11370936470;B
20241101;103433;4240;1;11370937035;B
20241101;103437;4239;5;11370937590;S
20241101;103439;4240;1;11370937842;B
20241101;103443;4240;11;11370938741;B
20241101;103444;4239;10;11370939125;S
20241101;103447;4240;10;11370939631;B
20241101;103447;4240;27;11370939650;B
20241101;103453;4239;10;11370940596;S
20241101;103454;4240;100;11370940709;B
20241101;103500;4240;1;11370941969;B
20241101;103504;4239;5;11370942444;S
20241101;103506;4240;508;11370942643;B
20241101;103506;4240;15;11370942644;B
20241101;103506;4240;1;11370942645;B
20241101;103506;4240;1;11370942646;B
20241101;103506;4240;3;11370942647;B
20241101;103506;4240;5;11370942648;B
20241101;103506;4240;1;11370942649;B
20241101;103506;4242;1;11370942650;B
20241101;103506;4241;5;11370942695;S
20241101;103507;4243;1;11370942720;B
20241101;103507;4243;9;11370942721;B
20241101;103507;4243;7;11370942744;B
20241101;103507;4244;2;11370942745;B
20241101;103507;4244;1;11370942746;B
20241101;103507;4244;1;11370942747;B
20241101;103507;4244;1;11370942748;B
20241101;103507;4242;1;11370942749;B
20241101;103511;4242;1;11370943575;S
20241101;103511;4241;12;11370943576;S
20241101;103511;4241;2;11370943577;S
20241101;103512;4241;1;11370943733;S
20241101;103519;4242;5;11370944792;S
20241101;103522;4242;2;11370945092;S
20241101;103528;4242;1;11370946068;S
20241101;103531;4243;12;11370946607;B
20241101;103531;4243;8;11370946685;B
20241101;103531;4243;3;11370946686;B
20241101;103531;4244;1;11370946687;B
20241101;103531;4244;4;11370946688;B
20241101;103531;4244;11;11370946689;B
20241101;103531;4244;2;11370946690;B
20241101;103531;4244;6;11370946691;B
20241101;103531;4244;12;11370946692;B
20241101;103531;4244;12;11370946693;B
20241101;103531;4245;1;11370946694;B
20241101;103531;4245;1;11370946695;B
20241101;103531;4245;1;11370946696;B
20241101;103531;4245;15;11370946697;B
20241101;103531;4245;5;11370946698;B
20241101;103531;4245;65;11370946699;B
20241101;103532;4245;7;11370946790;S
20241101;103532;4245;20;11370946820;S
20241101;103532;4245;1;11370946834;S
20241101;103533;4245;25;11370946896;S
20241101;103533;4244;16;11370946897;S
20241101;103537;4245;1;11370947413;B
20241101;103541;4243;12;11370947872;S
20241101;103541;4243;5;11370947873;S
20241101;103541;4243;1;11370947874;S
20241101;103545;4245;6;11370948458;B
20241101;103553;4242;2;11370949635;S
20241101;103555;4244;1;11370949843;B
20241101;103555;4244;11;11370949844;B
20241101;103559;4242;5;11370950822;S
20241101;103559;4242;5;11370950823;S
20241101;103559;4242;1;11370950824;S
20241101;103559;4241;1;11370950825;S
20241101;103601;4243;1;11370951023;B
20241101;103610;4241;23;11370952306;S
20241101;103610;4241;5;11370952307;S
20241101;103610;4240;92;11370952308;S
20241101;103612;4240;9;11370952677;S
20241101;103614;4240;10;11370952885;S
20241101;103614;4241;5;11370952901;B
20241101;103616;4240;2;11370953115;S
20241101;103620;4241;1;11370953607;B
20241101;103620;4241;4;11370953620;B
20241101;103620;4241;8;11370953621;B
20241101;103620;4240;1;11370953744;S
20241101;103622;4240;1;11370953890;S
20241101;103622;4240;20;11370953981;S
20241101;103625;4240;1;11370954254;S
20241101;103626;4240;10;11370954465;S
20241101;103629;4240;100;11370954956;S
20241101;103630;4240;18;11370955103;S
20241101;103630;4240;1;11370955104;S
20241101;103630;4240;6;11370955133;B
20241101;103630;4240;57;11370955180;B
20241101;103634;4240;5;11370955807;B
20241101;103635;4240;8;11370955818;B
20241101;103635;4240;4;11370955819;B
20241101;103635;4240;1;11370955930;B
20241101;103635;4240;1;11370955931;B
20241101;103636;4241;1;11370955977;B
20241101;103641;4240;11;11370956525;S
20241101;103641;4239;1;11370956526;S
20241101;103642;4241;1;11370956721;B
20241101;103644;4241;10;11370956971;B
20241101;103644;4241;1;11370956972;B
20241101;103645;4238;2;11370957058;S
20241101;103646;4241;3;11370957211;B
20241101;103649;4241;1;11370957491;B
20241101;103700;4239;1;11370958312;S
20241101;103700;4238;3;11370958313;S
20241101;103700;4238;4;11370958314;S
20241101;103700;4238;2;11370958315;S
20241101;103708;4240;2;11370959155;B
20241101;103708;4240;5;11370959156;B
20241101;103708;4240;4;11370959157;B
20241101;103708;4240;1;11370959158;B
20241101;103710;4239;1;11370959384;S
20241101;103720;4238;5;11370960722;S
20241101;103720;4238;3;11370960723;S
20241101;103720;4237;1;11370960724;S
20241101;103720;4237;1;11370960725;S
20241101;103720;4237;7;11370960726;S
20241101;103722;4240;1;11370960983;B
20241101;103725;4237;1;11370961225;S
20241101;103729;4238;1;11370961616;S
20241101;103729;4237;1;11370961617;S
20241101;103732;4239;1;11370961915;B
20241101;103732;4239;4;11370961916;B
20241101;103732;4239;1;11370961917;B
20241101;103732;4239;3;11370961918;B
20241101;103732;4240;4;11370961919;B
20241101;103733;4238;1;11370961979;S
20241101;103733;4238;2;11370961980;S
20241101;103746;4239;3;11370963331;B
20241101;103751;4239;3;11370963913;B
20241101;103757;4239;4;11370964546;B
20241101;103757;4239;4;11370964547;B
20241101;103757;4239;1;11370964548;B
20241101;103757;4240;3;11370964549;B
20241101;103803;4237;5;11370965374;S
20241101;103803;4237;1;11370965375;S
20241101;103803;4237;3;11370965376;S
20241101;103803;4237;1;11370965377;S
20241101;103803;4237;3;11370965378;S
20241101;103803;4237;12;11370965379;S
20241101;103803;4237;12;11370965380;S
20241101;103803;4237;1;11370965387;B
20241101;103805;4236;2;11370965539;S
20241101;103813;4237;14;11370966629;B
20241101;103813;4236;4;11370966720;S
20241101;103813;4236;1;11370966721;S
20241101;103813;4237;1;11370966814;B
20241101;103815;4236;1;11370967028;S
20241101;103815;4236;2;11370967029;S
20241101;103818;4237;1;11370967242;B
20241101;103821;4237;12;11370967410;B
20241101;103822;4237;12;11370967528;B
20241101;103823;4237;1;11370967546;B
20241101;103825;4237;1;11370967769;B
20241101;103828;4237;6;11370967948;B
20241101;103838;4237;2;11370968592;B
20241101;103845;4237;11;11370969300;B
20241101;103851;4236;3;11370969823;S
20241101;103851;4236;2;11370969824;S
20241101;103854;4236;23;11370970327;S
20241101;103854;4236;1;11370970328;S
20241101;103854;4236;1;11370970329;S
20241101;103854;4236;20;11370970330;S
20241101;103854;4236;4;11370970331;S
20241101;103854;4236;1;11370970332;S
20241101;103901;4236;1;11370971005;B
20241101;103901;4237;1;11370971006;B
20241101;103902;4235;1;11370971022;S
20241101;103909;4236;10;11370971760;B
20241101;103909;4236;2;11370971761;B
20241101;103922;4236;1;11370972888;B
20241101;103928;4235;4;11370973390;S
20241101;103928;4235;1;11370973391;S
20241101;103928;4235;3;11370973392;S
20241101;103931;4235;1;11370973763;S
20241101;103931;4235;1;11370973764;S
20241101;103931;4235;1;11370973765;S
20241101;103932;4236;20;11370973851;B
20241101;103933;4235;1;11370973874;S
20241101;103933;4236;7;11370973908;B
20241101;103933;4236;3;11370973909;B
20241101;103934;4236;1;11370973963;B
20241101;103934;4236;1;11370973964;B
20241101;103934;4236;1;11370973965;B
20241101;103934;4236;1;11370973966;B
20241101;103934;4238;5;11370973967;B
20241101;103934;4238;3;11370973968;B
20241101;103934;4235;1;11370974003;S
20241101;103947;4239;8;11370975048;B
20241101;103953;4239;1;11370975572;B
20241101;103953;4239;1;11370975573;B
20241101;103953;4239;1;11370975574;B
20241101;103953;4239;4;11370975575;B
20241101;103953;4239;1;11370975576;B
20241101;103953;4240;2;11370975577;B
20241101;103958;4239;4;11370975979;B
20241101;103958;4240;8;11370975980;B
20241101;104004;4238;3;11370976425;S
20241101;104014;4240;8;11370985853;B
20241101;104014;4240;25;11370986275;B
20241101;104022;4239;12;11370994972;B
20241101;104025;4239;3;11370997884;B
20241101;104028;4239;35;11371002461;B
20241101;104028;4239;3;11371002462;B
20241101;104028;4240;12;11371002463;B
20241101;104029;4240;10;11371003584;B
20241101;104038;4238;3;11371012907;S
20241101;104038;4238;19;11371012908;S
20241101;104038;4237;8;11371012909;S
20241101;104042;4239;2;11371017938;B
20241101;104044;4239;1;11371020320;B
20241101;104044;4239;1;11371020321;B
20241101;104046;4239;11;11371023317;B
20241101;104047;4239;3;11371023808;B
20241101;104047;4239;1;11371024353;B
20241101;104054;4239;3;11371032473;B
20241101;104055;4239;3;11371033989;B
20241101;104057;4237;17;11371035759;S
20241101;104058;4239;1;11371037010;B
20241101;104101;4238;5;11371041016;S
20241101;104101;4239;27;11371041069;B
20241101;104101;4240;32;11371041070;B
20241101;104101;4240;5;11371041071;B
20241101;104101;4240;100;11371041072;B
20241101;104101;4240;1;11371041073;B
20241101;104101;4240;20;11371041074;B
20241101;104101;4240;5;11371041075;B
20241101;104101;4240;12;11371041076;B
20241101;104101;4241;2;11371041077;B
20241101;104101;4241;5;11371041078;B
20241101;104101;4241;1;11371041079;B
20241101;104101;4241;9;11371041080;B
20241101;104101;4242;4;11371041081;B
20241101;104111;4243;1;11371049747;B
20241101;104111;4243;5;11371049748;B
20241101;104111;4243;1;11371049749;B
20241101;104111;4244;1;11371049750;B
20241101;104111;4244;1;11371049751;B
20241101;104111;4244;3;11371049752;B
20241101;104113;4244;2;11371051750;B
20241101;104116;4243;3;11371055071;S
20241101;104119;4244;8;11371057626;B
20241101;104119;4244;24;11371057627;B
20241101;104119;4244;1;11371057628;B
20241101;104119;4244;1;11371057629;B
20241101;104119;4244;1;11371057630;B
20241101;104119;4244;1;11371057631;B
20241101;104119;4245;2;11371057632;B
20241101;104119;4245;1;11371057633;B
20241101;104119;4245;1;11371057634;B
20241101;104119;4245;10;11371057635;B
20241101;104119;4245;1;11371057636;B
20241101;104119;4245;1;11371057637;B
20241101;104119;4245;1;11371057638;B
20241101;104119;4245;1;11371057639;B
20241101;104119;4246;1;11371057640;B
20241101;104119;4246;5;11371057641;B
20241101;104119;4246;10;11371057642;B
20241101;104119;4246;3;11371057643;B
20241101;104119;4246;1;11371057644;B
20241101;104119;4246;1;11371057645;B
20241101;104119;4246;1;11371057646;B
20241101;104119;4246;5;11371057647;B
20241101;104119;4246;3;11371057648;B
20241101;104119;4246;9;11371057649;B
20241101;104119;4247;1;11371057650;B
20241101;104119;4247;1;11371057651;B
20241101;104119;4247;2;11371057652;B
20241101;104119;4247;1;11371057653;B
20241101;104119;4247;17;11371057654;B
20241101;104119;4247;20;11371057655;B
20241101;104119;4247;5;11371057656;B
20241101;104119;4247;1;11371057657;B
20241101;104119;4247;12;11371057658;B
20241101;104119;4247;10;11371057659;B
20241101;104119;4247;10;11371057660;B
20241101;104119;4247;10;11371057661;B
20241101;104119;4247;1;11371057662;B
20241101;104119;4248;20;11371057663;B
20241101;104119;4248;1;11371057664;B
20241101;104119;4248;1;11371057665;B
20241101;104119;4248;10;11371057666;B
20241101;104119;4248;1;11371057667;B
20241101;104119;4248;86;11371057668;B
20241101;104119;4248;25;11371057669;B
20241101;104119;4248;26;11371057670;B
20241101;104122;4245;5;11371060676;S
20241101;104122;4245;6;11371060677;S
20241101;104122;4244;1;11371060678;S
