<DATE>;<TIME>;<LAST>;<VOL>;<ID>;<OPER>
20241023;095938;129;40;11328169610;B
20241023;095938;129;20;11328169611;S
20241023;095938;129;80;11328169612;S
20241023;095938;129;10;11328169613;S
20241023;095938;129;10;11328169614;S
20241023;095938;129;30;11328169615;S
20241023;095938;129;10;11328169616;S
20241023;095938;129;100;11328169617;S
20241023;095938;129;60;11328169618;S
20241023;095938;129;10;11328169619;S
20241023;095938;129;10;11328169620;S
20241023;095938;129;20;11328169621;S
20241023;095938;129;200;11328169622;S
20241023;095938;129;10;11328169623;S
20241023;095938;129;50;11328169624;S
20241023;095938;129;130;11328169625;S
20241023;095938;129;40;11328169626;B
20241023;100005;129.08;140;11328183206;B
20241023;100006;129.02;20;11328184826;S
20241023;100008;129.08;40;11328185521;B
20241023;100008;129.08;10;11328185522;B
20241023;100015;129.06;1000;11328187072;B
20241023;100045;129.08;10;11328194850;B
20241023;100046;129.08;10;11328195101;B
20241023;100101;129.34;40;11328198344;B
20241023;100102;129.08;100;11328198673;S
20241023;100134;129.28;10;11328204631;B
20241023;100137;129.28;120;11328205063;B
20241023;100137;129.3;10;11328205064;B
20241023;100137;129.34;10;11328205065;B
20241023;100137;129.34;300;11328205066;B
20241023;100137;129.5;100;11328205067;B
20241023;100137;129.56;200;11328205068;B
20241023;100137;129.62;490;11328205069;B
20241023;100137;129.62;780;11328205070;B
20241023;100137;129.64;360;11328205071;B
20241023;100137;129.68;30;11328205072;B
20241023;100139;129.64;30;11328205448;B
20241023;100141;129.38;300;11328205923;S
20241023;100142;129.38;100;11328205976;S
20241023;100148;129.56;30;11328207414;B
20241023;100156;129.6;10;11328209003;B
20241023;100158;129.28;30;11328209430;S
20241023;100158;129.22;200;11328209454;S
20241023;100158;129.22;150;11328209455;S
20241023;100217;129.36;10;11328213002;B
20241023;100223;129.36;90;11328214360;B
20241023;100250;129.32;10;11328218973;B
20241023;100312;129.18;30;11328222911;S
20241023;100327;129.12;50;11328225930;S
20241023;100328;129.3;300;11328226244;B
20241023;100328;129.32;50;11328226245;B
20241023;100328;129.32;50;11328226246;B
20241023;100328;129.44;100;11328226247;B
20241023;100341;129.34;290;11328228294;B
20241023;100342;129.12;10;11328228382;S
20241023;100342;129.12;10;11328228383;B
20241023;100343;129.34;130;11328228559;B
20241023;100348;129.32;80;11328229213;B
20241023;100353;129.22;30;11328230220;S
20241023;100353;129.2;60;11328230221;S
20241023;100359;129.14;50;11328231069;S
20241023;100407;129.26;300;11328232253;B
20241023;100407;129.26;90;11328232254;B
20241023;100408;129.26;10;11328232389;S
20241023;100412;129.26;10;11328233016;S
20241023;100421;129.26;500;11328234233;S
20241023;100427;129.26;20;11328234912;S
20241023;100431;129.3;100;11328235508;B
20241023;100434;129.26;50;11328236043;S
20241023;100434;129.24;50;11328236044;S
20241023;100434;129.22;50;11328236045;S
20241023;100434;129.22;50;11328236046;S
20241023;100436;129.3;20;11328236460;B
20241023;100444;129.2;50;11328237692;S
20241023;100455;129.18;60;11328239503;B
20241023;100457;129.12;2000;11328239824;S
20241023;100502;129.08;50;11328240752;S
20241023;100503;129.04;20;11328240935;B
20241023;100510;129.04;10;11328242094;B
20241023;100510;129.04;10;11328242147;B
20241023;100513;129.04;10;11328242721;B
20241023;100522;129.04;60;11328244348;B
20241023;100526;129.02;10;11328245062;S
20241023;100526;129;10;11328245063;S
20241023;100526;129;10;11328245064;S
20241023;100526;129;20;11328245065;S
20241023;100526;129;10;11328245125;S
20241023;100526;129;10;11328245126;S
20241023;100526;129;10;11328245127;S
20241023;100526;129;10;11328245128;S
20241023;100526;128.94;20;11328245129;S
20241023;100526;128.94;30;11328245130;S
20241023;100526;128.9;10;11328245131;S
20241023;100526;128.9;20;11328245132;S
20241023;100526;128.9;10;11328245133;S
20241023;100526;128.88;10;11328245134;S
20241023;100526;128.86;70;11328245162;S
20241023;100526;129;10;11328245168;B
20241023;100526;128.86;100;11328245261;S
20241023;100527;128.84;50;11328245268;S
20241023;100527;128.84;90;11328245280;S
20241023;100527;128.96;10;11328245298;B
20241023;100527;128.96;190;11328245312;B
20241023;100527;129;390;11328245313;B
20241023;100527;129;300;11328245314;B
20241023;100527;129;100;11328245315;B
20241023;100527;129.08;220;11328245316;B
20241023;100527;128.82;40;11328245367;S
20241023;100531;128.9;10;11328246258;S
20241023;100531;128.86;260;11328246259;S
20241023;100531;128.82;110;11328246260;S
20241023;100535;128.82;20;11328246893;S
20241023;100545;128.86;80;11328249205;S
20241023;100548;128.86;320;11328250024;S
20241023;100549;128.96;10;11328250181;B
20241023;100554;128.84;20;11328251576;S
20241023;100557;128.86;10;11328252020;S
20241023;100557;128.84;240;11328252021;S
20241023;100606;128.84;150;11328253899;S
20241023;100608;128.84;20;11328254334;S
20241023;100610;128.82;830;11328255257;S
20241023;100610;128.82;970;11328255258;S
20241023;100614;128.84;850;11328256139;S
20241023;100614;128.82;1030;11328256140;S
20241023;100614;128.8;20;11328256148;S
20241023;100614;128.8;100;11328256149;S
20241023;100614;128.7;10;11328256151;S
20241023;100614;128.7;80;11328256152;S
20241023;100614;128.7;60;11328256153;S
20241023;100614;128.7;40;11328256183;S
20241023;100614;128.64;10;11328256214;S
20241023;100620;128.64;20;11328257748;S
20241023;100623;128.56;10;11328258495;S
20241023;100623;128.54;10;11328258496;S
20241023;100623;128.46;20;11328258497;S
20241023;100623;128.48;460;11328258501;S
20241023;100623;128.46;540;11328258502;S
20241023;100624;128.46;190;11328258561;S
20241023;100624;128.44;10;11328258562;S
20241023;100624;128.6;10;11328258608;B
20241023;100624;128.6;30;11328258609;B
20241023;100624;128.5;10;11328258880;S
20241023;100624;128.5;30;11328258881;S
20241023;100633;128.5;20;11328261155;S
20241023;100633;128.5;10;11328261156;S
20241023;100639;128.48;80;11328262712;S
20241023;100639;128.46;2370;11328262713;S
20241023;100639;128.48;40;11328262717;S
20241023;100643;128.44;50;11328263396;S
20241023;100643;128.42;100;11328263401;S
20241023;100644;128.32;150;11328263603;S
20241023;100644;128.3;10;11328263604;S
20241023;100644;128.26;20;11328263605;S
20241023;100644;128.24;30;11328263606;S
20241023;100644;128.24;500;11328263607;S
20241023;100644;128.22;300;11328263608;S
20241023;100644;128.2;330;11328263609;S
20241023;100644;128.2;550;11328263610;S
20241023;100644;128.16;220;11328263611;S
20241023;100644;128.14;310;11328263612;S
20241023;100644;128.14;30;11328263613;S
20241023;100645;128.32;160;11328263719;B
20241023;100645;128.36;90;11328263720;B
20241023;100645;128.36;20;11328263727;B
20241023;100645;128.38;100;11328263755;B
20241023;100646;128.28;250;11328263921;S
20241023;100646;128.24;100;11328263922;S
20241023;100646;128.22;400;11328263923;S
20241023;100646;128.18;60;11328263924;S
20241023;100646;128.16;270;11328263925;S
20241023;100646;128.16;10;11328263926;S
20241023;100646;128.16;280;11328263927;S
20241023;100646;128.14;1000;11328263928;S
20241023;100646;128.12;80;11328263929;S
20241023;100649;128.2;170;11328264262;S
20241023;100650;128.2;90;11328264441;S
20241023;100652;128.2;240;11328264794;S
20241023;100652;128.2;30;11328264795;S
20241023;100652;128.14;30;11328264796;S
20241023;100652;128.12;120;11328264797;S
20241023;100652;128.12;1000;11328264798;S
20241023;100652;128.1;100;11328264799;S
20241023;100652;128.08;10;11328264800;S
20241023;100652;128.06;350;11328264801;S
20241023;100652;128.06;80;11328264802;S
20241023;100652;128.06;10;11328264803;S
20241023;100652;128.04;10;11328264804;S
20241023;100652;128.04;310;11328264805;S
20241023;100652;128.02;10;11328264806;S
20241023;100652;128.02;1700;11328264807;S
20241023;100652;128.36;270;11328264812;B
20241023;100653;128.04;10;11328264882;S
20241023;100659;128.12;50;11328265989;S
20241023;100659;128.1;10;11328265990;S
20241023;100700;128.1;10;11328266120;S
20241023;100700;128.1;20;11328266121;S
20241023;100700;128.1;10;11328266128;B
20241023;100706;128.38;60;11328267043;B
20241023;100706;128.42;90;11328267044;B
20241023;100712;128.2;10;11328268251;S
20241023;100712;128.16;40;11328268252;S
20241023;100712;128.14;10;11328268253;S
20241023;100712;128.14;310;11328268254;S
20241023;100712;128.14;40;11328268255;S
20241023;100712;128.12;340;11328268256;S
20241023;100722;128.2;40;11328269899;S
20241023;100722;128.2;60;11328269900;S
20241023;100722;128.2;20;11328269901;S
20241023;100722;128.2;200;11328269902;S
20241023;100722;128.18;30;11328269903;S
20241023;100722;128.12;10;11328269904;S
20241023;100722;128.12;340;11328269905;B
20241023;100734;128.22;10;11328273117;B
20241023;100738;128.22;980;11328274044;B
20241023;100738;128.24;20;11328274045;B
20241023;100744;128.2;10;11328275310;S
20241023;100744;128.18;10;11328275311;S
20241023;100744;128.16;40;11328275312;S
20241023;100744;128.14;100;11328275313;S
20241023;100744;128.14;80;11328275314;S
20241023;100744;128.14;40;11328275315;S
20241023;100744;128.12;120;11328275316;S
20241023;100817;128.16;310;11328281752;S
20241023;100817;128.16;200;11328281753;S
20241023;100817;128.16;10;11328281754;S
20241023;100817;128.14;30;11328281755;S
20241023;100817;128.12;30;11328281756;S
20241023;100817;128.1;110;11328281757;S
20241023;100818;128.34;20;11328281930;B
20241023;100818;128.34;40;11328281931;B
20241023;100819;128.12;70;11328282158;S
20241023;100819;128.36;70;11328282174;B
20241023;100821;128.4;60;11328283036;B
20241023;100823;128.42;10;11328283318;B
20241023;100825;128.42;10;11328283677;B
20241023;100857;128.42;10;11328289095;B
20241023;100902;128.42;20;11328290343;B
20241023;100902;128.48;40;11328290344;B
20241023;100902;128.5;110;11328290345;B
20241023;100905;128.28;20;11328290830;S
20241023;100905;128.28;170;11328290831;S
20241023;100905;128.26;50;11328290832;S
20241023;100905;128.26;310;11328290833;S
20241023;100905;128.26;30;11328290834;S
20241023;100905;128.24;30;11328290835;S
20241023;100905;128.2;50;11328290836;S
20241023;100905;128.18;1000;11328290837;S
20241023;100905;128.16;1000;11328290838;S
20241023;100905;128.16;1660;11328290839;S
20241023;100905;128.14;50;11328290840;S
20241023;100905;128.14;2270;11328290841;S
20241023;100913;128.12;310;11328293278;S
20241023;100913;128.1;870;11328293279;S
20241023;100913;128.1;570;11328293280;S
20241023;100913;128.12;300;11328293518;S
20241023;100921;128.28;30;11328295770;B
20241023;100921;128.3;30;11328295771;B
20241023;100921;128.3;550;11328295772;B
20241023;100921;128.32;200;11328295773;B
20241023;100921;128.34;870;11328295774;B
20241023;100921;128.42;400;11328295775;B
20241023;100921;128.44;550;11328295776;B
20241023;100921;128.46;100;11328295777;B
20241023;100921;128.48;780;11328295778;B
20241023;100921;128.5;100;11328295779;B
20241023;100921;128.5;2000;11328295780;B
20241023;100921;128.5;310;11328295781;B
20241023;100921;128.52;1500;11328295782;B
20241023;100921;128.56;600;11328295783;B
20241023;100921;128.64;500;11328295784;B
20241023;100921;128.66;160;11328295785;B
20241023;100921;128.66;3000;11328295786;B
20241023;100921;128.94;400;11328295787;B
20241023;100921;128.96;70;11328295788;B
20241023;100921;128.96;3000;11328295789;B
20241023;100921;128.96;3000;11328295790;B
20241023;100921;129;10;11328295791;B
20241023;100921;129;6000;11328295792;B
20241023;100921;129;660;11328295793;S
20241023;100921;129;180;11328295794;S
20241023;100921;128.72;2000;11328295795;S
20241023;100921;128.32;200;11328295796;S
20241023;100927;128.64;10;11328297271;B
20241023;100933;128.42;170;11328298733;S
20241023;100941;128.6;10;11328300400;B
20241023;100951;128.6;150;11328303080;B
20241023;100957;128.58;20;11328304534;B
20241023;101012;128.52;30;11328308841;B
20241023;101012;128.54;780;11328308842;B
20241023;101012;128.54;30;11328308843;B
20241023;101012;128.56;2000;11328308844;B
20241023;101012;128.56;2000;11328308845;B
20241023;101012;128.58;200;11328308846;B
20241023;101012;128.6;100;11328308847;B
20241023;101012;128.66;100;11328308848;B
20241023;101012;128.68;310;11328308849;B
20241023;101012;128.7;1000;11328308850;B
20241023;101012;128.78;1000;11328308851;B
20241023;101012;128.8;100;11328308852;B
20241023;101012;128.84;100;11328308853;B
20241023;101012;128.84;520;11328308854;B
20241023;101012;128.86;1000;11328308855;B
20241023;101012;128.88;500;11328308856;B
20241023;101012;128.88;1500;11328308857;B
20241023;101012;128.92;100;11328308858;B
20241023;101012;128.98;690;11328308859;B
20241023;101012;129;450;11328308860;S
20241023;101012;129;5670;11328308861;S
20241023;101015;129;90;11328309445;S
20241023;101026;129;200;11328311521;S
20241023;101028;129;200;11328311666;S
20241023;101028;129;2000;11328311831;S
20241023;101034;129.02;200;11328312632;B
20241023;101042;129.04;70;11328314114;B
20241023;101042;129.04;30;11328314115;B
20241023;101042;129;300;11328314184;S
20241023;101054;129;340;11328316400;S
20241023;101056;129;180;11328317210;S
20241023;101056;129.04;10;11328317214;B
20241023;101056;129.04;60;11328317215;B
20241023;101056;129.04;20;11328317216;B
20241023;101056;129.04;200;11328317217;B
20241023;101056;129;30;11328317309;S
20241023;101056;129.06;450;11328317311;B
20241023;101056;129.06;310;11328317312;B
20241023;101057;129.12;100;11328317345;B
20241023;101057;129.06;10;11328317386;S
20241023;101057;129.06;200;11328317509;S
20241023;101059;129.18;270;11328317815;B
20241023;101059;129.2;130;11328317816;B
20241023;101102;129.28;10;11328318323;B
20241023;101102;129.3;10;11328318324;B
20241023;101103;129.22;10;11328318551;B
20241023;101103;129.26;10;11328318552;B
20241023;101103;129.28;10;11328318553;B
20241023;101114;129.24;10;11328320263;B
20241023;101203;129.14;90;11328328006;B
20241023;101207;129.06;10;11328328556;S
20241023;101214;129.14;10;11328329573;B
20241023;101231;129.14;80;11328331682;B
20241023;101235;129.14;20;11328332121;B
20241023;101235;129.14;20;11328332122;B
20241023;101245;129.1;210;11328333232;S
20241023;101245;129.1;300;11328333233;S
20241023;101245;129.08;100;11328333234;S
20241023;101245;129.04;20;11328333235;S
20241023;101245;129.04;830;11328333237;B
20241023;101245;129.04;550;11328333238;B
20241023;101245;129.04;1140;11328333239;B
20241023;101248;129.04;40;11328333937;B
20241023;101252;129.02;20;11328334440;B
20241023;101253;129;10;11328334473;S
20241023;101259;129;440;11328335109;S
20241023;101301;129;250;11328335358;S
20241023;101302;129;200;11328335472;S
20241023;101302;129;870;11328335520;S
20241023;101306;129;100;11328336128;S
20241023;101318;129;40;11328337960;S
20241023;101347;129.02;20;11328342138;B
20241023;101401;129;20;11328343747;S
20241023;101419;129;1040;11328345769;S
20241023;101419;129;210;11328345782;S
20241023;101419;129;120;11328345783;S
20241023;101420;129;180;11328345863;S
20241023;101420;129;80;11328345864;S
20241023;101420;128.98;50;11328345865;S
20241023;101420;128.8;10;11328345947;S
20241023;101420;128.68;50;11328345948;S
20241023;101420;128.72;10;11328345986;S
20241023;101422;128.66;10;11328346257;S
20241023;101433;128.88;10;11328347909;B
20241023;101438;128.88;80;11328348744;S
20241023;101455;128.9;50;11328351571;S
20241023;101458;128.9;300;11328352077;B
20241023;101458;128.9;90;11328352078;B
20241023;101458;128.9;220;11328352079;B
20241023;101501;128.92;130;11328352741;B
20241023;101513;128.92;100;11328355352;B
20241023;101520;128.96;10;11328357675;B
20241023;101520;128.92;10;11328357786;B
20241023;101523;128.96;10;11328358701;B
20241023;101527;128.96;10;11328359757;B
20241023;101533;128.94;40;11328361415;B
20241023;101533;128.96;70;11328361416;B
20241023;101533;128.96;30;11328361417;B
20241023;101533;128.96;100;11328361418;B
20241023;101539;128.98;10;11328362750;B
20241023;101541;128.98;20;11328363242;B
20241023;101543;128.98;20;11328363715;B
20241023;101545;128.98;50;11328364170;B
20241023;101545;129;640;11328364171;B
20241023;101545;129;500;11328364172;B
20241023;101545;129;100;11328364173;B
20241023;101545;129;60;11328364174;B
20241023;101545;129.02;30;11328364175;B
20241023;101549;129.04;10;11328364948;B
20241023;101551;129;20;11328365308;B
20241023;101554;128.98;10;11328365912;S
20241023;101605;129.04;20;11328367884;B
20241023;101612;129.04;40;11328369383;B
20241023;101614;129.04;70;11328369657;B
20241023;101629;128.98;110;11328372008;S
20241023;101631;129.02;110;11328372321;B
20241023;101656;128.96;20;11328375714;S
20241023;101705;128.98;10;11328376825;B
20241023;101710;128.98;10;11328377360;B
20241023;101710;128.98;10;11328377361;B
20241023;101710;128.98;10;11328377362;B
20241023;101710;128.98;10;11328377363;B
20241023;101710;128.98;10;11328377364;B
20241023;101711;128.96;20;11328377491;S
20241023;101711;128.96;20;11328377529;S
20241023;101712;128.96;20;11328377557;S
20241023;101712;128.96;20;11328377575;S
20241023;101712;128.96;20;11328377610;S
20241023;101713;128.96;20;11328377695;S
20241023;101713;128.96;20;11328377720;S
20241023;101713;128.96;20;11328377745;S
20241023;101713;128.96;10;11328377821;S
20241023;101714;128.96;10;11328377909;S
20241023;101722;128.98;120;11328379294;B
20241023;101722;128.96;260;11328379295;S
20241023;101722;128.96;220;11328379296;S
20241023;101722;128.96;50;11328379297;S
20241023;101725;128.96;10;11328379844;S
20241023;101725;128.96;10;11328379845;S
20241023;101726;128.96;10;11328379930;S
20241023;101734;128.98;10;11328381337;B
20241023;101734;128.96;20;11328381341;S
20241023;101734;128.96;20;11328381342;S
20241023;101734;128.96;10;11328381343;S
20241023;101734;128.96;50;11328381460;S
20241023;101802;128.96;10;11328385855;S
20241023;101808;128.96;10;11328386751;S
20241023;101824;128.98;10;11328388369;B
20241023;101828;128.96;50;11328388787;S
20241023;101829;128.96;50;11328388825;S
20241023;101831;128.98;10;11328389108;B
20241023;101831;129;40;11328389109;B
20241023;101831;128.96;30;11328389110;S
20241023;101831;128.96;30;11328389111;S
20241023;101831;128.96;10;11328389112;S
20241023;101845;128.96;10;11328390886;S
20241023;101845;128.94;500;11328390887;S
20241023;101845;128.92;20;11328390888;S
20241023;101845;128.9;150;11328390889;S
20241023;101845;128.88;150;11328390890;S
20241023;101845;128.82;390;11328390891;S
20241023;101845;128.8;380;11328390892;S
20241023;101845;128.8;10;11328390893;S
20241023;101845;128.78;100;11328390894;S
20241023;101845;128.76;10;11328390895;S
20241023;101845;128.76;400;11328390896;S
20241023;101845;128.74;10;11328390898;S
20241023;101845;128.74;50;11328390899;S
20241023;101845;128.74;290;11328390900;S
20241023;101849;128.74;210;11328391598;S
20241023;101850;128.7;50;11328391602;S
20241023;101858;128.68;10;11328392875;S
20241023;101858;128.54;40;11328392876;S
20241023;101858;128.54;20;11328392877;S
20241023;101904;128.56;10;11328393708;S
20241023;101919;128.68;10;11328396715;B
20241023;101942;128.64;60;11328402801;B
20241023;101942;128.66;200;11328402802;B
20241023;101942;128.66;60;11328402803;B
20241023;101942;128.68;180;11328402804;B
20241023;101958;128.66;10;11328404935;B
20241023;102047;128.66;50;11328425557;B
20241023;102047;128.66;10;11328425558;B
20241023;102047;128.66;10;11328425559;B
20241023;102047;128.66;10;11328425560;B
20241023;102047;128.66;10;11328425561;B
20241023;102047;128.66;10;11328425562;B
20241023;102047;128.66;10;11328425563;B
20241023;102047;128.66;10;11328425564;B
20241023;102047;128.66;10;11328425565;B
20241023;102047;128.66;10;11328425566;B
20241023;102109;128.66;10;11328436592;S
20241023;102131;128.66;70;11328445183;S
20241023;102140;128.7;20;11328446440;B
20241023;102154;128.66;170;11328448688;S
20241023;102158;128.56;30;11328449400;S
20241023;102158;128.54;30;11328449401;S
20241023;102205;128.62;10;11328450602;B
20241023;102214;128.62;30;11328452187;B
20241023;102236;128.6;90;11328455082;B
20241023;102236;128.6;60;11328455083;B
20241023;102237;128.54;10;11328455207;S
20241023;102237;128.54;200;11328455208;S
20241023;102237;128.54;20;11328455209;S
20241023;102240;128.56;30;11328455454;S
20241023;102246;128.6;20;11328456198;B
20241023;102317;128.56;70;11328460869;S
20241023;102324;128.56;20;11328462289;S
20241023;102324;128.54;10;11328462290;S
20241023;102324;128.54;1000;11328462291;S
20241023;102324;128.5;1000;11328462292;S
20241023;102324;128.5;380;11328462293;S
20241023;102324;128.5;10;11328462294;S
20241023;102324;128.5;80;11328462295;S
20241023;102324;128.48;100;11328462296;S
20241023;102324;128.48;80;11328462297;S
20241023;102324;128.46;10;11328462298;S
20241023;102324;128.46;500;11328462299;S
20241023;102324;128.42;50;11328462300;S
20241023;102324;128.4;50;11328462301;S
20241023;102324;128.4;400;11328462302;S
20241023;102324;128.4;550;11328462303;S
20241023;102324;128.38;400;11328462304;S
20241023;102324;128.38;600;11328462305;S
20241023;102324;128.38;10;11328462306;S
20241023;102324;128.36;200;11328462307;S
20241023;102324;128.34;100;11328462308;S
20241023;102324;128.34;1000;11328462309;S
20241023;102324;128.34;200;11328462310;S
20241023;102324;128.32;200;11328462311;S
20241023;102324;128.32;780;11328462312;S
20241023;102324;128.3;1000;11328462313;S
20241023;102324;128.3;1000;11328462314;S
20241023;102324;128.3;200;11328462315;S
20241023;102324;128.3;3000;11328462316;S
20241023;102324;128.28;200;11328462317;S
20241023;102324;128.28;30;11328462318;S
20241023;102324;128.26;6840;11328462319;S
20241023;102326;128.32;20;11328462660;S
20241023;102326;128.3;90;11328462661;S
20241023;102335;128.38;10;11328464452;B
20241023;102420;128.28;10;11328469605;S
20241023;102426;128.38;10;11328470494;B
20241023;102436;128.4;10;11328472440;B
20241023;102459;128.4;100;11328476342;B
20241023;102503;128.4;100;11328476920;S
20241023;102514;128.32;80;11328478686;S
20241023;102514;128.32;10;11328478687;S
20241023;102514;128.3;10;11328478688;S
20241023;102514;128.3;10;11328478689;S
20241023;102514;128.28;200;11328478690;S
20241023;102514;128.28;10;11328478691;S
20241023;102514;128.28;780;11328478692;S
20241023;102514;128.26;3160;11328478693;S
20241023;102514;128.26;30;11328478694;S
20241023;102514;128.26;100;11328478695;S
20241023;102514;128.24;70;11328478696;S
20241023;102514;128.2;400;11328478697;S
20241023;102514;128.2;10;11328478698;S
20241023;102514;128.2;30;11328478699;S
20241023;102514;128.2;10;11328478700;S
20241023;102514;128.2;500;11328478701;S
20241023;102514;128.18;50;11328478702;S
20241023;102514;128.16;10;11328478703;S
20241023;102514;128.14;100;11328478704;S
20241023;102514;128.14;10;11328478705;S
20241023;102514;128.12;350;11328478706;S
20241023;102514;128.12;400;11328478707;S
20241023;102514;128.12;10;11328478708;S
20241023;102514;128.1;1430;11328478709;S
20241023;102514;128.1;50;11328478710;S
20241023;102514;128.1;40;11328478711;S
20241023;102514;128.1;200;11328478712;S
20241023;102514;128.08;200;11328478713;S
20241023;102514;128.08;310;11328478714;S
20241023;102514;128.06;30;11328478715;S
20241023;102514;128.06;2000;11328478716;S
20241023;102514;128.04;100;11328478717;S
20241023;102514;128.04;500;11328478718;S
20241023;102514;128.04;50;11328478719;S
20241023;102514;128.04;20;11328478720;S
20241023;102514;128.04;20;11328478721;S
20241023;102514;128.04;40;11328478722;S
20241023;102514;128.02;800;11328478723;S
20241023;102514;128.02;1000;11328478724;S
20241023;102514;128.02;550;11328478725;S
20241023;102514;128.02;100;11328478726;S
20241023;102514;128.02;100;11328478727;S
20241023;102514;128.02;10;11328478728;S
20241023;102514;128;10;11328478729;S
20241023;102514;128;10;11328478730;S
20241023;102514;128;600;11328478731;S
20241023;102514;128;10;11328478732;S
20241023;102514;128;10;11328478733;S
20241023;102514;128;10;11328478734;S
20241023;102514;128;50;11328478735;S
20241023;102514;128;500;11328478736;S
20241023;102514;128;120;11328478737;S
20241023;102514;128;10;11328478738;S
20241023;102514;128;10;11328478739;S
20241023;102514;128;100;11328478740;S
20241023;102514;128;10;11328478741;S
20241023;102514;128;100;11328478742;S
20241023;102514;128;100;11328478743;S
20241023;102514;128;9460;11328478744;S
20241023;102514;128.02;10;11328478755;S
20241023;102514;128.02;190;11328478756;S
20241023;102514;128.02;110;11328478765;S
20241023;102514;128.02;150;11328478766;S
20241023;102514;128;100;11328478767;S
20241023;102514;128;5500;11328478769;S
20241023;102514;128.3;60;11328478770;B
20241023;102514;128.3;60;11328478771;B
20241023;102514;128.3;60;11328478772;B
20241023;102515;128.28;40;11328478784;B
20241023;102515;128.14;190;11328478871;S
20241023;102515;128.02;180;11328478872;S
20241023;102515;128;230;11328478873;S
20241023;102515;128.24;160;11328478883;B
20241023;102515;128.26;60;11328478884;B
20241023;102515;128.26;210;11328478885;B
20241023;102515;128.24;550;11328478894;B
20241023;102515;128.24;780;11328478895;B
20241023;102515;128.26;870;11328478896;B
20241023;102515;128.28;310;11328478897;B
20241023;102515;128.32;30;11328478898;B
20241023;102548;128.2;10;11328483985;B
20241023;102551;128.2;200;11328484583;B
20241023;102554;128.1;10;11328484989;S
20241023;102554;128.1;20;11328484990;S
20241023;102554;128.08;10;11328484991;S
20241023;102615;128.18;20;11328487934;B
20241023;102615;128.2;80;11328487935;B
20241023;102618;128.2;10;11328488404;B
20241023;102622;128.12;20;11328489104;S
20241023;102647;128.12;60;11328492548;S
20241023;102650;128.12;20;11328493000;S
20241023;102650;128.12;200;11328493001;S
20241023;102650;128.12;230;11328493002;S
20241023;102650;128.1;200;11328493003;S
20241023;102650;128.1;180;11328493004;S
20241023;102650;128.1;110;11328493005;S
20241023;102650;128.08;110;11328493006;S
20241023;102650;128.06;430;11328493007;S
20241023;102650;128.04;780;11328493008;S
20241023;102650;128.04;550;11328493009;S
20241023;102650;128.02;30;11328493010;S
20241023;102650;128.02;1220;11328493011;S
20241023;102651;128.04;220;11328493112;S
20241023;102651;128.02;780;11328493113;S
20241023;102651;128.02;10;11328493114;S
20241023;102651;128.02;30;11328493115;S
20241023;102651;128.02;100;11328493116;S
20241023;102651;128.02;110;11328493117;S
20241023;102651;128;850;11328493118;S
20241023;102655;128.04;10;11328493504;S
20241023;102657;128.04;20;11328493667;S
20241023;102713;128.08;60;11328495954;S
20241023;102716;128.16;10;11328496362;B
20241023;102721;128.06;20;11328497055;S
20241023;102723;128.06;60;11328497246;S
20241023;102729;128.08;20;11328498198;S
20241023;102734;128.08;20;11328499111;S
20241023;102744;128.16;10;11328500498;B
20241023;102802;128.16;10;11328503394;B
20241023;102802;128.16;10;11328503395;B
20241023;102813;128.1;60;11328504790;S
20241023;102819;128.14;40;11328505497;B
20241023;102819;128.14;60;11328505498;S
20241023;102819;128.14;10;11328505499;S
20241023;102827;128.14;20;11328506522;S
20241023;102831;128.16;10;11328506982;B
20241023;102844;128.16;380;11328508578;B
20241023;102844;128.16;150;11328508579;B
20241023;102844;128.16;170;11328508580;B
20241023;102845;128.18;50;11328508672;B
20241023;102849;128.18;100;11328509329;S
20241023;102849;128.16;100;11328509330;S
20241023;102849;128.16;100;11328509331;S
20241023;102849;128.22;30;11328509353;B
20241023;102906;128.22;10;11328511877;B
20241023;102907;128.16;10;11328512013;S
20241023;102910;128.22;10;11328512494;B
20241023;102933;128.22;10;11328515368;B
20241023;103011;128.18;200;11328519713;S
20241023;103011;128.16;10;11328519714;S
20241023;103011;128.14;120;11328519715;S
20241023;103011;128.14;290;11328519716;S
20241023;103011;128.14;50;11328520126;S
20241023;103019;128.18;10;11328521156;S
20241023;103022;128.16;20;11328521674;S
20241023;103026;128.16;10;11328522083;S
20241023;103029;128.16;10;11328522327;S
20241023;103037;128.22;10;11328523388;B
20241023;103039;128.16;10;11328523583;S
20241023;103055;128.28;10;11328525530;B
20241023;103106;128.16;160;11328526805;S
20241023;103119;128.18;400;11328528175;S
20241023;103119;128.16;90;11328528176;S
20241023;103119;128.16;40;11328528177;S
20241023;103119;128.14;470;11328528178;S
20241023;103146;128.18;10;11328531873;S
20241023;103146;128.16;190;11328531874;S
20241023;103146;128.14;2550;11328531875;S
20241023;103159;128.14;1640;11328533388;S
20241023;103159;128.14;100;11328533389;S
20241023;103201;128.1;10;11328533741;S
20241023;103223;128.1;10;11328535903;S
20241023;103232;128.1;10;11328536476;S
20241023;103232;128.1;10;11328536506;S
20241023;103233;128.12;10;11328536549;B
20241023;103259;128.12;10;11328539395;B
20241023;103315;128.1;10;11328542560;S
20241023;103321;128.12;900;11328543214;B
20241023;103323;128.1;60;11328543516;S
20241023;103323;128.1;100;11328543517;S
20241023;103323;128.08;300;11328543518;S
20241023;103323;128.08;170;11328543519;S
20241023;103323;128.06;170;11328543520;S
20241023;103323;128.06;50;11328543521;S
20241023;103323;128.04;10;11328543522;S
20241023;103323;128.04;540;11328543523;S
20241023;103327;128.1;60;11328544165;B
20241023;103327;128.1;40;11328544166;B
20241023;103327;128.1;20;11328544167;B
20241023;103327;128.1;60;11328544168;B
20241023;103328;128.12;60;11328544355;B
20241023;103328;128.12;20;11328544358;B
20241023;103328;128.12;10;11328544359;B
20241023;103328;128.14;30;11328544360;B
20241023;103328;128.14;60;11328544361;B
20241023;103329;128.12;60;11328544459;B
20241023;103329;128.12;40;11328544460;B
20241023;103329;128.12;20;11328544461;B
20241023;103329;128.14;60;11328544462;B
20241023;103330;128.14;60;11328544673;B
20241023;103330;128.14;40;11328544674;B
20241023;103330;128.14;20;11328544675;B
20241023;103330;128.14;50;11328544676;B
20241023;103336;128.06;10;11328545434;S
20241023;103336;128.04;10;11328545435;S
20241023;103337;128.04;10;11328545456;S
20241023;103337;128.04;20;11328545457;S
20241023;103337;128.02;30;11328545458;S
20241023;103337;128.02;30;11328545459;S
20241023;103337;128.02;110;11328545460;S
20241023;103337;128;3300;11328545461;S
20241023;103338;128.1;200;11328545671;B
20241023;103341;128.12;60;11328545981;B
20241023;103400;128.1;10;11328548760;B
20241023;103423;128.12;50;11328552044;B
20241023;103423;128.12;10;11328552064;B
20241023;103428;128.12;40;11328552690;B
20241023;103435;128.12;340;11328553523;B
20241023;103441;128.1;10;11328554426;S
20241023;103441;128.1;10;11328554427;S
20241023;103506;128.04;10;11328557808;S
20241023;103506;128.04;10;11328557809;S
20241023;103522;128.04;20;11328559728;S
20241023;103539;128.04;10;11328561880;S
20241023;103539;128.04;50;11328561881;S
20241023;103539;128.02;60;11328561882;S
20241023;103539;128.02;10;11328561883;S
20241023;103539;128.02;1000;11328561884;S
20241023;103539;128.02;220;11328561885;S
20241023;103539;128.02;200;11328561886;S
20241023;103539;128.02;120;11328561887;S
20241023;103539;128;330;11328561888;S
20241023;103545;128.08;30;11328562491;B
20241023;103550;128.08;30;11328563184;B
20241023;103550;128.1;10;11328563185;B
20241023;103605;128.06;10;11328565113;S
20241023;103605;128.04;30;11328565114;S
20241023;103605;128.08;10;11328565120;B
20241023;103607;128.08;10;11328565375;B
20241023;103649;128.06;10;11328571159;S
20241023;103728;128.04;330;11328576722;S
20241023;103732;128.06;10;11328577253;B
20241023;103735;128.06;160;11328577719;B
20241023;103735;128.06;50;11328577720;B
20241023;103735;128.06;20;11328577721;B
20241023;103737;128.04;50;11328577918;S
20241023;103737;128.02;20;11328577919;S
20241023;103737;128.02;30;11328577920;S
20241023;103758;128.02;80;11328580824;S
20241023;103758;128.02;20;11328580825;S
20241023;103759;128.06;250;11328580999;B
20241023;103801;128;150;11328581209;S
20241023;103808;128;10;11328582000;S
20241023;103813;128;800;11328582588;S
20241023;103825;128.02;100;11328584086;S
20241023;103825;128;110;11328584087;S
20241023;103828;128;1000;11328584497;S
20241023;103828;128;20;11328584517;S
20241023;103830;128;1200;11328585010;S
20241023;103831;128;660;11328585226;S
20241023;103832;128;1280;11328585352;S
20241023;103832;128;10;11328585353;S
20241023;103832;128;10;11328585354;S
20241023;103832;128;10;11328585355;S
20241023;103832;128;1190;11328585356;S
20241023;103833;128;330;11328585493;S
20241023;103836;128;1030;11328585887;S
20241023;103837;128;730;11328586170;S
20241023;103837;128;10;11328586171;S
20241023;103837;128;100;11328586172;S
20241023;103837;128;90;11328586173;S
20241023;103837;128;10;11328586174;S
20241023;103837;128;10;11328586175;S
20241023;103837;128;10;11328586176;S
20241023;103837;128;10;11328586177;S
20241023;103837;128;10;11328586178;S
20241023;103837;128;420;11328586179;S
20241023;103838;128;580;11328586394;S
20241023;103838;128;50;11328586395;S
20241023;103838;128;10;11328586396;S
20241023;103838;128;10;11328586397;S
20241023;103838;128;1000;11328586398;S
20241023;103838;128;10;11328586399;S
20241023;103838;128;840;11328586400;S
20241023;103839;128;160;11328586403;S
20241023;103839;127.94;10;11328586437;S
20241023;103839;127.9;30;11328586441;S
20241023;103839;127.9;10;11328586442;S
20241023;103839;127.86;60;11328586443;S
20241023;103839;127.84;40;11328586526;S
20241023;103839;127.84;30;11328586527;S
20241023;103839;127.8;130;11328586528;S
20241023;103839;127.8;70;11328586542;S
20241023;103839;127.8;30;11328586543;S
20241023;103839;127.8;50;11328586544;S
20241023;103839;128;60;11328586552;B
20241023;103839;128;60;11328586553;B
20241023;103839;127.8;100;11328586620;S
20241023;103839;127.8;850;11328586725;S
20241023;103839;127.78;10;11328586726;S
20241023;103839;127.74;90;11328586727;S
20241023;103839;127.74;30;11328586781;S
20241023;103839;127.72;200;11328586782;S
20241023;103840;127.72;200;11328586901;S
20241023;103840;127.84;60;11328586990;B
20241023;103840;127.84;60;11328586991;B
20241023;103840;127.84;60;11328586992;B
20241023;103841;127.86;40;11328587247;B
20241023;103841;127.88;20;11328587248;B
20241023;103841;127.88;60;11328587251;B
20241023;103841;127.88;60;11328587253;B
20241023;103842;127.9;60;11328587417;B
20241023;103842;127.9;60;11328587418;B
20241023;103842;127.9;60;11328587419;B
20241023;103846;127.74;20;11328587961;S
20241023;103846;127.74;200;11328587962;S
20241023;103846;127.72;280;11328587963;S
20241023;103847;127.72;340;11328588309;S
20241023;103853;127.72;200;11328589358;S
20241023;103910;127.84;10;11328591676;B
20241023;103916;127.72;60;11328592344;S
20241023;103918;127.72;80;11328592886;S
20241023;103939;127.72;640;11328595166;S
20241023;103939;127.72;10;11328595167;S
20241023;103939;127.72;10;11328595168;S
20241023;103939;127.72;200;11328595169;S
20241023;103939;127.72;100;11328595170;S
20241023;103939;127.72;20;11328595172;B
20241023;103945;127.7;10;11328595842;S
20241023;103946;127.7;90;11328596008;S
20241023;103946;127.7;70;11328596009;S
20241023;103946;127.7;10;11328596010;S
20241023;103946;127.7;10;11328596011;S
20241023;103946;127.7;10;11328596012;S
20241023;103946;127.7;10;11328596013;S
20241023;103946;127.7;10;11328596014;S
20241023;103946;127.7;20;11328596015;S
20241023;103946;127.68;10;11328596016;S
20241023;103946;127.68;30;11328596017;S
20241023;103946;127.66;690;11328596018;S
20241023;103946;127.62;20;11328596019;S
20241023;103946;127.62;10;11328596020;S
20241023;103946;127.62;500;11328596021;S
20241023;103946;127.6;60;11328596022;S
20241023;103946;127.6;50;11328596023;S
20241023;103946;127.6;50;11328596024;S
20241023;103946;127.6;1000;11328596025;S
20241023;103946;127.6;100;11328596026;S
20241023;103946;127.6;1470;11328596027;S
20241023;103947;127.6;130;11328596156;S
20241023;103947;127.6;150;11328596157;B
20241023;103947;127.6;60;11328596158;B
20241023;103947;127.6;60;11328596159;B
20241023;103947;127.6;60;11328596160;B
20241023;103947;127.6;50;11328596205;B
20241023;103948;127.6;60;11328596282;B
20241023;103948;127.6;60;11328596283;B
20241023;103948;127.6;60;11328596285;B
20241023;103948;127.6;60;11328596286;B
20241023;103948;127.6;1000;11328596379;B
20241023;103948;127.6;450;11328596383;B
20241023;103949;127.6;520;11328596399;B
20241023;103956;127.62;20;11328597390;S
20241023;103956;127.6;50;11328597391;S
20241023;103956;127.58;10;11328597392;S
20241023;104010;127.62;10;11328599319;S
20241023;104020;127.62;40;11328601362;S
20241023;104020;127.62;170;11328601363;S
20241023;104020;127.6;10;11328601364;S
20241023;104020;127.6;60;11328601365;B
20241023;104020;127.6;60;11328601366;B
20241023;104020;127.6;60;11328601367;B
20241023;104024;127.58;10;11328602160;S
20241023;104029;127.62;30;11328602843;S
20241023;104029;127.58;120;11328602844;S
20241023;104055;127.6;30;11328608652;S
20241023;104055;127.58;750;11328608653;S
20241023;104104;127.58;120;11328610251;S
20241023;104104;127.58;10;11328610252;S
20241023;104104;127.58;1000;11328610253;S
20241023;104104;127.58;10;11328610254;S
20241023;104104;127.58;90;11328610255;S
20241023;104104;127.58;550;11328610256;S
20241023;104104;127.58;70;11328610257;S
20241023;104104;127.58;120;11328610258;S
20241023;104104;127.56;20;11328610259;S
20241023;104104;127.54;90;11328610260;S
20241023;104104;127.54;10;11328610261;S
20241023;104104;127.54;4910;11328610262;S
20241023;104107;127.7;200;11328610807;B
20241023;104107;127.72;20;11328610808;B
20241023;104107;127.74;70;11328610809;B
20241023;104107;127.74;60;11328610810;B
20241023;104107;127.76;90;11328610811;B
20241023;104107;127.78;780;11328610812;B
20241023;104107;127.8;100;11328610813;B
20241023;104107;127.78;30;11328610815;B
20241023;104107;127.78;400;11328610816;B
20241023;104107;127.78;30;11328610818;B
20241023;104107;127.8;180;11328610819;B
20241023;104107;127.8;130;11328610825;B
20241023;104107;127.8;160;11328610826;B
20241023;104107;127.8;100;11328610827;B
20241023;104107;127.8;140;11328610828;B
20241023;104107;127.8;60;11328610829;B
20241023;104107;127.82;90;11328610830;B
20241023;104107;127.8;200;11328610831;B
20241023;104107;127.82;310;11328610832;B
20241023;104107;127.84;10;11328610833;B
20241023;104107;127.84;10;11328610834;B
20241023;104107;127.86;410;11328610835;B
20241023;104107;127.86;90;11328610836;B
20241023;104107;127.86;20;11328610837;B
20241023;104107;127.86;30;11328610838;B
20241023;104107;127.88;250;11328610839;B
20241023;104107;127.88;130;11328610840;B
20241023;104107;127.88;60;11328610841;B
20241023;104107;127.88;200;11328610842;B
20241023;104107;127.88;1360;11328610844;B
20241023;104107;127.9;220;11328610845;B
20241023;104107;127.9;10;11328610846;B
20241023;104107;127.9;10;11328610847;B
20241023;104107;127.96;50;11328610848;B
20241023;104108;127.7;60;11328610878;S
20241023;104121;127.94;440;11328612908;B
20241023;104121;127.98;70;11328612909;B
20241023;104121;127.98;20;11328612910;B
20241023;104121;127.98;90;11328612911;B
20241023;104121;127.98;20;11328612912;B
20241023;104121;127.98;30;11328612914;B
20241023;104121;127.98;40;11328612915;B
20241023;104121;127.98;30;11328612916;B
20241023;104121;127.98;70;11328612917;B
20241023;104121;127.98;160;11328612919;B
20241023;104121;127.98;130;11328612920;B
20241023;104121;127.98;30;11328612922;B
20241023;104121;127.98;200;11328612923;B
20241023;104121;128.02;10;11328612924;B
20241023;104121;128;220;11328612926;B
20241023;104121;128.02;300;11328612927;B
20241023;104121;128.04;200;11328612928;B
20241023;104121;128.08;40;11328612929;B
20241023;104121;128.1;40;11328612930;B
20241023;104121;128.1;20;11328612931;B
20241023;104121;128.1;200;11328612932;B
20241023;104121;128.16;300;11328612933;B
20241023;104121;128.12;60;11328612934;B
20241023;104121;128.12;250;11328612935;B
20241023;104121;128.16;350;11328612936;B
20241023;104121;128.16;30;11328612937;B
20241023;104121;128.14;270;11328612940;B
20241023;104121;128.14;40;11328612941;B
20241023;104121;128.16;120;11328612942;B
20241023;104121;128.14;90;11328612943;B
20241023;104121;128.14;70;11328612944;B
20241023;104121;128.14;150;11328612945;B
20241023;104121;128.16;50;11328612947;B
20241023;104121;128.2;20;11328612948;B
20241023;104121;128.18;370;11328612949;B
20241023;104130;128;300;11328614171;S
20241023;104132;128.08;40;11328614497;B
20241023;104132;128.08;70;11328614499;B
20241023;104132;128.08;20;11328614500;B
20241023;104132;128.1;100;11328614501;B
20241023;104132;128.08;50;11328614502;B
20241023;104132;128.1;40;11328614503;B
20241023;104132;128.1;860;11328614505;B
20241023;104132;128.1;70;11328614506;B
20241023;104132;128.12;120;11328614507;B
20241023;104132;128.12;80;11328614508;B
20241023;104132;128.12;10;11328614509;B
20241023;104132;128.12;40;11328614510;B
20241023;104132;128.12;120;11328614511;B
20241023;104132;128.14;160;11328614512;B
20241023;104132;128.14;30;11328614513;B
20241023;104132;128.14;110;11328614514;B
20241023;104132;128.14;60;11328614515;B
20241023;104132;128.14;40;11328614516;B
20241023;104132;128.14;600;11328614517;B
20241023;104132;128.18;120;11328614518;B
20241023;104132;128.18;160;11328614519;B
20241023;104132;128.2;150;11328614520;B
20241023;104132;128.2;160;11328614521;B
20241023;104132;128.22;200;11328614522;B
20241023;104132;128.28;200;11328614523;B
20241023;104132;128.32;260;11328614524;B
20241023;104132;128.28;60;11328614525;B
20241023;104132;128.28;20;11328614526;B
20241023;104132;128.28;760;11328614527;B
20241023;104132;128.28;20;11328614528;B
20241023;104138;128.02;60;11328615852;S
20241023;104138;128;190;11328615853;S
20241023;104146;128.16;50;11328617417;B
20241023;104146;128.16;40;11328617418;B
20241023;104146;128.22;110;11328617419;B
20241023;104146;128.22;30;11328617420;B
20241023;104146;128.22;170;11328617421;B
20241023;104146;128.24;30;11328617422;B
20241023;104146;128.26;580;11328617423;B
20241023;104146;128.26;420;11328617424;B
20241023;104146;128.26;250;11328617425;B
20241023;104146;128.26;310;11328617426;B
20241023;104146;128.32;60;11328617427;B
20241023;104146;128.34;200;11328617428;B
20241023;104146;128.38;380;11328617429;B
20241023;104146;128.4;200;11328617430;B
20241023;104146;128.42;30;11328617431;B
20241023;104146;128.46;10;11328617432;B
20241023;104146;128.48;310;11328617433;B
20241023;104146;128.48;160;11328617434;B
20241023;104146;128.24;10;11328617435;B
20241023;104146;128.34;70;11328617436;B
20241023;104146;128.44;310;11328617437;B
20241023;104146;128.46;120;11328617438;B
20241023;104146;128.44;60;11328617439;B
20241023;104146;128.44;310;11328617440;B
20241023;104146;128.46;420;11328617441;B
20241023;104146;128.44;150;11328617442;B
20241023;104146;128.46;50;11328617445;B
20241023;104146;128.48;90;11328617449;B
20241023;104146;128.44;160;11328617456;B
20241023;104146;128.48;30;11328617457;B
20241023;104146;128.44;50;11328617461;B
20241023;104146;128.44;20;11328617462;B
20241023;104146;128.48;300;11328617463;B
20241023;104146;128.48;10;11328617464;B
20241023;104146;128.5;10;11328617465;B
20241023;104146;128.48;60;11328617466;B
20241023;104147;128.1;60;11328617505;S
20241023;104147;128.08;190;11328617506;S
20241023;104149;128.24;10;11328617847;B
20241023;104153;128;250;11328618358;S
20241023;104153;128.18;10;11328618472;B
20241023;104153;128.18;10;11328618473;B
20241023;104154;128;160;11328618546;S
20241023;104200;127.94;80;11328619410;B
20241023;104200;127.94;10;11328619413;B
20241023;104200;128.16;10;11328619414;B
20241023;104200;128.16;50;11328619415;B
20241023;104200;128.18;310;11328619416;B
20241023;104200;128.18;50;11328619417;B
20241023;104200;128.24;130;11328619418;B
20241023;104200;128.26;100;11328619419;B
20241023;104200;128.24;10;11328619420;B
20241023;104200;128.24;90;11328619421;B
20241023;104200;128.24;100;11328619422;B
20241023;104200;128.24;30;11328619437;B
20241023;104200;128.24;40;11328619439;B
20241023;104200;128.24;40;11328619440;B
20241023;104200;128.26;160;11328619441;B
20241023;104200;128.24;310;11328619442;B
20241023;104200;128.26;190;11328619443;B
20241023;104200;128.24;100;11328619444;B
20241023;104200;128.26;70;11328619445;B
20241023;104200;128.26;140;11328619446;B
20241023;104200;128.26;320;11328619447;B
20241023;104200;128.26;40;11328619448;B
20241023;104200;128.26;30;11328619450;B
20241023;104200;128.26;30;11328619452;B
20241023;104200;128.26;50;11328619453;B
20241023;104200;128.26;160;11328619455;B
20241023;104200;128.26;40;11328619456;B
20241023;104200;128.26;130;11328619460;B
20241023;104200;128.26;50;11328619461;B
20241023;104211;128.22;140;11328622142;B
20241023;104211;128.22;40;11328622143;B
20241023;104211;128.24;20;11328622144;B
20241023;104211;128.24;250;11328622145;B
20241023;104211;128.26;310;11328622146;B
20241023;104211;128.28;1500;11328622147;B
20241023;104211;128.3;1000;11328622148;B
20241023;104211;128.34;2150;11328622149;B
20241023;104211;128.32;80;11328622150;B
20241023;104211;128.32;150;11328622151;B
20241023;104211;128.32;70;11328622152;B
20241023;104211;128.32;30;11328622153;B
20241023;104211;128.32;40;11328622155;B
20241023;104211;128.34;70;11328622156;B
20241023;104211;128.34;90;11328622157;B
20241023;104211;128.34;270;11328622158;B
20241023;104211;128.34;120;11328622159;B
20241023;104211;128.34;50;11328622160;B
20241023;104211;128.34;150;11328622161;B
20241023;104211;128.34;100;11328622163;B
20241023;104211;128.34;270;11328622165;B
20241023;104211;128.34;700;11328622167;B
20241023;104211;128.34;50;11328622168;B
20241023;104211;128.34;200;11328622169;B
20241023;104211;128.34;50;11328622172;B
20241023;104211;128.34;40;11328622175;B
20241023;104241;128.1;100;11328626652;S
20241023;104241;128.1;200;11328626653;S
20241023;104241;128.06;10;11328626654;S
20241023;104241;128.06;550;11328626655;S
20241023;104241;128.06;140;11328626656;S
20241023;104304;128.12;10;11328629916;S
20241023;104348;128.12;80;11328635648;S
20241023;104348;128.12;40;11328635649;S
20241023;104351;128.26;250;11328636137;B
20241023;104353;128.1;10;11328636461;S
20241023;104353;128.08;870;11328636462;S
20241023;104353;128.06;100;11328636463;S
20241023;104353;128.06;360;11328636464;S
20241023;104353;128.04;310;11328636465;S
20241023;104353;128.02;410;11328636466;S
20241023;104353;128.02;10;11328636467;S
20241023;104353;128;30;11328636468;S
20241023;104401;128;250;11328637462;B
20241023;104404;127.96;10;11328638072;S
20241023;104405;128;10;11328638196;B
20241023;104411;127.96;20;11328639078;S
20241023;104421;128;20;11328640586;B
20241023;104424;128;20;11328641044;B
20241023;104425;127.96;10;11328641254;S
20241023;104426;127.96;290;11328641467;S
20241023;104433;128;70;11328642171;B
20241023;104433;128;80;11328642172;B
20241023;104443;128;160;11328643315;B
20241023;104443;128;50;11328643316;B
20241023;104443;128;20;11328643318;B
20241023;104445;128;10;11328643628;B
20241023;104503;128;30;11328645581;B
20241023;104503;128;90;11328645582;B
20241023;104503;128;10;11328645583;B
20241023;104503;128;80;11328645584;B
20241023;104503;128;20;11328645585;B
20241023;104503;128.16;90;11328645586;B
20241023;104503;128.18;80;11328645587;B
20241023;104503;128.2;160;11328645589;B
20241023;104503;128.2;50;11328645590;B
20241023;104503;128.2;90;11328645591;B
20241023;104503;128.2;100;11328645592;B
20241023;104503;128.2;10;11328645593;B
20241023;104503;128.2;50;11328645594;B
20241023;104503;128.2;30;11328645595;B
20241023;104503;128.2;30;11328645596;B
20241023;104510;128.22;10;11328646233;B
20241023;104524;128.2;50;11328647790;B
20241023;104524;128.26;50;11328647793;B
20241023;104524;128.26;20;11328647794;B
20241023;104524;128.26;50;11328647795;B
20241023;104524;128.26;40;11328647797;B
20241023;104524;128.26;30;11328647802;B
20241023;104524;128.26;40;11328647805;B
20241023;104524;128.26;20;11328647808;B
20241023;104524;128.26;20;11328647810;B
20241023;104542;128.16;10;11328650114;S
20241023;104542;128.14;220;11328650115;S
20241023;104544;128.14;200;11328650369;S
20241023;104548;128.2;20;11328650940;B
20241023;104605;128.2;20;11328654066;B
20241023;104607;128.2;20;11328654513;B
20241023;104611;128.2;10;11328654976;B
20241023;104614;128.2;930;11328655402;B
20241023;104637;128.2;270;11328657928;B
20241023;104637;128.24;50;11328657929;B
20241023;104637;128.26;10;11328657930;B
20241023;104637;128.26;50;11328657931;B
20241023;104637;128.28;10;11328657932;B
20241023;104637;128.3;30;11328657933;B
20241023;104637;128.3;60;11328657934;B
20241023;104637;128.32;170;11328657935;B
20241023;104718;128.32;30;11328662620;B
20241023;104732;128.38;20;11328664717;B
20241023;104733;128.38;10;11328664803;S
20241023;104733;128.3;10;11328664804;S
20241023;104755;128.3;40;11328667209;B
20241023;104755;128.3;60;11328667210;B
20241023;104755;128.32;20;11328667211;B
20241023;104755;128.34;20;11328667212;B
20241023;104806;128.26;200;11328668282;S
20241023;104806;128.26;10;11328668283;S
20241023;104806;128.22;280;11328668284;S
20241023;104806;128.2;100;11328668285;S
20241023;104806;128.2;360;11328668286;S
20241023;104806;128.16;10;11328668287;S
20241023;104806;128.16;20;11328668288;S
20241023;104806;128.16;400;11328668289;S
20241023;104806;128.12;60;11328668290;S
20241023;104806;128.12;100;11328668291;S
20241023;104806;128.1;20;11328668292;S
20241023;104806;128.1;310;11328668293;S
20241023;104806;128.1;130;11328668294;B
20241023;104806;128.1;130;11328668295;B
20241023;104806;128.06;30;11328668296;S
20241023;104812;128.02;20;11328668810;S
20241023;104812;128.02;60;11328668811;S
20241023;104812;128;150;11328668885;S
20241023;104812;128;170;11328668886;S
20241023;104812;128.08;60;11328668906;B
20241023;104812;128.1;1160;11328668907;B
20241023;104813;128.1;8300;11328669011;B
20241023;104813;128.1;200;11328669012;B
20241023;104825;128.16;10;11328670112;S
20241023;104825;128.14;150;11328670113;S
20241023;104825;128.12;860;11328670114;S
20241023;104825;128.12;150;11328670115;S
20241023;104825;128.1;80;11328670116;S
20241023;104827;128.2;60;11328670309;B
20241023;104828;128.2;10;11328670370;S
20241023;104829;128.24;10;11328670565;B
20241023;104832;128.22;10;11328671081;S
20241023;104838;128.22;60;11328671717;S
20241023;104847;128.22;60;11328672795;S
20241023;104851;128.24;30;11328673277;B
20241023;104904;128.1;10;11328674829;S
20241023;104904;128.06;40;11328674830;S
20241023;104904;128.04;40;11328674831;S
20241023;104904;128.04;180;11328674832;S
20241023;104904;128.02;370;11328674833;S
20241023;104914;128.12;10;11328675671;B
20241023;104935;128.1;40;11328678726;S
20241023;104935;128.1;20;11328678727;S
20241023;104935;128.1;30;11328678728;S
20241023;105023;128.08;10;11328684431;S
20241023;105023;128.06;80;11328684432;S
20241023;105032;128.1;10;11328685518;B
20241023;105033;128.06;20;11328685559;S
20241023;105037;128.04;10;11328686014;S
20241023;105037;128.04;30;11328686015;B
20241023;105037;128.04;20;11328686016;B
20241023;105040;128.06;40;11328686561;B
20241023;105040;128.08;20;11328686562;B
20241023;105040;128.1;20;11328686563;B
20241023;105040;128.14;10;11328686564;B
20241023;105040;128.16;20;11328686565;B
20241023;105040;128.2;10;11328686566;B
20241023;105040;128.22;90;11328686567;B
20241023;105057;128.06;40;11328688941;S
20241023;105105;128.02;10;11328690523;S
20241023;105105;128.02;10;11328690524;S
20241023;105105;128.02;10;11328690525;S
20241023;105105;128.02;10;11328690526;S
20241023;105105;128.02;30;11328690527;S
20241023;105106;128.04;90;11328690621;S
20241023;105118;128.04;30;11328692367;S
20241023;105118;128.04;40;11328692368;S
20241023;105124;128.04;10;11328692967;B
20241023;105140;128.04;10;11328694810;B
20241023;105142;128.04;10;11328695187;S
20241023;105150;128.04;20;11328696240;S
20241023;105155;128.04;10;11328696799;B
20241023;105158;128.02;90;11328697014;S
20241023;105206;128.02;10;11328698181;S
20241023;105206;128.02;50;11328698182;S
20241023;105206;128;60;11328698183;S
20241023;105210;128;150;11328698480;S
20241023;105212;128;50;11328698845;S
20241023;105217;128;40;11328699401;S
20241023;105219;128;960;11328699538;S
20241023;105219;128;10;11328699539;S
20241023;105219;128;30;11328699540;S
20241023;105257;128;70;11328703542;S
20241023;105257;128;20;11328703543;S
20241023;105257;128;10;11328703544;S
20241023;105257;128;50;11328703545;S
20241023;105332;128;10;11328707043;S
20241023;105353;127.98;30;11328709012;S
20241023;105353;127.96;10;11328709013;S
20241023;105353;127.96;460;11328709014;S
20241023;105417;128;990;11328711465;B
20241023;105417;128;10;11328711466;B
20241023;105424;128.04;30;11328712278;B
20241023;105425;127.98;20;11328712474;S
20241023;105440;128.04;30;11328714129;B
20241023;105440;128.06;10;11328714130;B
20241023;105513;128.06;40;11328739973;B
20241023;105513;128.14;20;11328739974;B
20241023;105602;128.2;10;11328786905;B
20241023;105621;128.2;10;11328807053;B
20241023;105621;128.2;60;11328807054;B
20241023;105630;128.18;20;11328817071;B
20241023;105630;128.2;40;11328817072;B
20241023;105630;128.2;100;11328817076;B
20241023;105630;128.22;20;11328817077;B
20241023;105630;128.24;60;11328817078;B
20241023;105630;128.24;60;11328817079;B
20241023;105714;128.2;10;11328868562;B
20241023;105740;128.12;10;11328898090;S
20241023;105740;128.1;10;11328898091;S
20241023;105740;128.1;60;11328898092;B
20241023;105740;128.1;10;11328898093;B
20241023;105805;128.08;200;11328925704;S
20241023;105827;128.08;10;11328947436;B
20241023;105855;128.1;10;11328977158;B
20241023;105922;128.2;10;11329007019;B
20241023;105929;128.24;20;11329014592;B
20241023;105929;128.24;50;11329014593;B
20241023;105929;128.24;70;11329014594;B
20241023;105929;128.26;60;11329014595;B
20241023;105929;128.26;70;11329014596;B
20241023;105929;128.3;50;11329014597;B
20241023;105929;128.3;70;11329014598;B
20241023;105929;128.3;330;11329014608;B
20241023;105929;128.32;450;11329014609;B
20241023;105929;128.32;30;11329014616;B
20241023;105929;128.32;220;11329014626;B
20241023;105929;128.32;20;11329014627;B
20241023;105929;128.34;80;11329014628;B
20241023;105929;128.36;40;11329014629;B
20241023;105929;128.38;30;11329014633;B
20241023;105929;128.38;30;11329014640;B
20241023;105929;128.38;130;11329014641;B
20241023;105929;128.38;120;11329014648;B
20241023;105929;128.38;150;11329014649;B
20241023;105929;128.38;60;11329014650;B
20241023;105929;128.4;30;11329014651;B
20241023;105929;128.38;130;11329014652;B
20241023;105929;128.38;130;11329014654;B
20241023;105929;128.38;520;11329014655;B
20241023;105929;128.4;40;11329014656;B
20241023;105929;128.4;280;11329014657;B
20241023;105929;128.38;80;11329014658;B
20241023;105929;128.38;20;11329014659;B
20241023;105929;128.38;250;11329014660;B
20241023;105929;128.38;120;11329014661;B
20241023;105929;128.38;50;11329014662;B
20241023;105929;128.38;180;11329014663;B
20241023;105929;128.38;550;11329014664;B
20241023;105929;128.4;570;11329014665;B
20241023;105929;128.4;70;11329014666;B
20241023;105929;128.42;70;11329014667;B
20241023;105929;128.44;20;11329014668;B
20241023;105929;128.44;130;11329014669;B
20241023;105929;128.44;60;11329014672;B
20241023;105931;128.32;20;11329016642;S
20241023;105939;128.44;450;11329026511;B
20241023;105939;128.46;20;11329026537;B
20241023;105939;128.46;80;11329026548;B
20241023;105939;128.46;20;11329026555;B
20241023;105939;128.46;20;11329026562;B
20241023;105939;128.46;30;11329026571;B
20241023;105939;128.46;30;11329026584;B
20241023;105939;128.46;60;11329026594;B
20241023;105939;128.46;140;11329026595;B
20241023;105939;128.46;110;11329026602;B
20241023;105939;128.46;220;11329026604;B
20241023;105939;128.46;50;11329026605;B
20241023;105939;128.48;50;11329026606;B
20241023;105939;128.5;90;11329026607;B
20241023;105939;128.5;10;11329026608;B
20241023;105939;128.5;150;11329026609;B
20241023;105939;128.5;60;11329026610;B
20241023;105939;128.52;550;11329026611;B
20241023;105939;128.54;20;11329026612;B
20241023;105939;128.54;20;11329026613;B
20241023;105939;128.56;100;11329026614;B
20241023;105939;128.56;80;11329026615;B
20241023;105939;128.58;420;11329026617;B
20241023;105939;128.58;50;11329026618;B
20241023;105939;128.6;10;11329026619;B
20241023;105939;128.6;50;11329026620;B
20241023;105939;128.62;40;11329026621;B
20241023;105939;128.62;240;11329026623;B
20241023;105939;128.62;140;11329026624;B
20241023;105939;128.62;80;11329026626;B
20241023;105939;128.62;60;11329026628;B
20241023;105939;128.62;130;11329026629;B
20241023;105939;128.62;70;11329026631;B
20241023;105939;128.62;330;11329026632;B
20241023;105950;128.58;30;11329037617;B
20241023;105950;128.6;170;11329037619;B
20241023;105950;128.6;40;11329037620;B
20241023;105950;128.6;10;11329037621;B
20241023;105950;128.62;30;11329037622;B
20241023;105950;128.6;110;11329037623;B
20241023;105950;128.62;720;11329037624;B
20241023;105950;128.64;90;11329037625;B
20241023;105950;128.64;20;11329037626;B
20241023;105950;128.64;70;11329037627;B
20241023;105950;128.64;10;11329037628;B
20241023;105950;128.64;40;11329037629;B
20241023;105950;128.64;110;11329037630;B
20241023;105950;128.64;140;11329037631;B
20241023;105950;128.64;30;11329037632;B
20241023;105950;128.64;100;11329037633;B
20241023;105950;128.64;50;11329037634;B
20241023;105950;128.64;40;11329037635;B
20241023;105950;128.64;650;11329037636;B
20241023;105950;128.64;240;11329037637;B
20241023;105950;128.66;40;11329037638;B
20241023;105950;128.66;730;11329037639;B
20241023;105950;128.66;50;11329037640;B
20241023;105950;128.66;20;11329037641;B
20241023;105950;128.66;700;11329037642;B
20241023;110001;128.64;50;11329050603;B
20241023;110001;128.66;30;11329050604;B
20241023;110001;128.64;30;11329050622;B
20241023;110001;128.66;70;11329050623;B
20241023;110001;128.66;30;11329050630;B
20241023;110001;128.66;690;11329050637;B
20241023;110001;128.66;1940;11329050642;B
20241023;110001;128.66;140;11329050649;B
20241023;110001;128.66;90;11329050653;B
20241023;110001;128.66;20;11329050657;B
20241023;110001;128.66;50;11329050658;B
20241023;110001;128.66;10;11329050671;B
20241023;110001;128.66;370;11329050672;B
20241023;110001;128.66;50;11329050679;B
20241023;110001;128.66;580;11329050683;B
20241023;110001;128.66;60;11329050684;S
20241023;110001;128.66;20;11329050688;S
20241023;110001;128.64;40;11329050689;S
20241023;110001;128.66;60;11329050690;S
20241023;110005;128.74;10;11329055421;B
20241023;110018;128.72;140;11329070416;B
20241023;110018;128.72;10;11329070417;B
20241023;110018;128.72;20;11329070418;B
20241023;110018;128.72;820;11329070419;S
20241023;110019;128.72;10;11329071415;B
20241023;110019;128.74;20;11329071416;B
20241023;110019;128.74;1000;11329071417;B
20241023;110019;128.76;270;11329071418;B
20241023;110020;128.76;5000;11329071921;B
20241023;110022;128.76;40;11329074370;B
20241023;110030;128.76;2500;11329084159;B
20241023;110031;128.76;70;11329084167;B
20241023;110031;128.76;20;11329084171;B
20241023;110031;128.78;40;11329084372;S
20241023;110031;128.8;20;11329084391;B
20241023;110046;128.8;20;11329102696;B
20241023;110046;128.86;60;11329102697;B
20241023;110056;128.86;130;11329112931;B
20241023;110103;128.78;150;11329118567;S
20241023;110103;128.78;100;11329118568;S
20241023;110103;128.74;90;11329118569;S
20241023;110109;128.8;100;11329123738;B
20241023;110109;128.86;10;11329123739;B
20241023;110109;128.86;20;11329123740;B
20241023;110131;128.86;10;11329145173;S
20241023;110146;128.72;10;11329160583;S
20241023;110146;128.7;460;11329160584;S
20241023;110146;128.68;870;11329160585;S
20241023;110146;128.66;70;11329160586;S
20241023;110146;128.66;40;11329160587;S
20241023;110146;128.66;80;11329160588;S
20241023;110146;128.66;150;11329160589;S
20241023;110146;128.66;20;11329160590;S
20241023;110146;128.66;40;11329160591;S
20241023;110146;128.66;20;11329160592;S
20241023;110146;128.66;270;11329160593;S
20241023;110146;128.66;20;11329160594;S
20241023;110146;128.66;50;11329160595;S
20241023;110146;128.66;70;11329160596;S
20241023;110146;128.66;590;11329160597;S
20241023;110146;128.66;10;11329160598;S
20241023;110146;128.66;80;11329160599;S
20241023;110146;128.66;90;11329160600;S
20241023;110146;128.66;30;11329160601;S
20241023;110146;128.66;30;11329160602;S
20241023;110146;128.66;180;11329160603;S
20241023;110146;128.66;440;11329160604;S
20241023;110146;128.66;90;11329160605;S
20241023;110146;128.66;60;11329160606;S
20241023;110146;128.66;120;11329160607;S
20241023;110146;128.66;290;11329160608;S
20241023;110146;128.66;30;11329160609;S
20241023;110146;128.66;30;11329160610;S
20241023;110146;128.66;30;11329160611;S
20241023;110146;128.66;40;11329160612;S
20241023;110146;128.66;180;11329160613;S
20241023;110146;128.66;110;11329160614;S
20241023;110146;128.66;40;11329160615;S
20241023;110146;128.66;120;11329160616;S
20241023;110146;128.66;60;11329160617;S
20241023;110146;128.66;4650;11329160618;S
20241023;110146;128.66;80;11329160619;S
20241023;110146;128.66;130;11329160620;S
20241023;110146;128.66;60;11329160621;S
20241023;110146;128.66;30;11329160622;S
20241023;110146;128.66;30;11329160623;S
20241023;110146;128.66;60;11329160624;S
20241023;110146;128.66;80;11329160625;S
20241023;110146;128.66;240;11329160626;S
20241023;110146;128.66;110;11329160627;S
20241023;110146;128.66;40;11329160628;S
20241023;110146;128.66;140;11329160629;S
20241023;110146;128.66;90;11329160630;S
20241023;110146;128.66;240;11329160631;S
20241023;110146;128.66;50;11329160632;S
20241023;110146;128.66;180;11329160633;S
20241023;110146;128.66;50;11329160634;S
20241023;110146;128.66;30;11329160635;S
20241023;110146;128.66;140;11329160636;S
20241023;110146;128.66;50;11329160637;S
20241023;110146;128.66;20;11329160638;S
20241023;110146;128.66;110;11329160639;S
20241023;110146;128.66;80;11329160640;S
20241023;110146;128.66;170;11329160641;S
20241023;110146;128.66;150;11329160642;S
20241023;110146;128.66;40;11329160643;S
20241023;110146;128.66;80;11329160644;S
20241023;110146;128.66;90;11329160645;S
20241023;110146;128.66;40;11329160646;S
20241023;110146;128.66;30;11329160647;S
20241023;110146;128.66;30;11329160648;S
20241023;110146;128.66;40;11329160649;S
20241023;110146;128.66;110;11329160650;S
20241023;110146;128.66;40;11329160651;S
20241023;110146;128.66;30;11329160652;S
20241023;110146;128.66;30;11329160653;S
20241023;110146;128.66;20;11329160654;S
20241023;110146;128.66;20;11329160655;S
20241023;110146;128.66;20;11329160656;S
20241023;110146;128.66;50;11329160657;B
20241023;110146;128.58;570;11329160658;S
20241023;110146;128.58;430;11329160659;S
20241023;110146;128.58;400;11329160683;S
20241023;110146;128.58;60;11329160684;S
20241023;110158;128.58;10;11329172760;B
20241023;110209;128.58;10;11329183741;B
20241023;110223;128.58;10;11329197522;B
20241023;110234;128.58;10;11329209121;B
20241023;110234;128.58;10;11329209804;B
20241023;110235;128.58;10;11329210305;B
20241023;110235;128.58;10;11329210746;B
20241023;110236;128.58;10;11329211011;B
20241023;110236;128.58;10;11329211526;B
20241023;110237;128.58;10;11329212044;B
20241023;110241;128.58;470;11329216421;B
20241023;110241;128.58;230;11329216422;B
20241023;110242;128.58;10;11329217201;B
20241023;110243;128.58;10;11329217809;B
20241023;110243;128.58;10;11329218206;B
20241023;110244;128.58;10;11329219381;B
20241023;110244;128.58;10;11329219382;B
20241023;110245;128.58;10;11329219456;B
20241023;110247;128.58;10;11329221366;B
20241023;110247;128.58;20;11329221464;B
20241023;110247;128.58;10;11329221831;B
20241023;110248;128.58;10;11329222498;B
20241023;110248;128.58;10;11329222499;B
20241023;110248;128.58;10;11329222956;B
20241023;110249;128.58;10;11329223545;B
20241023;110251;128.58;10;11329225660;B
20241023;110251;128.58;10;11329225661;B
20241023;110252;128.58;10;11329226764;B
20241023;110253;128.58;10;11329227270;B
20241023;110253;128.58;10;11329227546;B
20241023;110255;128.58;10;11329229694;B
20241023;110257;128.56;10;11329232250;S
20241023;110257;128.56;40;11329232254;B
20241023;110257;128.56;30;11329232255;B
20241023;110258;128.56;10;11329233178;B
20241023;110259;128.56;10;11329233572;B
20241023;110259;128.58;10;11329234117;B
20241023;110311;128.58;10;11329245614;B
20241023;110311;128.58;10;11329245737;B
20241023;110313;128.58;10;11329247228;B
20241023;110313;128.58;10;11329247756;B
20241023;110314;128.58;10;11329248331;B
20241023;110314;128.58;10;11329248604;B
20241023;110314;128.58;10;11329248907;B
20241023;110315;128.58;10;11329249169;B
20241023;110315;128.58;20;11329249173;B
20241023;110315;128.7;30;11329249174;B
20241023;110317;128.68;10;11329251737;B
20241023;110321;128.76;10;11329256349;B
20241023;110322;128.8;10;11329256760;B
20241023;110322;128.78;10;11329257012;S
20241023;110323;128.8;10;11329257834;B
20241023;110323;128.78;10;11329258311;S
20241023;110325;128.78;10;11329259653;S
20241023;110325;128.74;10;11329259839;S
20241023;110325;128.74;10;11329260845;S
20241023;110326;128.72;10;11329261582;S
20241023;110327;128.72;10;11329262114;S
20241023;110327;128.72;10;11329262337;S
20241023;110328;128.7;10;11329263335;S
20241023;110332;128.72;10;11329267501;S
20241023;110332;128.7;10;11329267578;B
20241023;110334;128.7;10;11329269804;B
20241023;110334;128.68;10;11329270328;S
20241023;110335;128.66;10;11329270915;S
20241023;110339;128.6;10;11329275141;S
20241023;110340;128.64;10;11329276404;B
20241023;110341;128.64;10;11329277150;B
20241023;110341;128.66;10;11329277634;B
20241023;110346;128.66;10;11329283624;S
20241023;110348;128.64;10;11329285395;S
20241023;110354;128.66;10;11329291551;B
20241023;110400;128.66;10;11329296612;S
20241023;110403;128.66;10;11329299231;B
20241023;110403;128.64;10;11329299626;S
20241023;110411;128.6;10;11329305691;B
20241023;110413;128.56;10;11329307655;S
20241023;110413;128.48;50;11329307656;S
20241023;110413;128.46;60;11329307657;S
20241023;110413;128.44;450;11329307658;S
20241023;110413;128.42;100;11329307659;S
20241023;110413;128.42;550;11329307660;S
20241023;110413;128.38;180;11329307661;S
20241023;110413;128.38;10;11329307662;S
20241023;110413;128.38;2000;11329307663;S
20241023;110413;128.36;3000;11329307664;S
20241023;110413;128.36;310;11329307665;S
20241023;110428;128.3;10;11329323022;B
20241023;110442;128.36;60;11329337635;B
20241023;110443;128.3;230;11329338213;S
20241023;110443;128.26;310;11329338214;S
20241023;110443;128.26;20;11329338215;S
20241023;110443;128.22;780;11329338216;S
20241023;110443;128.22;60;11329338217;S
20241023;110443;128.22;80;11329338218;S
20241023;110452;128.36;20;11329348480;B
20241023;110452;128.44;280;11329348481;B
20241023;110544;128.3;10;11329403027;S
20241023;110544;128.28;110;11329403028;S
20241023;110544;128.26;310;11329403029;S
20241023;110544;128.22;160;11329403030;S
20241023;110637;128.28;10;11329459606;S
20241023;110637;128.28;80;11329459610;B
20241023;110647;128.36;10;11329469644;B
20241023;110656;128.38;20;11329478115;B
20241023;110656;128.38;10;11329478116;B
20241023;110656;128.38;80;11329478117;B
20241023;110656;128.4;600;11329478118;B
20241023;110656;128.42;20;11329478119;B
20241023;110656;128.42;10;11329478120;B
20241023;110656;128.44;60;11329478121;B
20241023;110752;128.4;60;11329534044;B
20241023;110810;128.4;930;11329551530;B
20241023;110810;128.4;20;11329551531;B
20241023;110810;128.42;80;11329551532;B
20241023;110810;128.42;40;11329551533;B
20241023;110814;128.4;50;11329556112;S
20241023;110817;128.4;10;11329559904;B
20241023;110820;128.34;30;11329562449;S
20241023;110820;128.34;30;11329562450;S
20241023;110822;128.34;40;11329564251;S
20241023;110824;128.34;60;11329566572;S
20241023;110825;128.34;10;11329568315;S
20241023;110825;128.34;30;11329568379;S
20241023;110827;128.34;10;11329569693;S
20241023;110830;128.34;20;11329572593;S
20241023;110859;128.36;10;11329604143;S
20241023;110913;128.4;10;11329618341;B
20241023;110914;128.36;10;11329619041;S
20241023;110917;128.4;50;11329621918;B
20241023;110917;128.4;150;11329621919;B
20241023;110917;128.4;10;11329621920;B
20241023;110918;128.4;10;11329622017;B
20241023;110922;128.4;10;11329626460;B
20241023;110925;128.4;10;11329629699;B
20241023;110925;128.4;10;11329629700;B
20241023;110932;128.4;10;11329637450;B
20241023;110933;128.4;20;11329638556;B
20241023;111008;128.44;10;11329667183;B
20241023;111024;128.38;10;11329684106;S
20241023;111024;128.38;10;11329684107;S
20241023;111024;128.38;60;11329684108;B
20241023;111024;128.38;60;11329684109;B
20241023;111024;128.38;90;11329684110;B
20241023;111024;128.38;20;11329684117;B
20241023;111024;128.38;20;11329684118;B
20241023;111049;128.34;50;11329709470;S
20241023;111105;128.32;10;11329725873;S
20241023;111109;128.34;50;11329730035;S
20241023;111203;128.34;10;11329785531;S
20241023;111206;128.34;10;11329787594;S
20241023;111210;128.38;10;11329790885;B
20241023;111216;128.34;70;11329797961;S
20241023;111224;128.32;10;11329806777;B
20241023;111224;128.32;10;11329806778;B
20241023;111224;128.32;10;11329806779;B
20241023;111234;128.32;530;11329817087;B
20241023;111252;128.32;10;11329832571;B
20241023;111307;128.3;20;11329845715;S
20241023;111307;128.3;70;11329845716;S
20241023;111307;128.3;250;11329845717;S
20241023;111317;128.3;40;11329855987;S
20241023;111335;128.3;100;11329866435;S
20241023;111335;128.3;60;11329866436;B
20241023;111335;128.3;10;11329866437;B
20241023;111339;128.3;20;11329866940;B
20241023;111354;128.28;10;11329868913;B
20241023;111413;128.3;10;11329871652;B
20241023;111434;128.28;150;11329874399;S
20241023;111441;128.28;10;11329875289;B
20241023;111441;128.28;10;11329875290;B
20241023;111456;128.28;140;11329877354;S
20241023;111512;128.3;10;11329879511;B
20241023;111528;128.3;10;11329881771;B
20241023;111530;128.28;10;11329881918;S
20241023;111531;128.28;10;11329882054;S
20241023;111531;128.26;20;11329882055;S
20241023;111531;128.26;10;11329882056;S
20241023;111531;128.26;290;11329882057;S
20241023;111539;128.28;10;11329883154;B
20241023;111539;128.28;10;11329883155;B
20241023;111540;128.28;30;11329883360;B
20241023;111540;128.3;500;11329883361;B
20241023;111540;128.3;200;11329883362;B
20241023;111540;128.3;190;11329883363;B
20241023;111540;128.32;10;11329883364;B
20241023;111540;128.32;120;11329883365;B
20241023;111540;128.32;40;11329883366;B
20241023;111540;128.32;100;11329883367;B
20241023;111540;128.32;300;11329883368;B
20241023;111540;128.32;160;11329883369;B
20241023;111540;128.34;6600;11329883370;B
20241023;111540;128.34;60;11329883371;B
20241023;111551;128.32;20;11329885497;B
20241023;111557;128.3;10;11329886170;S
20241023;111558;128.34;100;11329886473;B
20241023;111558;128.34;10;11329886474;B
20241023;111615;128.34;200;11329888853;B
20241023;111625;128.34;40;11329890407;B
20241023;111625;128.34;40;11329890455;B
20241023;111631;128.34;10000;11329891239;B
20241023;111631;128.34;200;11329891240;B
20241023;111633;128.34;250;11329891560;B
20241023;111633;128.34;250;11329891638;B
20241023;111633;128.34;250;11329891679;B
20241023;111634;128.34;1200;11329891699;B
20241023;111634;128.34;340;11329891700;B
20241023;111634;128.34;100;11329891701;B
20241023;111634;128.34;290;11329891713;B
20241023;111634;128.34;500;11329891714;B
20241023;111634;128.38;20;11329891715;B
20241023;111634;128.42;60;11329891716;B
20241023;111634;128.44;130;11329891717;B
20241023;111634;128.44;90;11329891718;B
20241023;111634;128.44;440;11329891719;B
20241023;111634;128.46;470;11329891720;B
20241023;111634;128.52;20;11329891735;B
20241023;111720;128.6;10;11329899382;B
20241023;111726;128.54;20;11329900609;S
20241023;111726;128.54;180;11329900610;B
20241023;111823;128.54;40;11329909512;B
20241023;111907;128.5;50;11329916868;S
20241023;111910;128.54;10;11329917344;B
20241023;111916;128.5;50;11329918421;S
20241023;111940;128.54;20;11329922057;B
20241023;111940;128.54;20;11329922058;B
20241023;111943;128.56;40;11329922558;S
20241023;111951;128.56;100;11329923677;S
20241023;112004;128.6;10;11329925423;B
20241023;112005;128.66;10;11329925529;B
20241023;112005;128.66;10;11329925557;B
20241023;112011;128.78;10;11329926323;B
20241023;112011;128.8;10;11329926382;B
20241023;112012;128.82;10;11329926515;B
20241023;112013;128.82;10;11329926579;B
20241023;112013;128.8;10;11329926668;S
20241023;112014;128.82;10;11329926877;B
20241023;112015;128.82;10;11329926923;B
20241023;112016;128.82;10;11329927098;B
20241023;112017;128.82;10;11329927172;B
20241023;112018;128.82;10;11329927344;B
20241023;112019;128.82;10;11329927421;B
20241023;112020;128.82;10;11329927478;B
20241023;112020;128.82;10;11329927598;B
20241023;112021;128.82;10;11329927701;B
20241023;112022;128.82;10;11329927759;B
20241023;112023;128.82;10;11329928006;B
20241023;112025;128.82;10;11329928228;B
20241023;112026;128.82;10;11329928348;B
20241023;112027;128.76;10;11329928526;S
20241023;112028;128.78;10;11329928647;B
20241023;112029;128.8;10;11329928766;B
20241023;112040;128.8;20;11329930326;B
20241023;112040;128.8;250;11329930327;B
20241023;112040;128.82;280;11329930328;B
20241023;112040;128.82;20;11329930329;B
20241023;112040;128.84;400;11329930330;B
20241023;112040;128.84;20;11329930331;B
20241023;112040;128.86;1000;11329930332;B
20241023;112040;128.88;250;11329930333;B
20241023;112040;128.92;100;11329930334;B
20241023;112040;128.96;100;11329930335;B
20241023;112040;128.96;100;11329930336;B
20241023;112040;128.96;20;11329930337;B
20241023;112040;128.96;10;11329930338;B
20241023;112040;128.96;550;11329930339;B
20241023;112040;128.98;100;11329930340;B
20241023;112040;128.98;20;11329930341;B
20241023;112040;128.98;3760;11329930342;B
20241023;112040;128.96;60;11329930344;B
20241023;112049;128.96;20;11329931535;B
20241023;112051;128.96;10;11329931816;B
20241023;112051;128.96;10;11329931852;B
20241023;112052;128.96;10;11329931969;B
20241023;112053;128.96;10;11329932076;B
20241023;112053;128.96;10;11329932185;B
20241023;112054;128.96;10;11329932226;B
20241023;112055;128.96;20;11329932388;B
20241023;112056;128.96;10;11329932550;B
20241023;112056;128.96;10;11329932585;B
20241023;112057;128.96;10;11329932765;B
20241023;112058;128.96;10;11329932834;B
20241023;112058;128.96;10;11329932890;B
20241023;112100;128.96;10;11329933059;B
20241023;112100;128.96;10;11329933149;B
20241023;112101;128.96;10;11329933183;B
20241023;112101;128.94;10;11329933219;S
20241023;112101;128.96;60;11329933273;B
20241023;112101;128.96;40;11329933274;B
20241023;112101;128.96;20;11329933275;B
20241023;112101;128.96;260;11329933276;B
20241023;112101;128.98;1240;11329933277;B
20241023;112101;128.98;660;11329933278;B
20241023;112101;128.98;100;11329933279;B
20241023;112101;129;100;11329933280;B
20241023;112101;129;40;11329933281;B
20241023;112101;129;480;11329933282;B
20241023;112101;129;10;11329933303;B
20241023;112102;129;10;11329933369;B
20241023;112102;129;10;11329933434;B
20241023;112103;129;10;11329933505;B
20241023;112103;129;10;11329933565;B
20241023;112103;129;10;11329933603;B
20241023;112104;129;10;11329933653;B
20241023;112105;129;10;11329933838;B
20241023;112106;129;10;11329933916;B
20241023;112106;129;10;11329933941;B
20241023;112107;129;10;11329934123;B
20241023;112108;129;10;11329934167;B
20241023;112108;129;10;11329934239;B
20241023;112109;129;10;11329934288;B
20241023;112109;129;10;11329934373;B
20241023;112109;129;10;11329934429;B
20241023;112110;129;10;11329934897;B
20241023;112111;129;10;11329934946;B
20241023;112111;129;10;11329935021;B
20241023;112112;129;10;11329935110;B
20241023;112113;129;10;11329935273;B
20241023;112115;129;10;11329935542;B
20241023;112115;129;10;11329935620;B
20241023;112116;129;10;11329935695;B
20241023;112116;129;10;11329935756;B
20241023;112116;129;10;11329935791;B
20241023;112117;129;10;11329935874;B
20241023;112117;129;10;11329935936;B
20241023;112117;129;10;11329935977;B
20241023;112119;129;10;11329936133;B
20241023;112119;129;10;11329936160;B
20241023;112119;129;10;11329936231;B
20241023;112120;129;10;11329936272;B
20241023;112120;129;10;11329936298;B
20241023;112120;129;10;11329936397;B
20241023;112121;129;10;11329936431;B
20241023;112121;128.98;10;11329936443;S
20241023;112121;128.98;20;11329936444;S
20241023;112121;128.98;10;11329936447;B
20241023;112122;128.98;10;11329936543;B
20241023;112122;128.98;10;11329936601;B
20241023;112122;128.98;10;11329936655;B
20241023;112123;128.98;10;11329936704;B
20241023;112123;128.98;10;11329936766;B
20241023;112124;128.98;10;11329936812;B
20241023;112124;128.98;10;11329936865;B
20241023;112124;128.98;10;11329936925;B
20241023;112125;128.98;10;11329937007;B
20241023;112125;128.98;10;11329937083;B
20241023;112126;128.98;10;11329937109;B
20241023;112126;128.98;10;11329937158;B
20241023;112126;128.98;10;11329937211;B
20241023;112127;128.98;10;11329937270;B
20241023;112128;128.98;10;11329937415;B
20241023;112128;128.98;10;11329937463;B
20241023;112129;128.98;10;11329937501;B
20241023;112129;128.96;10;11329937529;S
20241023;112129;128.92;50;11329937530;S
20241023;112129;128.98;10;11329937550;B
20241023;112129;128.98;10;11329937615;B
20241023;112130;128.98;10;11329937624;B
20241023;112130;128.98;10;11329937639;B
20241023;112130;128.98;10;11329937709;B
20241023;112130;128.98;10;11329937716;B
20241023;112130;128.98;10;11329937729;B
20241023;112130;128.98;10;11329937766;B
20241023;112131;128.98;10;11329937784;B
20241023;112131;128.98;10;11329937797;B
20241023;112131;128.98;10;11329937806;B
20241023;112131;128.98;10;11329937820;B
20241023;112131;128.98;10;11329937840;B
20241023;112131;128.98;10;11329937857;B
20241023;112132;128.98;10;11329937868;B
20241023;112132;128.98;10;11329937904;B
20241023;112132;128.98;10;11329937918;B
20241023;112132;128.98;10;11329937927;B
20241023;112132;128.98;10;11329937945;B
20241023;112132;128.98;10;11329937965;B
20241023;112133;128.98;10;11329937982;B
20241023;112133;128.98;10;11329937991;B
20241023;112133;128.98;10;11329938021;B
20241023;112133;128.98;10;11329938029;B
20241023;112133;129;10;11329938032;B
20241023;112133;129;10;11329938096;B
20241023;112134;129;10;11329938101;B
20241023;112134;129;10;11329938118;B
20241023;112134;129;10;11329938149;B
20241023;112134;129;10;11329938160;B
20241023;112134;129;10;11329938181;B
20241023;112134;129;10;11329938199;B
20241023;112135;129;10;11329938231;B
20241023;112135;129;10;11329938243;B
20241023;112135;129;10;11329938295;B
20241023;112135;129;10;11329938335;B
20241023;112135;129;10;11329938342;B
20241023;112135;129;10;11329938363;B
20241023;112136;129;10;11329938405;B
20241023;112136;129;10;11329938415;B
20241023;112136;129;10;11329938425;B
20241023;112136;129;10;11329938480;B
20241023;112136;129;10;11329938490;B
20241023;112136;129;10;11329938523;B
20241023;112137;129;10;11329938559;B
20241023;112137;129;10;11329938577;B
20241023;112137;129;10;11329938589;B
20241023;112137;129;10;11329938602;B
20241023;112137;129;10;11329938648;B
20241023;112137;129;10;11329938681;B
20241023;112138;129;10;11329938718;B
20241023;112138;129;10;11329938764;B
20241023;112138;129;10;11329938768;B
20241023;112138;129;10;11329938782;B
20241023;112138;129;10;11329938816;B
20241023;112138;129;10;11329938844;B
20241023;112139;129;10;11329938855;B
20241023;112139;129;10;11329938887;B
20241023;112139;129;10;11329938899;B
20241023;112139;129;10;11329938904;B
20241023;112139;129;10;11329938940;B
20241023;112139;129;10;11329938967;B
20241023;112144;129;10;11329939527;B
20241023;112144;129;10;11329939580;B
20241023;112145;129;10;11329939642;B
20241023;112145;129;10;11329939688;B
20241023;112149;128.98;10;11329940250;S
20241023;112152;128.98;10;11329940576;B
20241023;112152;128.98;10;11329940619;B
20241023;112152;128.96;10;11329940625;S
20241023;112153;128.98;10;11329940639;B
20241023;112153;128.98;10;11329940697;B
20241023;112153;128.98;10;11329940762;B
20241023;112154;128.98;10;11329940780;B
20241023;112154;128.98;10;11329940830;B
20241023;112154;128.98;10;11329940845;B
20241023;112154;128.98;10;11329940890;B
20241023;112155;128.98;10;11329940903;B
20241023;112155;128.98;10;11329940912;B
20241023;112155;128.98;10;11329940965;B
20241023;112155;128.98;10;11329940978;B
20241023;112155;128.98;10;11329941012;B
20241023;112156;128.98;10;11329941042;B
20241023;112156;128.98;10;11329941106;B
20241023;112156;128.98;10;11329941146;B
20241023;112156;128.98;10;11329941208;B
20241023;112157;128.98;10;11329941233;B
20241023;112157;128.98;10;11329941280;B
20241023;112157;128.98;10;11329941301;B
20241023;112157;128.98;10;11329941320;B
20241023;112158;128.98;10;11329941351;B
20241023;112159;128.98;10;11329941583;B
20241023;112159;128.98;40;11329941584;B
20241023;112159;128.98;50;11329941585;B
20241023;112159;128.98;40;11329941586;B
20241023;112159;128.98;40;11329941593;S
20241023;112159;128.98;20;11329941594;S
20241023;112208;128.96;10;11329942805;B
20241023;112208;128.96;10;11329942839;B
20241023;112209;128.96;10;11329942849;B
20241023;112209;128.96;10;11329942871;B
20241023;112209;128.96;10;11329942893;B
20241023;112209;128.96;10;11329942906;B
20241023;112209;128.96;10;11329942919;B
20241023;112209;128.96;40;11329942920;B
20241023;112209;128.98;30;11329942921;B
20241023;112209;128.98;40;11329942922;B
20241023;112209;128.98;40;11329942923;B
20241023;112209;128.98;40;11329942924;B
20241023;112209;128.98;210;11329942925;B
20241023;112209;128.96;10;11329942956;B
20241023;112210;128.96;10;11329942971;B
20241023;112210;128.96;10;11329942980;B
20241023;112210;128.96;10;11329943048;B
20241023;112210;128.96;10;11329943058;B
20241023;112210;128.96;10;11329943063;B
20241023;112211;128.96;10;11329943135;B
20241023;112211;128.96;10;11329943145;B
20241023;112211;128.96;10;11329943226;B
20241023;112211;128.96;10;11329943262;B
20241023;112212;128.96;10;11329943276;B
20241023;112212;128.96;10;11329943315;B
20241023;112212;128.96;10;11329943322;B
20241023;112219;128.88;10;11329944201;S
20241023;112219;128.86;770;11329944202;S
20241023;112220;128.86;230;11329944342;S
20241023;112220;128.82;40;11329944343;S
20241023;112220;128.76;550;11329944344;S
20241023;112220;128.74;400;11329944345;S
20241023;112220;128.74;400;11329944346;S
20241023;112220;128.74;60;11329944347;S
20241023;112220;128.72;310;11329944348;S
20241023;112220;128.7;3000;11329944349;S
20241023;112220;128.7;100;11329944350;S
20241023;112220;128.7;50;11329944351;B
20241023;112220;128.68;10;11329944352;B
20241023;112220;128.7;60;11329944353;B
20241023;112220;128.7;60;11329944354;B
20241023;112220;128.6;10;11329944416;S
20241023;112221;128.64;150;11329944506;B
20241023;112221;128.64;60;11329944549;B
20241023;112221;128.64;60;11329944550;B
20241023;112221;128.64;30;11329944551;B
20241023;112222;128.64;50;11329944790;S
20241023;112238;128.56;100;11329947284;S
20241023;112246;128.7;10;11329948364;S
20241023;112247;128.7;10;11329948446;B
20241023;112248;128.7;10;11329948529;S
20241023;112300;128.72;150;11329950206;B
20241023;112326;128.72;10;11329952947;B
20241023;112335;128.72;100;11329955075;B
20241023;112346;128.62;10;11329957587;S
20241023;112346;128.6;30;11329957588;S
20241023;112346;128.6;40;11329957592;S
20241023;112346;128.6;40;11329957599;S
20241023;112346;128.6;40;11329957613;S
20241023;112346;128.6;40;11329957626;S
20241023;112346;128.58;10;11329957641;B
20241023;112346;128.7;50;11329957642;B
20241023;112346;128.58;40;11329957797;S
20241023;112346;128.58;10;11329957801;S
20241023;112346;128.58;40;11329957802;B
20241023;112350;128.58;10;11329958640;B
20241023;112350;128.58;10;11329958693;B
20241023;112350;128.58;10;11329958772;B
20241023;112350;128.58;10;11329958812;B
20241023;112350;128.58;10;11329958867;B
20241023;112351;128.58;10;11329958907;B
20241023;112351;128.58;10;11329958951;B
20241023;112351;128.58;10;11329958989;B
20241023;112351;128.58;10;11329959023;B
20241023;112351;128.58;10;11329959090;B
20241023;112351;128.58;10;11329959131;B
20241023;112352;128.58;10;11329959179;B
20241023;112352;128.58;10;11329959246;B
20241023;112352;128.58;10;11329959286;B
20241023;112352;128.58;10;11329959330;B
20241023;112352;128.58;10;11329959375;B
20241023;112354;128.58;10;11329959700;B
20241023;112354;128.58;40;11329959701;B
20241023;112354;128.58;50;11329959702;B
20241023;112354;128.6;40;11329959709;S
20241023;112354;128.6;40;11329959710;S
20241023;112354;128.6;50;11329959711;S
20241023;112354;128.6;40;11329959715;S
20241023;112354;128.6;40;11329959717;S
20241023;112354;128.6;50;11329959718;S
20241023;112354;128.6;30;11329959725;S
20241023;112354;128.6;20;11329959727;S
20241023;112354;128.6;10;11329959728;S
20241023;112354;128.6;50;11329959729;S
20241023;112354;128.6;50;11329959741;S
20241023;112354;128.6;30;11329959756;S
20241023;112357;128.8;60;11329960247;B
20241023;112406;128.68;250;11329961948;S
20241023;112406;128.66;310;11329961949;S
20241023;112406;128.66;550;11329961950;S
20241023;112406;128.64;790;11329961951;S
20241023;112406;128.64;150;11329961952;S
20241023;112406;128.64;230;11329961953;B
20241023;112411;128.74;10;11329962808;B
20241023;112419;128.6;110;11329963741;S
20241023;112419;128.58;290;11329963742;S
20241023;112433;128.64;10;11329966474;S
20241023;112440;128.66;390;11329967639;B
20241023;112531;128.64;10;11329972252;S
20241023;112536;128.66;610;11329972635;B
20241023;112536;128.66;10;11329972636;B
20241023;112536;128.66;1000;11329972637;B
20241023;112539;128.78;10;11329972783;B
20241023;112539;128.82;390;11329972784;B
20241023;112555;128.66;1380;11329974693;S
20241023;112555;128.66;90;11329974694;S
20241023;112625;128.66;20;11329978075;S
20241023;112729;128.68;10;11329985218;B
20241023;112850;128.64;10;11329995663;B
20241023;112852;128.6;10;11329995820;S
20241023;112855;128.6;10;11329996036;S
20241023;112855;128.6;40;11329996037;S
20241023;112858;128.64;10;11329996363;B
20241023;112900;128.66;10;11329996512;B
20241023;112901;128.66;10;11329996561;B
20241023;112901;128.66;10;11329996622;B
20241023;112906;128.6;50;11329997152;S
20241023;112908;128.6;120;11329997380;S
20241023;112908;128.58;10;11329997381;S
20241023;112908;128.56;60;11329997382;S
20241023;112908;128.56;310;11329997383;S
20241023;112908;128.54;400;11329997384;S
20241023;112925;128.52;50;11329999086;S
20241023;112925;128.52;10;11329999130;S
20241023;112947;128.52;120;11330001140;S
20241023;113157;128.64;20;11330013355;B
20241023;113203;128.64;80;11330013950;B
20241023;113203;128.64;100;11330013951;B
20241023;113203;128.64;20;11330013952;B
20241023;113203;128.66;80;11330013953;B
20241023;113203;128.66;30;11330013954;B
20241023;113203;128.66;50;11330013955;B
20241023;113203;128.66;20;11330013956;B
20241023;113203;128.74;60;11330013957;B
20241023;113203;128.76;10;11330013958;B
20241023;113203;128.76;550;11330013959;B
20241023;113203;128.78;60;11330013960;B
20241023;113213;128.78;30;11330014962;B
20241023;113213;128.78;10;11330014963;S
20241023;113213;128.8;10;11330014964;B
20241023;113221;128.6;110;11330015663;S
20241023;113221;128.6;30;11330015664;S
20241023;113221;128.58;10;11330015665;S
20241023;113221;128.58;10;11330015666;S
20241023;113221;128.58;260;11330015667;S
20241023;113222;128.8;20;11330015725;B
20241023;113222;128.82;60;11330015726;B
20241023;113227;128.78;10;11330016249;B
20241023;113229;128.8;30;11330016473;B
20241023;113303;128.6;110;11330019193;S
20241023;113303;128.58;50;11330019194;S
20241023;113312;128.58;30;11330019765;S
20241023;113312;128.58;20;11330019766;S
20241023;113312;128.56;60;11330019767;S
20241023;113329;128.58;20;11330021281;S
20241023;113329;128.56;140;11330021282;S
20241023;113454;128.74;10;11330028718;B
20241023;113515;128.78;10;11330030682;B
20241023;113516;128.74;10;11330030759;S
20241023;113516;128.68;30;11330030760;S
20241023;113516;128.66;120;11330030761;S
20241023;113526;128.66;80;11330032049;S
20241023;113526;128.62;90;11330032050;S
20241023;113526;128.62;10;11330032051;S
20241023;113526;128.6;750;11330032052;S
20241023;113526;128.58;200;11330032053;S
20241023;113526;128.58;90;11330032054;S
20241023;113542;128.6;10;11330033216;S
20241023;113542;128.58;10;11330033217;S
20241023;113612;128.76;150;11330035738;B
20241023;113645;128.62;10;11330039084;S
20241023;113645;128.6;60;11330039085;S
20241023;113645;128.58;80;11330039086;S
20241023;113706;128.72;10;11330040698;B
20241023;113706;128.76;80;11330040699;B
20241023;113756;128.6;10;11330045474;S
20241023;113756;128.58;20;11330045475;S
20241023;113756;128.58;20;11330045476;S
20241023;113759;128.74;10;11330045858;B
20241023;113759;128.74;10;11330045859;B
20241023;113759;128.74;10;11330045860;B
20241023;113759;128.74;200;11330045861;B
20241023;113759;128.76;30;11330045862;B
20241023;113759;128.76;140;11330045863;B
20241023;113829;128.7;10;11330048601;B
20241023;113829;128.72;40;11330048602;B
20241023;113834;128.72;50;11330049002;B
20241023;113859;128.72;10;11330050844;B
20241023;113911;128.7;630;11330051875;S
20241023;113948;128.7;10;11330054786;S
20241023;114022;128.72;90;11330057648;B
20241023;114022;128.72;10;11330057649;B
20241023;114049;128.72;10;11330060180;B
20241023;114049;128.72;10;11330060181;B
20241023;114049;128.74;80;11330060182;B
20241023;114058;128.7;10;11330060891;S
20241023;114103;128.72;10;11330061366;S
20241023;114103;128.7;150;11330061367;S
20241023;114106;128.74;210;11330062009;B
20241023;114106;128.74;140;11330062010;B
20241023;114115;128.74;30;11330062803;S
20241023;114116;128.74;10;11330062996;B
20241023;114119;128.72;10;11330063201;S
20241023;114119;128.72;350;11330063202;S
20241023;114125;128.72;240;11330063747;S
20241023;114126;128.72;30;11330063927;S
20241023;114126;128.72;40;11330063928;S
20241023;114126;128.7;200;11330063941;S
20241023;114126;128.7;10;11330063942;S
20241023;114155;128.62;10;11330066211;B
20241023;114302;128.56;10;11330071966;S
20241023;114321;128.54;10;11330073520;S
20241023;114334;128.6;10;11330074497;B
20241023;114334;128.62;50;11330074498;B
20241023;114334;128.62;40;11330074499;B
20241023;114334;128.62;20;11330074500;B
20241023;114334;128.64;60;11330074501;B
20241023;114334;128.64;40;11330074503;B
20241023;114334;128.66;20;11330074504;B
20241023;114335;128.66;60;11330074582;B
20241023;114335;128.66;20;11330074583;B
20241023;114335;128.66;40;11330074584;B
20241023;114335;128.66;50;11330074585;B
20241023;114335;128.68;10;11330074586;B
20241023;114336;128.68;60;11330074674;B
20241023;114336;128.66;30;11330074675;B
20241023;114336;128.68;30;11330074676;B
20241023;114336;128.68;60;11330074677;B
20241023;114337;128.68;60;11330074797;B
20241023;114338;128.68;10;11330074841;B
20241023;114405;128.54;10;11330077520;S
20241023;114452;128.66;100;11330081488;B
20241023;114452;128.66;100;11330081489;B
20241023;114452;128.66;100;11330081490;B
20241023;114452;128.66;100;11330081491;B
20241023;114452;128.66;50;11330081492;B
20241023;114452;128.68;10;11330081493;B
20241023;114452;128.68;540;11330081494;B
20241023;114524;128.66;100;11330084739;B
20241023;114524;128.66;50;11330084740;B
20241023;114601;128.56;60;11330087735;S
20241023;114601;128.54;170;11330087736;S
20241023;114601;128.54;10;11330087737;S
20241023;114601;128.54;30;11330087738;S
20241023;114601;128.52;10;11330087739;S
20241023;114601;128.52;50;11330087740;S
20241023;114601;128.52;40;11330087741;S
20241023;114601;128.5;50;11330087742;S
20241023;114601;128.5;30;11330087743;S
20241023;114601;128.5;100;11330087744;S
20241023;114601;128.5;40;11330087745;S
20241023;114601;128.48;10;11330087746;S
20241023;114601;128.44;10;11330087747;S
20241023;114601;128.44;10;11330087748;S
20241023;114601;128.42;100;11330087749;S
20241023;114601;128.42;550;11330087750;S
20241023;114601;128.42;550;11330087751;S
20241023;114601;128.42;780;11330087752;S
20241023;114601;128.4;400;11330087753;S
20241023;114620;128.4;10;11330089272;S
20241023;114648;128.42;30;11330091385;S
20241023;114716;128.52;10;11330093537;B
20241023;114719;128.52;10;11330093826;B
20241023;114737;128.44;20;11330095075;S
20241023;114737;128.44;120;11330095076;S
20241023;114737;128.42;70;11330095077;S
20241023;114737;128.42;190;11330095078;S
20241023;114746;128.42;80;11330095727;S
20241023;114809;128.54;10;11330097901;B
20241023;114827;128.44;10;11330099182;S
20241023;114827;128.44;20;11330099183;S
20241023;114839;128.52;10;11330100167;B
20241023;114846;128.5;10;11330100675;S
20241023;115127;128.5;10;11330113776;B
20241023;115130;128.5;20;11330113988;B
20241023;115130;128.54;20;11330113989;B
20241023;115212;128.42;20;11330117917;S
20241023;115232;128.42;20;11330119292;S
20241023;115307;128.42;70;11330122093;S
20241023;115332;128.42;10;11330124202;S
20241023;115458;128.42;20;11330131436;S
20241023;115500;128.52;550;11330131541;B
20241023;115500;128.52;10;11330131542;B
20241023;115500;128.52;380;11330131543;B
20241023;115500;128.54;70;11330131544;B
20241023;115500;128.54;50;11330131545;B
20241023;115500;128.56;220;11330131546;B
20241023;115500;128.56;20;11330131547;B
20241023;115500;128.58;10;11330131548;B
20241023;115500;128.58;60;11330131549;B
20241023;115500;128.58;870;11330131550;B
20241023;115500;128.6;550;11330131551;B
20241023;115500;128.6;30;11330131552;B
20241023;115500;128.62;60;11330131553;B
20241023;115500;128.62;40;11330131554;B
20241023;115500;128.62;10;11330131555;B
20241023;115500;128.62;10;11330131556;B
20241023;115500;128.58;440;11330131557;B
20241023;115500;128.6;230;11330131558;B
20241023;115500;128.62;190;11330131559;B
20241023;115500;128.62;60;11330131560;B
20241023;115500;128.62;390;11330131561;B
20241023;115500;128.64;10;11330131562;B
20241023;115500;128.64;260;11330131563;B
20241023;115500;128.64;350;11330131564;B
20241023;115500;128.64;210;11330131565;B
20241023;115500;128.64;180;11330131566;B
20241023;115500;128.66;120;11330131567;B
20241023;115500;128.66;310;11330131568;B
20241023;115500;128.66;2030;11330131569;B
20241023;115500;128.66;190;11330131570;B
20241023;115500;128.66;40;11330131571;B
20241023;115500;128.66;590;11330131572;B
20241023;115500;128.66;280;11330131573;B
20241023;115500;128.66;120;11330131574;B
20241023;115500;128.66;420;11330131575;B
20241023;115500;128.66;920;11330131576;B
20241023;115500;128.66;20;11330131577;B
20241023;115500;128.66;200;11330131578;B
20241023;115500;128.68;10;11330131579;B
20241023;115500;128.68;150;11330131580;B
20241023;115500;128.7;310;11330131581;B
20241023;115500;128.7;150;11330131582;B
20241023;115500;128.72;10;11330131583;B
20241023;115500;128.72;10;11330131584;B
20241023;115500;128.72;130;11330131585;B
20241023;115500;128.74;1480;11330131586;B
20241023;115500;128.72;140;11330131587;B
20241023;115509;128.72;170;11330132319;B
20241023;115509;128.72;10;11330132320;B
20241023;115509;128.74;20;11330132321;B
20241023;115509;128.74;220;11330132322;B
20241023;115509;128.76;10;11330132323;B
20241023;115509;128.76;50;11330132324;B
20241023;115509;128.76;350;11330132325;B
20241023;115509;128.78;30;11330132326;B
20241023;115509;128.78;230;11330132327;B
20241023;115509;128.74;40;11330132328;B
20241023;115509;128.74;70;11330132331;B
20241023;115509;128.76;110;11330132332;B
20241023;115509;128.76;30;11330132334;B
20241023;115509;128.76;50;11330132335;B
20241023;115509;128.76;70;11330132336;B
20241023;115509;128.76;50;11330132337;B
20241023;115509;128.78;10;11330132338;B
20241023;115509;128.76;150;11330132339;B
20241023;115509;128.76;160;11330132340;B
20241023;115509;128.78;170;11330132341;B
20241023;115509;128.76;270;11330132342;B
20241023;115509;128.76;40;11330132343;B
20241023;115509;128.78;480;11330132344;B
20241023;115509;128.76;310;11330132345;B
20241023;115509;128.78;2520;11330132346;B
20241023;115509;128.78;1360;11330132348;B
20241023;115509;128.78;580;11330132349;B
20241023;115509;128.78;330;11330132350;B
20241023;115509;128.78;190;11330132352;B
20241023;115509;128.78;140;11330132353;B
20241023;115509;128.78;310;11330132354;B
20241023;115509;128.78;150;11330132355;B
20241023;115509;128.78;800;11330132356;B
20241023;115524;128.76;50;11330133462;B
20241023;115524;128.78;20;11330133463;B
20241023;115524;128.76;30;11330133465;B
20241023;115524;128.78;370;11330133466;B
20241023;115524;128.78;190;11330133467;B
20241023;115524;128.78;2000;11330133468;B
20241023;115524;128.78;250;11330133469;B
20241023;115524;128.78;160;11330133470;B
20241023;115524;128.78;30;11330133471;B
20241023;115524;128.78;80;11330133472;B
20241023;115524;128.78;250;11330133473;B
20241023;115524;128.78;340;11330133475;B
20241023;115524;128.78;60;11330133476;B
20241023;115524;128.78;220;11330133477;B
20241023;115524;128.78;120;11330133478;B
20241023;115524;128.78;90;11330133480;B
20241023;115524;128.78;1550;11330133481;B
20241023;115524;128.78;660;11330133482;B
20241023;115524;128.78;1760;11330133483;B
20241023;115524;128.78;120;11330133485;B
20241023;115524;128.78;40;11330133486;B
20241023;115524;128.78;1670;11330133487;B
20241023;115529;128.7;10;11330133967;S
20241023;115535;128.7;20;11330134398;S
20241023;115536;128.76;10;11330134476;B
20241023;115536;128.76;100;11330134477;B
20241023;115536;128.78;90;11330134478;B
20241023;115536;128.76;10;11330134479;B
20241023;115536;128.78;230;11330134480;B
20241023;115536;128.78;70;11330134481;B
20241023;115536;128.78;1660;11330134482;B
20241023;115536;128.78;4670;11330134483;B
20241023;115536;128.78;200;11330134484;B
20241023;115536;128.78;330;11330134485;B
20241023;115536;128.78;170;11330134486;B
20241023;115536;128.78;920;11330134487;B
20241023;115536;128.78;130;11330134488;B
20241023;115536;128.78;200;11330134489;B
20241023;115536;128.78;1570;11330134490;B
20241023;115536;128.78;310;11330134491;B
20241023;115536;128.78;100;11330134492;B
20241023;115536;128.78;190;11330134493;B
20241023;115536;128.78;350;11330134494;B
20241023;115536;128.78;200;11330134495;B
20241023;115536;128.78;50;11330134496;B
20241023;115536;128.78;100;11330134497;B
20241023;115536;128.78;30;11330134498;B
20241023;115536;128.78;630;11330134499;B
20241023;115536;128.78;30;11330134500;B
20241023;115536;128.78;130;11330134501;B
20241023;115548;128.76;10;11330135370;B
20241023;115548;128.76;10;11330135371;B
20241023;115548;128.78;150;11330135372;B
20241023;115548;128.78;1420;11330135373;B
20241023;115548;128.78;10;11330135374;B
20241023;115548;128.78;190;11330135375;B
20241023;115548;128.78;220;11330135376;B
20241023;115548;128.78;70;11330135377;B
20241023;115548;128.78;70;11330135378;B
20241023;115548;128.78;420;11330135379;B
20241023;115548;128.78;1060;11330135381;B
20241023;115548;128.78;210;11330135382;B
20241023;115548;128.78;140;11330135383;B
20241023;115548;128.78;290;11330135384;B
20241023;115548;128.78;680;11330135385;B
20241023;115548;128.78;70;11330135386;B
20241023;115548;128.78;70;11330135387;B
20241023;115548;128.78;70;11330135388;B
20241023;115548;128.78;100;11330135389;B
20241023;115548;128.78;430;11330135390;B
20241023;115548;128.78;270;11330135391;B
20241023;115548;128.78;100;11330135392;B
20241023;115557;128.78;290;11330136095;B
20241023;115557;128.78;130;11330136096;B
20241023;115557;128.78;9600;11330136097;B
20241023;115557;128.78;80;11330136098;B
20241023;115557;128.78;20;11330136099;B
20241023;115557;128.8;200;11330136101;B
20241023;115557;128.8;230;11330136102;B
20241023;115557;128.8;70;11330136109;B
20241023;115557;128.8;100;11330136110;B
20241023;115557;128.84;10;11330136116;B
20241023;115557;128.9;60;11330136117;B
20241023;115557;128.92;10;11330136118;B
20241023;115557;128.98;30;11330136128;B
20241023;115558;128.92;10;11330136544;S
20241023;115559;129;20;11330136613;B
