<DATE>;<TIME>;<LAST>;<VOL>;<ID>;<OPER>
20241030;095931;3769;7;11359790609;S
20241030;095931;3769;4;11359790610;S
20241030;095931;3769;4;11359790611;S
20241030;095931;3769;1;11359790612;S
20241030;095931;3769;2;11359790613;S
20241030;095931;3769;2;11359790614;S
20241030;095931;3769;100;11359790615;S
20241030;095931;3769;1;11359790616;S
20241030;095931;3769;1;11359790617;S
20241030;095931;3769;18;11359790618;S
20241030;095931;3769;1;11359790619;S
20241030;095931;3769;13;11359790620;B
20241030;095931;3769;5;11359790621;S
20241030;095931;3769;2;11359790622;S
20241030;095931;3769;2;11359790623;S
20241030;095931;3769;137;11359790624;B
20241030;095931;3769;18;11359790625;B
20241030;095931;3769;5;11359790626;B
20241030;095931;3769;3;11359790627;B
20241030;095931;3769;3;11359790628;B
20241030;095931;3769;4;11359790629;B
20241030;095931;3769;10;11359790630;B
20241030;095931;3769;1;11359790631;B
20241030;095931;3769;1;11359790632;B
20241030;095931;3769;19;11359790633;B
20241030;095931;3769;2;11359790634;B
20241030;095931;3769;1;11359790635;B
20241030;095931;3769;1;11359790636;B
20241030;095931;3769;9;11359790637;B
20241030;095931;3769;50;11359790638;B
20241030;095931;3769;1;11359790639;B
20241030;095931;3769;20;11359790640;B
20241030;095931;3769;2;11359790641;B
20241030;095931;3769;47;11359790642;B
20241030;095931;3769;4;11359790643;B
20241030;095931;3769;223;11359790644;B
20241030;095931;3769;28;11359790645;B
20241030;095931;3769;1;11359790646;B
20241030;095931;3769;1;11359790647;S
20241030;095931;3769;2;11359790648;B
20241030;100000;3769;40;11359795549;S
20241030;100000;3769;40;11359795550;S
20241030;100000;3769;221;11359795552;S
20241030;100000;3769;40;11359795553;S
20241030;100000;3769;7;11359795554;S
20241030;100000;3769;40;11359795555;S
20241030;100000;3769;1;11359795556;S
20241030;100000;3769;40;11359795558;S
20241030;100000;3769;39;11359795559;S
20241030;100000;3769;18;11359795560;S
20241030;100000;3769;40;11359795561;S
20241030;100000;3769;10;11359795562;S
20241030;100000;3769;20;11359795563;S
20241030;100000;3769;40;11359795564;S
20241030;100000;3769;40;11359795565;S
20241030;100000;3769;40;11359795567;S
20241030;100000;3769;40;11359795568;S
20241030;100000;3769;20;11359795570;S
20241030;100001;3769;15;11359795665;S
20241030;100001;3769;15;11359795682;S
20241030;100001;3769;10;11359795694;S
20241030;100001;3769.5;1;11359795748;B
20241030;100001;3769;4;11359795758;S
20241030;100001;3769;4;11359795784;S
20241030;100001;3769;6;11359795798;S
20241030;100001;3769;6;11359795826;S
20241030;100001;3769;2;11359795836;S
20241030;100001;3769;2;11359795871;S
20241030;100001;3769;5;11359795951;S
20241030;100001;3769;1;11359795958;S
20241030;100001;3769;1;11359795973;S
20241030;100001;3769;40;11359796140;S
20241030;100001;3769;40;11359796142;S
20241030;100001;3769;40;11359796143;S
20241030;100002;3769.5;22;11359796336;B
20241030;100002;3769.5;8;11359796337;B
20241030;100002;3769;6;11359796511;S
20241030;100002;3769;6;11359796512;S
20241030;100002;3769;21;11359796594;S
20241030;100003;3769;21;11359796621;S
20241030;100003;3769;4;11359796812;S
20241030;100003;3769;9;11359796834;S
20241030;100003;3769;5;11359796837;S
20241030;100003;3769;250;11359797311;S
20241030;100004;3769;1;11359797726;S
20241030;100004;3769;2;11359798483;S
20241030;100004;3769;1;11359798559;S
20241030;100004;3769.5;1;11359798568;B
20241030;100004;3769.5;5;11359798569;B
20241030;100004;3769;1;11359799094;S
20241030;100004;3769.5;3;11359799101;B
20241030;100004;3769.5;1;11359799131;B
20241030;100004;3769.5;1;11359799134;B
20241030;100005;3769.5;1;11359800001;B
20241030;100005;3769.5;2;11359800005;B
20241030;100005;3769;2;11359800381;S
20241030;100005;3769;6;11359800882;S
20241030;100005;3769;6;11359800884;S
20241030;100006;3769.5;38;11359801009;B
20241030;100006;3769.5;58;11359801010;B
20241030;100007;3769.5;1;11359801832;B
20241030;100007;3769.5;1;11359802233;B
20241030;100007;3769.5;14;11359802234;B
20241030;100007;3769;2;11359802428;S
20241030;100007;3769;8;11359802908;S
20241030;100008;3769;20;11359803802;S
20241030;100008;3769;28;11359803836;S
20241030;100008;3769;3;11359803915;S
20241030;100009;3769.5;1;11359803973;B
20241030;100009;3769;11;11359804035;S
20241030;100009;3769;11;11359804075;S
20241030;100009;3769;11;11359804084;S
20241030;100009;3769;11;11359804103;S
20241030;100009;3769;2;11359804129;S
20241030;100009;3769;1;11359804203;S
20241030;100009;3769.5;5;11359804253;B
20241030;100010;3769;1;11359804314;S
20241030;100010;3769;3;11359804352;S
20241030;100010;3769.5;7;11359804357;B
20241030;100010;3769;2;11359804394;S
20241030;100010;3769;1;11359804452;S
20241030;100010;3769.5;20;11359804644;B
20241030;100011;3769.5;2;11359804726;B
20241030;100011;3769;1;11359804745;S
20241030;100011;3769;1;11359804749;S
20241030;100011;3769.5;11;11359804757;B
20241030;100011;3769.5;1;11359804758;B
20241030;100011;3769;1;11359804842;S
20241030;100012;3769;9;11359805098;S
20241030;100012;3769;3;11359805099;S
20241030;100012;3769;12;11359805119;S
20241030;100015;3769;3;11359805851;S
20241030;100015;3769;11;11359805864;S
20241030;100015;3769;1;11359805872;S
20241030;100015;3769;7;11359805873;S
20241030;100018;3769;11;11359806616;S
20241030;100018;3769;11;11359806640;S
20241030;100019;3769;2;11359807009;S
20241030;100019;3769;2;11359807026;S
20241030;100019;3769;1;11359807045;S
20241030;100019;3769;1;11359807060;S
20241030;100019;3769;2;11359807062;S
20241030;100019;3769;2;11359807075;S
20241030;100020;3769.5;1;11359807224;B
20241030;100021;3769;3;11359807546;S
20241030;100021;3769;3;11359807552;S
20241030;100021;3769;1;11359807607;S
20241030;100021;3769;1;11359807620;S
20241030;100021;3769;2;11359807626;S
20241030;100021;3769;2;11359807642;S
20241030;100022;3769;12;11359807954;S
20241030;100022;3769;12;11359807972;S
20241030;100024;3769;3;11359808322;S
20241030;100024;3769;3;11359808324;S
20241030;100024;3769.5;2;11359808345;B
20241030;100024;3769;3;11359808349;S
20241030;100024;3769;3;11359808365;S
20241030;100024;3769;3;11359808419;S
20241030;100024;3769;3;11359808441;S
20241030;100024;3769;1;11359808453;S
20241030;100024;3769;1;11359808469;S
20241030;100024;3769;6;11359808507;S
20241030;100024;3769;5;11359808508;S
20241030;100024;3769;1;11359808509;S
20241030;100026;3769;12;11359808966;S
20241030;100026;3769;12;11359808989;S
20241030;100026;3769;2;11359809011;S
20241030;100026;3769;2;11359809019;S
20241030;100026;3769;3;11359809040;S
20241030;100026;3769;3;11359809052;S
20241030;100026;3769;3;11359809146;S
20241030;100026;3769;3;11359809149;S
20241030;100027;3769;10;11359809428;S
20241030;100027;3769;27;11359809552;S
20241030;100027;3769;27;11359809591;S
20241030;100027;3769;34;11359809605;S
20241030;100027;3769;57;11359809638;S
20241030;100027;3769;23;11359809664;S
20241030;100027;3769;346;11359809688;S
20241030;100027;3769;1;11359809689;S
20241030;100027;3769;53;11359809690;S
20241030;100027;3769;60;11359809777;S
20241030;100027;3769;60;11359809835;S
20241030;100027;3769;1;11359809844;S
20241030;100027;3769;18;11359809846;S
20241030;100028;3769;17;11359809968;S
20241030;100028;3769;3;11359810137;S
20241030;100028;3769;3;11359810155;S
20241030;100028;3769;1;11359810216;S
20241030;100028;3769;1;11359810218;S
20241030;100028;3769;3;11359810254;S
20241030;100028;3769;3;11359810277;S
20241030;100028;3769;2;11359810396;S
20241030;100028;3769;2;11359810421;S
20241030;100029;3769;18;11359810551;S
20241030;100029;3769;18;11359810557;S
20241030;100031;3769;161;11359811999;S
20241030;100031;3769;103;11359812000;S
20241030;100031;3769;234;11359812003;S
20241030;100031;3769;234;11359812006;S
20241030;100031;3769;10;11359812154;S
20241030;100032;3769;100;11359812374;S
20241030;100032;3769;2;11359812397;S
20241030;100033;3769;1000;11359812633;S
20241030;100033;3769;60;11359812634;S
20241030;100035;3769.5;1;11359813039;B
20241030;100037;3769.5;55;11359813455;B
20241030;100037;3769.5;55;11359813456;B
20241030;100037;3769.5;5;11359813490;B
20241030;100037;3769.5;23;11359813491;B
20241030;100037;3769.5;60;11359813492;B
20241030;100037;3769.5;60;11359813493;B
20241030;100037;3769.5;15;11359813494;B
20241030;100037;3769.5;38;11359813495;B
20241030;100037;3769.5;1;11359813496;B
20241030;100037;3769.5;3;11359813497;B
20241030;100037;3769.5;95;11359813498;S
20241030;100037;3769;48;11359813499;S
20241030;100037;3769;54;11359813500;S
20241030;100037;3769;130;11359813501;S
20241030;100037;3769;5;11359813502;S
20241030;100037;3769;11;11359813503;S
20241030;100039;3769;12;11359814074;S
20241030;100040;3769.5;60;11359814084;B
20241030;100040;3769.5;60;11359814085;B
20241030;100040;3769.5;23;11359814086;B
20241030;100040;3769.5;15;11359814087;B
20241030;100040;3769.5;49;11359814088;B
20241030;100040;3769.5;60;11359814089;B
20241030;100040;3770;1;11359814090;B
20241030;100040;3770;20;11359814091;B
20241030;100040;3770;12;11359814092;B
20241030;100040;3769.5;3;11359814093;S
20241030;100040;3769.5;10;11359814110;B
20241030;100040;3769.5;10;11359814206;B
20241030;100040;3769.5;60;11359814207;B
20241030;100040;3770;30;11359814208;B
20241030;100040;3769.5;23;11359814209;S
20241030;100040;3769.5;18;11359814210;B
20241030;100040;3769.5;3;11359814295;B
20241030;100041;3769.5;50;11359814339;B
20241030;100041;3770;8;11359814361;B
20241030;100041;3770;7;11359814362;B
20241030;100041;3770;13;11359814363;B
20241030;100042;3770.5;10;11359814484;S
20241030;100043;3771.5;10;11359814725;B
20241030;100043;3771.5;15;11359814726;B
20241030;100043;3772;1;11359814727;B
20241030;100043;3772;5;11359814728;B
20241030;100043;3772;1;11359814729;B
20241030;100043;3772;15;11359814730;B
20241030;100043;3772;23;11359814731;B
20241030;100044;3773;9;11359814950;B
20241030;100046;3773;4;11359815401;B
20241030;100046;3773;1;11359815530;B
20241030;100047;3773;1;11359815758;B
20241030;100047;3773;8;11359815792;B
20241030;100047;3773.5;12;11359815793;B
20241030;100047;3773;23;11359815833;B
20241030;100048;3773;5;11359815929;S
20241030;100048;3773;10;11359815934;S
20241030;100048;3773;1;11359816023;S
20241030;100049;3773;61;11359816461;S
20241030;100049;3773;15;11359816462;S
20241030;100049;3772.5;15;11359816463;S
20241030;100049;3772;5;11359816464;S
20241030;100049;3772;15;11359816465;S
20241030;100049;3772;4;11359816466;S
20241030;100051;3773;6;11359816756;B
20241030;100051;3773;4;11359816896;B
20241030;100052;3772;1;11359817229;S
20241030;100053;3772;1;11359817323;S
20241030;100054;3773;6;11359817443;B
20241030;100056;3772;15;11359817912;B
20241030;100056;3772;23;11359817913;B
20241030;100056;3772;15;11359817916;B
20241030;100056;3772;23;11359817917;B
20241030;100056;3772;3;11359818245;S
20241030;100056;3772;1;11359818246;S
20241030;100056;3771.5;25;11359818253;S
20241030;100056;3771.5;21;11359818255;S
20241030;100057;3771.5;17;11359818766;S
20241030;100057;3771.5;13;11359818768;S
20241030;100058;3771.5;3;11359819281;S
20241030;100102;3771.5;14;11359820183;S
20241030;100102;3771.5;2;11359820186;S
20241030;100103;3772;1;11359820521;B
20241030;100103;3771.5;26;11359820578;S
20241030;100103;3772;53;11359820607;B
20241030;100103;3772;15;11359820608;B
20241030;100103;3772;23;11359820609;B
20241030;100103;3772;9;11359820610;B
20241030;100107;3771.5;11;11359821479;S
20241030;100107;3771.5;3;11359821480;S
20241030;100107;3771;16;11359821481;S
20241030;100107;3771.5;23;11359821485;B
20241030;100107;3771.5;15;11359821486;B
20241030;100107;3772;5;11359821487;B
20241030;100107;3772;5;11359821488;B
20241030;100107;3772;15;11359821489;B
20241030;100107;3772;5;11359821490;B
20241030;100107;3772;5;11359821491;B
20241030;100107;3772;14;11359821492;B
20241030;100107;3772.5;15;11359821493;B
20241030;100107;3772.5;54;11359821494;B
20241030;100107;3772.5;44;11359821496;S
20241030;100107;3772;6;11359821497;S
20241030;100107;3772;1;11359821677;S
20241030;100109;3772;5;11359821918;S
20241030;100109;3772;1;11359821975;S
20241030;100110;3772;20;11359822176;S
20241030;100110;3772;2;11359822309;S
20241030;100111;3772;50;11359822486;S
20241030;100111;3772.5;20;11359822550;B
20241030;100113;3772;43;11359823116;S
20241030;100114;3772.5;3;11359823173;B
20241030;100114;3772.5;16;11359823174;B
20241030;100114;3772.5;31;11359823175;B
20241030;100114;3772.5;1;11359823380;B
20241030;100115;3772;78;11359823394;S
20241030;100115;3772;15;11359823395;S
20241030;100115;3772;65;11359823396;S
20241030;100115;3771.5;15;11359823397;S
20241030;100115;3771.5;109;11359823398;S
20241030;100115;3771.5;15;11359823399;S
20241030;100115;3771;16;11359823400;S
20241030;100116;3770.5;15;11359823597;B
20241030;100116;3770.5;23;11359823598;B
20241030;100116;3771;23;11359823599;B
20241030;100116;3770.5;23;11359823601;B
20241030;100116;3771.5;7;11359823638;B
20241030;100116;3771.5;1;11359823827;B
20241030;100117;3771.5;6;11359823858;B
20241030;100117;3771;3;11359823924;S
20241030;100121;3772;1;11359825023;B
20241030;100121;3772;23;11359825024;B
20241030;100121;3772;1;11359825025;B
20241030;100121;3772;25;11359825026;B
20241030;100123;3771.5;1;11359825582;S
20241030;100124;3771.5;14;11359825752;S
20241030;100124;3771.5;56;11359825753;S
20241030;100125;3771.5;1;11359826038;S
20241030;100125;3771.5;4;11359826039;S
20241030;100126;3772;6;11359826303;B
20241030;100126;3772;6;11359826325;B
20241030;100126;3771.5;15;11359826463;S
20241030;100126;3771.5;53;11359826464;S
20241030;100126;3771;2;11359826465;S
20241030;100126;3771;15;11359826466;S
20241030;100126;3771;12;11359826467;S
20241030;100126;3771;88;11359826468;S
20241030;100126;3770.5;15;11359826469;S
20241030;100126;3771;15;11359826486;S
20241030;100127;3771;11;11359826642;B
20241030;100127;3772;5;11359826643;B
20241030;100127;3772;44;11359826644;B
20241030;100127;3772;1;11359826704;B
20241030;100128;3771;15;11359826940;S
20241030;100128;3770.5;25;11359826941;S
20241030;100128;3770.5;15;11359826942;S
20241030;100128;3770.5;9;11359826943;S
20241030;100128;3770.5;6;11359826944;S
20241030;100128;3770.5;6;11359826945;S
20241030;100128;3770;15;11359826946;S
20241030;100128;3770;9;11359826947;S
20241030;100130;3769.5;1;11359827528;S
20241030;100130;3769.5;25;11359827529;S
20241030;100130;3770;1;11359827569;B
20241030;100130;3770;1;11359827598;B
20241030;100135;3770;10;11359828579;B
20241030;100135;3769.5;75;11359828593;S
20241030;100135;3769.5;13;11359828594;S
20241030;100135;3769.5;47;11359828595;S
20241030;100135;3769.5;6;11359828596;S
20241030;100135;3769;59;11359828597;S
20241030;100136;3769.5;3;11359828731;B
20241030;100137;3769;1;11359828926;S
20241030;100137;3769.5;50;11359828967;B
20241030;100138;3769;219;11359829201;S
20241030;100138;3769;31;11359829202;S
20241030;100139;3769.5;7;11359829444;B
20241030;100139;3769.5;15;11359829445;B
20241030;100139;3769.5;53;11359829446;B
20241030;100139;3769.5;5;11359829447;B
20241030;100139;3769.5;28;11359829448;B
20241030;100139;3769.5;60;11359829449;B
20241030;100139;3770;46;11359829450;B
20241030;100139;3769;189;11359829461;S
20241030;100139;3769;11;11359829462;S
20241030;100144;3769;4;11359830358;S
20241030;100144;3769;82;11359830494;S
20241030;100144;3769;51;11359830495;S
20241030;100144;3769;22;11359830496;S
20241030;100145;3769;11;11359830612;B
20241030;100145;3769;5;11359830632;B
20241030;100145;3769;1;11359830764;B
20241030;100145;3768.5;2;11359830820;S
20241030;100146;3767.5;15;11359830827;B
20241030;100146;3768;39;11359830828;B
20241030;100146;3767.5;15;11359830831;B
20241030;100146;3768;15;11359830832;B
20241030;100146;3768;18;11359830833;B
20241030;100146;3767;2;11359830875;S
20241030;100146;3766.5;13;11359830876;S
20241030;100146;3766.5;2;11359830922;S
20241030;100146;3766.5;1;11359830923;S
20241030;100146;3766.5;18;11359830924;S
20241030;100146;3766.5;9;11359830925;S
20241030;100146;3766.5;14;11359830933;S
20241030;100146;3766;1;11359830934;S
20241030;100146;3766;1;11359830935;S
20241030;100146;3766;15;11359830936;S
20241030;100146;3765.5;15;11359830937;S
20241030;100146;3765.5;14;11359830938;S
20241030;100146;3765;15;11359830939;S
20241030;100146;3765;14;11359830940;S
20241030;100146;3764.5;15;11359830941;S
20241030;100146;3764.5;30;11359830942;S
20241030;100146;3764.5;66;11359830943;S
20241030;100146;3765;23;11359831007;S
20241030;100146;3764.5;15;11359831008;S
20241030;100146;3764.5;11;11359831009;S
20241030;100146;3764;15;11359831010;S
20241030;100146;3764;250;11359831011;S
20241030;100146;3764;11;11359831012;S
20241030;100146;3763.5;15;11359831013;S
20241030;100146;3763;15;11359831014;S
20241030;100146;3763;30;11359831015;S
20241030;100146;3762.5;15;11359831016;S
20241030;100146;3762;2;11359831017;S
20241030;100146;3762;1;11359831018;S
20241030;100146;3762;2;11359831019;S
20241030;100146;3762;15;11359831020;S
20241030;100146;3761.5;8;11359831021;S
20241030;100147;3763;23;11359831142;S
20241030;100147;3762.5;14;11359831143;S
20241030;100147;3762.5;13;11359831144;S
20241030;100147;3762;3;11359831148;S
20241030;100147;3762;4;11359831163;S
20241030;100147;3762;6;11359831178;S
20241030;100149;3763;15;11359831634;B
20241030;100149;3763.5;15;11359831635;B
20241030;100149;3763.5;20;11359831636;B
20241030;100150;3764;15;11359831862;S
20241030;100150;3764;23;11359831863;S
20241030;100150;3763.5;1;11359831864;S
20241030;100150;3764;10;11359832007;S
20241030;100152;3765;1;11359832575;S
20241030;100153;3765;4;11359832682;S
20241030;100153;3766;5;11359832815;B
20241030;100153;3765;11;11359832884;S
20241030;100154;3765;3;11359833139;S
20241030;100155;3765;4;11359833325;S
20241030;100155;3764.5;14;11359833326;S
20241030;100156;3766;1;11359833745;B
20241030;100200;3766.5;6;11359834556;B
20241030;100200;3765.5;2;11359834721;S
20241030;100201;3766;8;11359834746;S
20241030;100204;3766;20;11359835579;S
20241030;100205;3766;10;11359835684;S
20241030;100206;3767;5;11359835949;B
20241030;100206;3766;10;11359836177;S
20241030;100208;3766.5;6;11359836668;B
20241030;100208;3767;10;11359836669;B
20241030;100208;3767;5;11359836670;B
20241030;100208;3767.5;15;11359836671;B
20241030;100208;3767.5;4;11359836672;B
20241030;100208;3767.5;20;11359836673;B
20241030;100208;3767.5;24;11359836674;B
20241030;100208;3768;15;11359836675;B
20241030;100208;3768;13;11359836676;B
20241030;100212;3768;1;11359837496;B
20241030;100212;3768.5;10;11359837497;B
20241030;100212;3768.5;4;11359837498;B
20241030;100212;3768.5;15;11359837499;B
20241030;100212;3769;1;11359837500;B
20241030;100212;3769;15;11359837501;B
20241030;100212;3769;1;11359837502;B
20241030;100212;3769;1;11359837503;B
20241030;100212;3769;4;11359837504;B
20241030;100212;3769.5;5;11359837505;B
20241030;100212;3769.5;6;11359837552;B
20241030;100213;3769;5;11359837812;B
20241030;100213;3769.5;45;11359837813;B
20241030;100215;3769;1;11359838237;S
20241030;100215;3768.5;6;11359838238;S
20241030;100215;3769.5;2;11359838335;B
20241030;100215;3769.5;1;11359838751;B
20241030;100216;3769;1;11359838800;S
20241030;100218;3769.5;1;11359839338;B
20241030;100218;3769.5;2;11359839372;B
20241030;100218;3769.5;50;11359839373;B
20241030;100219;3769;1;11359839536;S
20241030;100219;3770;311;11359839652;B
20241030;100219;3770;40;11359839653;B
20241030;100219;3770;10;11359839654;B
20241030;100219;3770.5;15;11359839655;B
20241030;100219;3770.5;10;11359839656;B
20241030;100219;3770.5;13;11359839657;B
20241030;100219;3771;15;11359839658;B
20241030;100219;3771;40;11359839659;B
20241030;100219;3771;23;11359839660;B
20241030;100219;3771;13;11359839661;B
20241030;100219;3771.5;10;11359839662;B
20241030;100220;3771;1;11359839726;B
20241030;100222;3771.5;1;11359840462;B
20241030;100223;3771;12;11359840615;S
20241030;100223;3771;2;11359840616;S
20241030;100223;3771;1;11359840817;S
20241030;100223;3771;9;11359840818;S
20241030;100226;3771;1;11359841318;S
20241030;100226;3771;28;11359841319;S
20241030;100226;3770.5;21;11359841320;S
20241030;100226;3771;15;11359841377;B
20241030;100226;3771.5;9;11359841378;B
20241030;100226;3771.5;15;11359841379;B
20241030;100226;3771.5;8;11359841380;B
20241030;100226;3771.5;60;11359841381;B
20241030;100226;3772;38;11359841382;B
20241030;100226;3772;1;11359841383;B
20241030;100226;3772;2;11359841384;B
20241030;100226;3772;1;11359841385;B
20241030;100226;3772;15;11359841386;B
20241030;100226;3772;8;11359841387;B
20241030;100226;3772;28;11359841388;B
20241030;100229;3771.5;1;11359842046;B
20241030;100229;3771.5;1;11359842292;S
20241030;100233;3772.5;1;11359843037;B
20241030;100234;3772;15;11359843298;S
20241030;100235;3772.5;9;11359843444;B
20241030;100235;3773;50;11359843445;B
20241030;100235;3773.5;9;11359843446;B
20241030;100235;3773.5;10;11359843447;B
20241030;100235;3773.5;8;11359843448;B
20241030;100235;3773.5;15;11359843449;B
20241030;100235;3773.5;40;11359843450;B
20241030;100235;3774;10;11359843451;B
20241030;100235;3774;1;11359843452;B
20241030;100235;3774;15;11359843453;B
20241030;100235;3774;10;11359843454;B
20241030;100235;3774;8;11359843455;B
20241030;100235;3774;15;11359843456;B
20241030;100235;3773;5;11359843457;S
20241030;100235;3773;2;11359843662;B
20241030;100238;3773;10;11359844155;B
20241030;100240;3774;50;11359844649;B
20241030;100240;3774;8;11359844650;S
20241030;100240;3774;15;11359844651;B
20241030;100240;3774;10;11359844788;B
20241030;100241;3773.5;8;11359844813;S
20241030;100243;3773.5;6;11359845227;S
20241030;100245;3774;1;11359845688;B
20241030;100245;3774;1;11359845689;B
20241030;100245;3774;15;11359845693;B
20241030;100245;3774;50;11359845698;B
20241030;100245;3774;44;11359845704;B
20241030;100245;3774;6;11359845705;B
20241030;100245;3774;50;11359845708;B
20241030;100248;3774;2;11359846490;B
20241030;100248;3774;3;11359846495;B
20241030;100248;3774;45;11359846496;B
20241030;100248;3774;7;11359846505;S
20241030;100248;3774;15;11359846510;B
20241030;100248;3774;2;11359846525;B
20241030;100249;3774;13;11359846656;B
20241030;100249;3774;13;11359846671;B
20241030;100249;3774.5;1;11359846710;B
20241030;100249;3775;1;11359846711;B
20241030;100249;3775;1;11359846712;B
20241030;100249;3775;12;11359846713;B
20241030;100249;3774.5;15;11359846753;S
20241030;100249;3774.5;14;11359846754;S
20241030;100249;3774.5;3;11359846755;S
20241030;100250;3775.5;2;11359846978;B
20241030;100250;3775;7;11359847185;S
20241030;100251;3775;10;11359847208;S
20241030;100251;3775.5;1;11359847238;B
20241030;100251;3775.5;12;11359847318;B
20241030;100251;3775.5;35;11359847424;B
20241030;100251;3775.5;15;11359847425;B
20241030;100251;3775.5;2;11359847448;B
20241030;100252;3775.5;3;11359847486;B
20241030;100252;3776;32;11359847487;B
20241030;100252;3776;15;11359847523;B
20241030;100252;3776;1;11359847595;B
20241030;100253;3776;2;11359847748;B
20241030;100253;3776;25;11359847847;B
20241030;100253;3776.5;1;11359847848;B
20241030;100253;3776.5;51;11359847849;B
20241030;100253;3776.5;10;11359847850;B
20241030;100253;3776.5;60;11359847851;B
20241030;100253;3776.5;60;11359847852;B
20241030;100253;3777;3;11359847853;B
20241030;100253;3777;1;11359847887;B
20241030;100253;3777;38;11359847888;B
20241030;100253;3777;6;11359847908;B
20241030;100254;3777;100;11359848038;B
20241030;100254;3777;300;11359848069;B
20241030;100254;3777;75;11359848115;B
20241030;100254;3777;100;11359848147;B
20241030;100255;3777;75;11359848207;B
20241030;100255;3777;2;11359848397;B
20241030;100255;3777;2;11359848401;B
20241030;100256;3777;1;11359848432;B
20241030;100256;3777;33;11359848433;B
20241030;100256;3777;163;11359848434;B
20241030;100256;3777;60;11359848436;B
20241030;100256;3777;14;11359848437;B
20241030;100256;3777;31;11359848438;B
20241030;100256;3777.5;8;11359848458;B
20241030;100256;3778;2;11359848461;B
20241030;100256;3778.5;3;11359848462;B
20241030;100256;3778.5;1;11359848518;B
20241030;100256;3778.5;1;11359848535;B
20241030;100256;3778.5;5;11359848591;B
20241030;100256;3779;10;11359848592;B
20241030;100256;3779;1;11359848593;B
20241030;100256;3779.5;1;11359848594;B
20241030;100256;3779.5;6;11359848595;B
20241030;100256;3780;3;11359848596;B
20241030;100256;3780;1;11359848597;B
20241030;100256;3780;2;11359848598;B
20241030;100256;3780;1;11359848599;B
20241030;100256;3780;45;11359848600;B
20241030;100256;3780;75;11359848601;B
20241030;100256;3780;6;11359848622;B
20241030;100256;3780;50;11359848630;B
20241030;100256;3780;1;11359848697;B
20241030;100257;3781;5;11359848744;B
20241030;100257;3781;61;11359848746;B
20241030;100257;3781;50;11359848747;B
20241030;100257;3781.5;23;11359848748;B
20241030;100257;3782;10;11359848749;B
20241030;100257;3782;159;11359848750;B
20241030;100257;3782;15;11359848752;B
20241030;100257;3780;8;11359848753;S
20241030;100257;3782;20;11359848757;B
20241030;100257;3782;30;11359848758;B
20241030;100257;3782;6;11359848759;B
20241030;100257;3782;1;11359848806;B
20241030;100257;3782;1;11359848854;B
20241030;100257;3782;1;11359848878;B
20241030;100257;3782;3;11359848950;B
20241030;100258;3781.5;1;11359849058;S
20241030;100258;3781.5;14;11359849068;S
20241030;100258;3781;41;11359849069;S
20241030;100258;3781;15;11359849070;S
20241030;100258;3781;138;11359849071;S
20241030;100258;3781;30;11359849072;S
20241030;100258;3781;63;11359849073;S
20241030;100258;3780.5;15;11359849074;S
20241030;100258;3780;7;11359849075;S
20241030;100258;3779.5;1;11359849080;B
20241030;100258;3780;2;11359849121;B
20241030;100258;3780;1;11359849233;B
20241030;100258;3780;1;11359849295;B
20241030;100259;3780;2;11359849501;B
20241030;100259;3779.5;2;11359849630;S
20241030;100259;3779.5;3;11359849631;S
20241030;100259;3780;270;11359849698;B
20241030;100300;3780;2;11359849821;B
20241030;100300;3779.5;1;11359849857;S
20241030;100300;3780;299;11359849899;B
20241030;100300;3780;25;11359849900;B
20241030;100300;3781;2;11359849902;B
20241030;100300;3780.5;2;11359849984;S
20241030;100300;3781.5;1;11359850052;B
20241030;100301;3781;1;11359850259;S
20241030;100303;3780.5;10;11359850808;S
20241030;100303;3781.5;4;11359850812;B
20241030;100303;3781.5;1;11359850813;B
20241030;100304;3781;13;11359851043;B
20241030;100304;3781;2;11359851044;B
20241030;100306;3781;15;11359851547;B
20241030;100306;3781;2;11359851548;B
20241030;100306;3781;8;11359851549;B
20241030;100306;3780.5;23;11359851783;S
20241030;100306;3780;16;11359851784;S
20241030;100306;3780;11;11359851785;S
20241030;100307;3780;27;11359851859;S
20241030;100307;3780;100;11359851860;S
20241030;100307;3780;1;11359851861;S
20241030;100307;3779.5;10;11359851864;S
20241030;100307;3780;1;11359852103;B
20241030;100308;3780;1;11359852217;B
20241030;100309;3780;100;11359852405;B
20241030;100309;3780;16;11359852468;B
20241030;100309;3780;27;11359852469;B
20241030;100309;3780;11;11359852482;B
20241030;100309;3780;19;11359852548;B
20241030;100309;3780;2;11359852591;B
20241030;100310;3779.5;1;11359852722;S
20241030;100310;3780;1;11359852770;B
20241030;100311;3780;2;11359853109;B
20241030;100312;3780;69;11359853317;B
20241030;100312;3780;6;11359853318;B
20241030;100312;3780;13;11359853319;B
20241030;100312;3780;6;11359853320;B
20241030;100312;3781;25;11359853321;B
20241030;100312;3781.5;4;11359853322;B
20241030;100312;3781.5;25;11359853323;B
20241030;100312;3781.5;9;11359853324;B
20241030;100312;3782;20;11359853487;B
20241030;100312;3782;18;11359853488;B
20241030;100313;3783;1;11359853626;B
20241030;100313;3783;4;11359853627;B
20241030;100313;3783;1;11359853705;B
20241030;100314;3782.5;15;11359853902;S
20241030;100314;3782;7;11359853903;S
20241030;100314;3783;1;11359853954;B
20241030;100314;3782.5;4;11359853964;S
20241030;100315;3783;1;11359854094;B
20241030;100316;3783;45;11359854482;B
20241030;100316;3782.5;1;11359854532;S
20241030;100317;3783;100;11359854911;B
20241030;100321;3782.5;43;11359856077;S
20241030;100322;3783;10;11359856375;B
20241030;100322;3783;1;11359856404;B
20241030;100322;3783;5;11359856433;B
20241030;100322;3783;5;11359856434;B
20241030;100322;3782.5;23;11359856519;S
20241030;100322;3782.5;23;11359856520;S
20241030;100322;3782.5;27;11359856521;S
20241030;100322;3782.5;15;11359856522;S
20241030;100322;3782;162;11359856523;S
20241030;100322;3782.5;11;11359856582;S
20241030;100324;3782.5;1;11359857284;S
20241030;100325;3783;4;11359857347;B
20241030;100325;3783;4;11359857348;B
20241030;100325;3783;19;11359857349;B
20241030;100325;3783;31;11359857350;B
20241030;100325;3783;19;11359857351;B
20241030;100325;3783.5;1;11359857352;B
20241030;100325;3783.5;10;11359857353;B
20241030;100325;3783.5;20;11359857356;S
20241030;100325;3783;15;11359857357;S
20241030;100325;3783;54;11359857358;S
20241030;100325;3783;23;11359857359;S
20241030;100325;3783;4;11359857360;B
20241030;100325;3783.5;15;11359857361;B
20241030;100325;3783.5;30;11359857362;B
20241030;100325;3784;1;11359857363;B
20241030;100325;3784;4;11359857372;B
20241030;100325;3784;9;11359857373;B
20241030;100326;3783.5;2;11359857782;S
20241030;100326;3783.5;6;11359857783;S
20241030;100327;3784;1;11359857899;B
20241030;100327;3783.5;5;11359858009;S
20241030;100328;3784;12;11359858392;B
20241030;100330;3784;1;11359858865;B
20241030;100331;3784;2;11359858891;B
20241030;100331;3784;25;11359858892;B
20241030;100331;3784;3;11359858893;B
20241030;100331;3784.5;1;11359858895;B
20241030;100331;3784.5;1;11359858896;B
20241030;100331;3784.5;8;11359858897;B
20241030;100331;3784;1;11359859061;B
20241030;100331;3784;1;11359859063;B
20241030;100331;3784;7;11359859065;B
20241030;100331;3783.5;1;11359859114;S
20241030;100335;3783.5;1;11359860176;S
20241030;100335;3784;2;11359860269;B
20241030;100336;3784;3;11359860462;B
20241030;100336;3784;35;11359860463;B
20241030;100336;3784;7;11359860464;B
20241030;100336;3783.5;10;11359860606;S
20241030;100339;3784.5;1;11359861156;B
20241030;100340;3784.5;1;11359861442;B
20241030;100340;3784;13;11359861447;S
20241030;100340;3783.5;3;11359861448;S
20241030;100340;3783.5;6;11359861449;S
20241030;100341;3784.5;28;11359861532;B
20241030;100341;3784.5;20;11359861533;B
20241030;100341;3784.5;1;11359861534;B
20241030;100342;3783.5;1;11359861915;S
20241030;100343;3784.5;1;11359862015;B
20241030;100344;3784;1;11359862316;B
20241030;100344;3784;2;11359862317;B
20241030;100344;3783.5;14;11359862365;S
20241030;100345;3784;1;11359862491;B
20241030;100345;3783.5;3;11359862536;S
20241030;100345;3783.5;2;11359862537;S
20241030;100345;3783.5;50;11359862587;S
20241030;100346;3783.5;50;11359862891;S
20241030;100346;3783.5;50;11359862955;S
20241030;100346;3783.5;30;11359862958;S
20241030;100346;3783.5;50;11359863014;S
20241030;100346;3783.5;60;11359863016;S
20241030;100347;3783.5;8;11359863133;S
20241030;100347;3783.5;3;11359863134;S
20241030;100347;3783.5;2;11359863135;S
20241030;100347;3783.5;27;11359863136;S
20241030;100347;3783.5;20;11359863137;S
20241030;100347;3783.5;16;11359863143;S
20241030;100347;3783;2;11359863144;S
20241030;100347;3783;3;11359863145;S
20241030;100347;3783;39;11359863146;S
20241030;100347;3783;15;11359863164;S
20241030;100347;3783;3;11359863165;S
20241030;100347;3783;42;11359863166;S
20241030;100347;3783.5;4;11359863177;B
20241030;100347;3783;3;11359863178;S
20241030;100347;3783;4;11359863179;S
20241030;100347;3783;19;11359863180;S
20241030;100347;3783;1;11359863374;B
20241030;100348;3783;4;11359863589;B
20241030;100348;3783;10;11359863619;B
20241030;100348;3783;30;11359863620;B
20241030;100348;3783.5;11;11359863621;B
20241030;100348;3783.5;60;11359863622;B
20241030;100348;3783.5;54;11359863623;B
20241030;100348;3783.5;23;11359863624;B
20241030;100348;3784;465;11359863625;B
20241030;100348;3784;9;11359863656;B
20241030;100349;3784;1;11359863709;B
20241030;100351;3783;1;11359864533;B
20241030;100352;3783;1;11359864682;B
20241030;100352;3782.5;1;11359864759;S
20241030;100353;3783;4;11359864982;B
20241030;100356;3783;48;11359865494;B
20241030;100356;3783;15;11359865495;B
20241030;100356;3783;7;11359865574;S
20241030;100357;3783;1;11359865791;S
20241030;100400;3783;40;11359866671;S
20241030;100401;3783.5;61;11359866683;B
20241030;100401;3783.5;10;11359866822;B
20241030;100402;3783.5;1;11359866958;B
20241030;100402;3783.5;3;11359867097;B
20241030;100402;3783.5;13;11359867098;B
20241030;100402;3784;84;11359867099;B
20241030;100403;3783.5;15;11359867186;S
20241030;100403;3783.5;15;11359867187;S
20241030;100404;3784;20;11359867367;B
20241030;100404;3784;13;11359867383;B
20241030;100405;3783.5;15;11359867665;S
20241030;100405;3783.5;3;11359867666;S
20241030;100405;3783.5;3;11359867667;S
20241030;100405;3783.5;24;11359867668;S
20241030;100405;3783;5;11359867669;S
20241030;100405;3783.5;15;11359867672;S
20241030;100405;3783;8;11359867673;S
20241030;100405;3783;7;11359867674;S
20241030;100406;3784;60;11359867808;B
20241030;100406;3783.5;36;11359867832;S
20241030;100406;3784;10;11359868007;B
20241030;100407;3783;1;11359868051;S
20241030;100408;3783;23;11359868433;S
20241030;100409;3783;5;11359868624;S
20241030;100409;3783;7;11359868697;S
20241030;100409;3783;15;11359868698;S
20241030;100409;3783;24;11359868699;S
20241030;100409;3782.5;20;11359868700;S
20241030;100409;3782.5;37;11359868701;S
20241030;100409;3782.5;24;11359868702;S
20241030;100409;3782.5;14;11359868703;S
20241030;100411;3782.5;9;11359869135;S
20241030;100411;3782.5;10;11359869136;S
20241030;100411;3782;30;11359869218;S
20241030;100411;3782;20;11359869219;S
20241030;100411;3782;29;11359869376;S
20241030;100411;3782;1;11359869404;S
20241030;100412;3782;6;11359869549;S
20241030;100412;3781.5;50;11359869550;S
20241030;100412;3781.5;78;11359869551;S
20241030;100412;3781;100;11359869552;S
20241030;100412;3780.5;66;11359869553;S
20241030;100412;3781.5;15;11359869554;B
20241030;100412;3782;1;11359869602;B
20241030;100413;3782;2;11359869854;B
20241030;100414;3781.5;35;11359870082;S
20241030;100414;3780.5;57;11359870083;S
20241030;100414;3780.5;8;11359870084;S
20241030;100414;3781.5;15;11359870085;B
20241030;100414;3781.5;14;11359870086;B
20241030;100414;3781.5;21;11359870087;S
20241030;100414;3781;6;11359870088;B
20241030;100414;3781.5;2;11359870089;B
20241030;100414;3781.5;42;11359870090;B
20241030;100414;3781.5;18;11359870091;B
20241030;100414;3781.5;15;11359870092;S
20241030;100414;3781.5;15;11359870093;S
20241030;100414;3781.5;2;11359870094;S
20241030;100415;3780.5;15;11359870173;B
20241030;100415;3781;35;11359870174;B
20241030;100415;3780;5;11359870272;S
20241030;100415;3780;2;11359870273;S
20241030;100415;3779.5;6;11359870274;S
20241030;100415;3779.5;35;11359870452;S
20241030;100416;3779.5;9;11359870535;S
20241030;100416;3779.5;1;11359870536;S
20241030;100416;3780;1;11359870592;B
20241030;100416;3779.5;20;11359870602;S
20241030;100417;3779.5;10;11359870809;S
20241030;100417;3779;27;11359870810;S
20241030;100418;3780;26;11359871020;B
20241030;100418;3779;26;11359871089;S
20241030;100418;3778.5;24;11359871090;S
20241030;100419;3778.5;1;11359871277;S
20241030;100421;3778.5;1;11359871573;S
20241030;100421;3778.5;29;11359871703;S
20241030;100421;3778;50;11359871704;S
20241030;100421;3778;50;11359871705;S
20241030;100421;3777.5;15;11359871706;S
20241030;100421;3777.5;10;11359871707;S
20241030;100421;3777.5;30;11359871753;S
20241030;100422;3778;15;11359871929;B
20241030;100422;3778.5;35;11359871930;B
20241030;100422;3778.5;15;11359871931;B
20241030;100422;3778.5;4;11359871932;B
20241030;100422;3778.5;15;11359871933;B
20241030;100422;3778.5;1;11359871946;S
20241030;100422;3778.5;30;11359871947;S
20241030;100422;3778.5;5;11359871948;S
20241030;100423;3778;15;11359872059;S
20241030;100423;3778;10;11359872060;S
20241030;100423;3777.5;30;11359872061;S
20241030;100423;3777.5;15;11359872062;S
20241030;100423;3777.5;30;11359872063;S
20241030;100423;3777.5;13;11359872064;S
20241030;100423;3777;27;11359872065;S
20241030;100425;3777.5;4;11359872490;B
20241030;100425;3777;63;11359872514;S
20241030;100425;3777;15;11359872515;S
20241030;100425;3777;23;11359872516;S
20241030;100425;3777;100;11359872517;S
20241030;100425;3777;100;11359872518;S
20241030;100425;3777;23;11359872519;S
20241030;100425;3777;1;11359872652;S
20241030;100426;3777;1;11359872737;S
20241030;100427;3777.5;1;11359872919;B
20241030;100427;3777;75;11359872956;S
20241030;100427;3777;100;11359872957;S
20241030;100427;3777;25;11359872958;S
20241030;100427;3777;7;11359873033;S
20241030;100427;3777;13;11359873034;S
20241030;100427;3777.5;1;11359873119;B
20241030;100428;3777.5;1;11359873178;B
20241030;100428;3777;1;11359873195;S
20241030;100428;3777.5;10;11359873235;B
20241030;100429;3777;44;11359873331;S
20241030;100429;3777.5;50;11359873382;B
20241030;100430;3777.5;1;11359873574;B
20241030;100430;3777.5;1;11359873636;B
20241030;100430;3777.5;1;11359873658;B
20241030;100430;3777.5;1;11359873662;B
20241030;100430;3777.5;3;11359873693;B
20241030;100431;3777.5;55;11359873739;B
20241030;100432;3777.5;50;11359873929;B
20241030;100432;3777.5;2;11359874003;B
20241030;100434;3777.5;5;11359874344;B
20241030;100435;3777.5;25;11359874652;B
20241030;100436;3777.5;13;11359874797;B
20241030;100439;3777;5;11359875425;S
20241030;100440;3777.5;16;11359875614;B
20241030;100440;3777.5;4;11359875615;B
20241030;100442;3777.5;1;11359875981;B
20241030;100444;3777.5;25;11359876346;B
20241030;100444;3777.5;3;11359876347;B
20241030;100444;3777.5;30;11359876348;B
20241030;100444;3777.5;16;11359876349;B
20241030;100444;3778;15;11359876350;B
20241030;100444;3778;50;11359876351;B
20241030;100444;3778;1;11359876352;B
20241030;100444;3778;10;11359876353;B
20241030;100444;3777.5;54;11359876371;S
20241030;100445;3777.5;1;11359876499;B
20241030;100450;3777;20;11359877702;S
20241030;100450;3777.5;45;11359877770;B
20241030;100450;3777.5;5;11359877771;B
20241030;100450;3777.5;5;11359877772;B
20241030;100451;3778.5;50;11359878034;B
20241030;100453;3778.5;1;11359878368;B
20241030;100454;3777.5;5;11359878534;S
20241030;100454;3777.5;5;11359878612;S
20241030;100454;3778.5;50;11359878619;B
20241030;100455;3777.5;5;11359878768;S
20241030;100456;3777.5;5;11359878946;S
20241030;100456;3777.5;20;11359879032;S
20241030;100457;3778;3;11359879282;B
20241030;100458;3777.5;1;11359879435;S
20241030;100458;3777.5;3;11359879480;S
20241030;100500;3778;9;11359879908;B
20241030;100501;3778;15;11359880145;B
20241030;100501;3778;9;11359880197;S
20241030;100501;3777.5;31;11359880198;S
20241030;100501;3777.5;1;11359880199;S
20241030;100501;3777.5;15;11359880200;S
20241030;100501;3777.5;1;11359880201;S
20241030;100503;3777.5;1;11359880708;S
20241030;100503;3777;17;11359880709;S
20241030;100503;3777;1;11359880710;S
20241030;100503;3777;20;11359880711;S
20241030;100503;3777;3;11359880712;S
20241030;100503;3777;8;11359880713;S
20241030;100504;3777.5;2;11359880908;B
20241030;100505;3777.5;1;11359881052;B
20241030;100505;3777.5;1;11359881106;B
20241030;100506;3777;2;11359881359;S
20241030;100506;3777;1;11359881360;S
20241030;100506;3777;3;11359881361;S
20241030;100506;3777;27;11359881370;S
20241030;100506;3776.5;5;11359881371;S
20241030;100506;3776.5;55;11359881372;S
20241030;100506;3776.5;13;11359881373;S
20241030;100506;3777.5;11;11359881427;B
20241030;100506;3777.5;4;11359881428;B
20241030;100506;3777.5;21;11359881429;B
20241030;100506;3778;15;11359881430;B
20241030;100506;3778;21;11359881431;B
20241030;100506;3778.5;3;11359881432;B
20241030;100510;3777.5;1;11359882307;B
20241030;100511;3777.5;1;11359882409;B
20241030;100511;3777.5;10;11359882466;B
20241030;100511;3776.5;26;11359882490;S
20241030;100511;3777.5;8;11359882503;B
20241030;100511;3776.5;2;11359882509;S
20241030;100511;3776.5;24;11359882510;S
20241030;100513;3777;1;11359882904;B
20241030;100513;3777;1;11359882933;B
20241030;100514;3777;6;11359883081;B
20241030;100514;3777;11;11359883082;B
20241030;100514;3777;15;11359883083;B
20241030;100514;3777.5;15;11359883084;B
20241030;100514;3777.5;11;11359883085;B
20241030;100514;3778;15;11359883086;B
20241030;100514;3778;20;11359883087;B
20241030;100514;3778;3;11359883088;B
20241030;100514;3778;54;11359883089;B
20241030;100514;3778.5;10;11359883090;B
20241030;100516;3778.5;5;11359883596;B
20241030;100516;3778.5;20;11359883606;B
20241030;100517;3777.5;2;11359883883;S
20241030;100517;3777.5;8;11359883884;S
20241030;100519;3778;5;11359884236;B
20241030;100521;3777.5;1;11359884710;S
20241030;100521;3777.5;17;11359884727;S
20241030;100521;3777.5;22;11359884728;S
20241030;100521;3777.5;23;11359884730;S
20241030;100522;3777;16;11359884776;S
20241030;100523;3777;30;11359885108;S
20241030;100524;3777.5;4;11359885163;B
20241030;100524;3777.5;4;11359885193;B
20241030;100524;3777.5;6;11359885258;B
20241030;100524;3777.5;6;11359885277;B
20241030;100524;3777.5;5;11359885313;B
20241030;100524;3777.5;2;11359885319;B
20241030;100524;3778;3;11359885320;B
20241030;100524;3778;5;11359885399;B
20241030;100524;3778;5;11359885423;B
20241030;100525;3778.5;10;11359885530;B
20241030;100525;3778.5;1;11359885565;B
20241030;100525;3778.5;31;11359885568;B
20241030;100526;3778.5;6;11359885732;B
20241030;100526;3778.5;16;11359885788;B
20241030;100526;3778.5;9;11359885875;B
20241030;100526;3778.5;9;11359885904;B
20241030;100526;3778.5;37;11359885906;B
20241030;100526;3778.5;36;11359885907;B
20241030;100526;3778.5;61;11359885912;B
20241030;100526;3778.5;31;11359885913;B
20241030;100526;3778.5;14;11359885914;B
20241030;100526;3778.5;22;11359885915;B
20241030;100526;3779;15;11359885916;B
20241030;100526;3779.5;6;11359885918;B
20241030;100528;3779.5;16;11359886185;B
20241030;100528;3780;20;11359886186;B
20241030;100528;3780;11;11359886187;B
20241030;100528;3780;50;11359886188;B
20241030;100528;3780;1;11359886285;S
20241030;100529;3780.5;4;11359886420;B
20241030;100532;3780.5;1;11359887010;B
20241030;100534;3780;52;11359887258;S
20241030;100534;3780;24;11359887259;S
20241030;100534;3780;13;11359887260;S
20241030;100534;3779.5;11;11359887261;S
20241030;100536;3780.5;17;11359887658;B
20241030;100536;3781;10;11359887659;B
20241030;100536;3781.5;22;11359887660;B
20241030;100536;3781.5;15;11359887661;B
20241030;100536;3781.5;10;11359887662;B
20241030;100536;3782;15;11359887663;B
20241030;100536;3782.5;11;11359887664;B
20241030;100538;3780.5;1;11359887927;S
20241030;100542;3783;1;11359888534;B
20241030;100542;3781.5;15;11359888564;S
20241030;100542;3781.5;9;11359888565;S
20241030;100542;3781;15;11359888566;S
20241030;100542;3781;12;11359888567;S
20241030;100545;3782;1;11359889047;S
20241030;100545;3782.5;5;11359889059;B
20241030;100546;3782;8;11359889095;S
20241030;100546;3782.5;3;11359889191;B
20241030;100547;3782;8;11359889254;S
20241030;100547;3782;2;11359889354;S
20241030;100549;3783;49;11359889551;B
20241030;100549;3783;10;11359889552;B
20241030;100549;3783.5;22;11359889553;B
20241030;100549;3783.5;15;11359889554;B
20241030;100549;3783.5;4;11359889555;B
20241030;100549;3783.5;5;11359889628;B
20241030;100552;3784;20;11359890023;B
20241030;100552;3784;1;11359890024;B
20241030;100552;3784;18;11359890025;B
20241030;100552;3784;1;11359890026;B
20241030;100552;3784;10;11359890027;B
20241030;100553;3782.5;2;11359890144;S
20241030;100555;3784;3;11359890444;B
20241030;100555;3784;2;11359890445;B
20241030;100556;3784;23;11359890561;B
20241030;100556;3784.5;22;11359890562;B
20241030;100556;3784.5;1;11359890563;B
20241030;100556;3784.5;4;11359890564;B
20241030;100557;3784.5;8;11359890828;B
20241030;100558;3783;1;11359890948;S
20241030;100558;3783;15;11359890949;S
20241030;100558;3783;2;11359890950;S
20241030;100600;3784.5;1;11359891396;B
20241030;100602;3784;10;11359891914;B
20241030;100602;3783.5;1;11359892004;S
20241030;100603;3784;7;11359892044;B
20241030;100603;3784;10;11359892066;B
20241030;100604;3784;10;11359892287;B
20241030;100607;3784;1;11359892786;B
20241030;100607;3783.5;1;11359892823;S
20241030;100608;3783.5;5;11359893144;S
20241030;100609;3784;10;11359893265;B
20241030;100611;3784;15;11359893700;B
20241030;100611;3784;4;11359893701;B
20241030;100611;3784;2;11359893702;B
20241030;100611;3784;100;11359893703;B
20241030;100611;3784.5;14;11359893704;B
20241030;100611;3784.5;23;11359893705;B
20241030;100611;3784.5;100;11359893706;B
20241030;100611;3784.5;12;11359893707;B
20241030;100611;3785;25;11359893708;B
20241030;100611;3785;1;11359893709;B
20241030;100611;3785;15;11359893710;B
20241030;100611;3785;11;11359893711;B
20241030;100611;3785;24;11359893712;B
20241030;100611;3785.5;15;11359893713;B
20241030;100611;3785.5;1;11359893714;B
20241030;100611;3785.5;40;11359893715;B
20241030;100611;3785.5;10;11359893716;B
20241030;100611;3785.5;60;11359893717;B
20241030;100611;3785.5;60;11359893718;B
20241030;100611;3785.5;60;11359893719;B
20241030;100611;3786;20;11359893720;B
20241030;100611;3786;100;11359893721;B
20241030;100611;3786;15;11359893722;B
20241030;100611;3786;50;11359893723;B
20241030;100611;3786;30;11359893724;B
20241030;100611;3786;100;11359893725;B
20241030;100611;3786;40;11359893726;B
20241030;100611;3786.5;20;11359893727;B
20241030;100611;3786.5;15;11359893728;B
20241030;100611;3786.5;60;11359893729;B
20241030;100611;3786.5;240;11359893730;B
20241030;100611;3786.5;18;11359893731;B
20241030;100611;3784;12;11359893748;S
20241030;100611;3784;8;11359893749;S
20241030;100611;3784;1;11359893768;S
20241030;100611;3786;15;11359893776;B
20241030;100611;3786;23;11359893777;B
20241030;100611;3786.5;1;11359893778;B
20241030;100611;3786;14;11359893782;B
20241030;100611;3786;1;11359893786;B
20241030;100611;3786;19;11359893787;B
20241030;100611;3784.5;15;11359893800;S
20241030;100611;3784;16;11359893801;S
20241030;100612;3785.5;1;11359893966;S
20241030;100612;3785.5;1;11359894055;S
20241030;100612;3785.5;3;11359894064;S
20241030;100614;3784.5;9;11359894320;S
20241030;100614;3784;29;11359894321;S
20241030;100614;3784;15;11359894322;S
20241030;100614;3784;10;11359894323;S
20241030;100614;3784;13;11359894427;B
20241030;100615;3784;1;11359894524;B
20241030;100616;3783.5;10;11359894820;S
20241030;100616;3783.5;6;11359894831;S
20241030;100616;3783.5;4;11359894832;S
20241030;100616;3784;50;11359894833;B
20241030;100616;3784;3;11359894889;B
20241030;100617;3784;5;11359895063;B
20241030;100618;3784;1;11359895371;B
20241030;100618;3783.5;1;11359895426;S
20241030;100619;3783.5;12;11359895594;S
20241030;100619;3784;1;11359895623;B
20241030;100621;3784;40;11359895972;B
20241030;100621;3784;1;11359895980;B
20241030;100621;3784;1;11359896081;B
20241030;100624;3784;1;11359896604;B
20241030;100624;3783.5;6;11359896615;S
20241030;100624;3783.5;2;11359896616;S
20241030;100624;3783.5;22;11359896617;S
20241030;100624;3784;3;11359896622;B
20241030;100624;3784;1;11359896666;B
20241030;100625;3784;1;11359896783;B
20241030;100625;3784;9;11359896858;B
20241030;100626;3784;41;11359896901;B
20241030;100627;3784;15;11359897251;B
20241030;100628;3784;25;11359897472;B
20241030;100629;3784;25;11359897605;B
20241030;100629;3784.5;12;11359897606;B
20241030;100629;3785;51;11359897607;B
20241030;100629;3785;12;11359897608;B
20241030;100630;3784.5;5;11359898097;S
20241030;100630;3785;1;11359898160;B
20241030;100631;3785;41;11359898192;B
20241030;100633;3785;10;11359898574;B
20241030;100633;3784.5;1;11359898673;S
20241030;100634;3785;6;11359898846;B
20241030;100635;3785;1;11359899012;B
20241030;100635;3784.5;3;11359899053;S
20241030;100635;3785;1;11359899068;B
20241030;100635;3785;1;11359899077;B
20241030;100635;3785;20;11359899142;B
20241030;100636;3785;19;11359899157;B
20241030;100636;3785.5;13;11359899158;B
20241030;100636;3785.5;1;11359899159;B
20241030;100636;3786;2;11359899160;B
20241030;100636;3786;35;11359899161;B
20241030;100636;3786;13;11359899162;B
20241030;100636;3786;5;11359899163;B
20241030;100636;3786.5;72;11359899164;B
20241030;100636;3786.5;2;11359899218;B
20241030;100636;3787;1;11359899243;B
20241030;100636;3787;37;11359899244;B
20241030;100636;3787;7;11359899313;B
20241030;100636;3787;1;11359899326;B
20241030;100637;3787;2;11359899539;B
20241030;100637;3786.5;5;11359899543;S
20241030;100637;3787;2;11359899642;B
20241030;100637;3786.5;1;11359899675;S
20241030;100639;3787;2;11359900047;B
20241030;100640;3787;1;11359900204;B
20241030;100641;3787;60;11359900342;B
20241030;100641;3786.5;9;11359900376;S
20241030;100641;3786.5;36;11359900377;S
20241030;100641;3786.5;5;11359900378;S
20241030;100642;3786.5;11;11359900513;S
20241030;100642;3786.5;4;11359900648;S
20241030;100644;3786.5;46;11359900930;B
20241030;100644;3787;54;11359900931;B
20241030;100645;3786.5;3;11359901194;S
20241030;100646;3787;76;11359901325;B
20241030;100647;3787;200;11359901491;B
20241030;100647;3787;10;11359901514;B
20241030;100647;3786.5;13;11359901667;S
20241030;100648;3787;65;11359901776;B
20241030;100649;3787;28;11359901910;B
20241030;100649;3787;9;11359901911;B
20241030;100649;3787;63;11359901912;B
20241030;100649;3787;1;11359901981;B
20241030;100649;3787;2;11359901995;B
20241030;100650;3786.5;2;11359902121;S
20241030;100650;3786.5;45;11359902122;S
20241030;100650;3786.5;30;11359902123;S
20241030;100650;3786.5;39;11359902124;S
20241030;100650;3786.5;5;11359902125;S
20241030;100650;3786.5;5;11359902126;S
20241030;100650;3786.5;23;11359902127;S
20241030;100650;3786.5;18;11359902139;B
20241030;100650;3786.5;18;11359902140;B
20241030;100651;3786.5;1;11359902353;B
20241030;100651;3786;7;11359902397;S
20241030;100652;3786.5;112;11359902515;B
20241030;100652;3786.5;4;11359902525;B
20241030;100652;3786;1;11359902548;S
20241030;100653;3786.5;7;11359902844;B
20241030;100654;3786.5;1;11359902958;B
20241030;100654;3786.5;5;11359902959;B
20241030;100654;3786.5;5;11359902960;B
20241030;100654;3786.5;1;11359902962;B
20241030;100655;3786.5;2;11359903330;B
20241030;100656;3786.5;6;11359903441;B
20241030;100656;3786.5;1;11359903442;B
20241030;100656;3786.5;89;11359903453;B
20241030;100656;3786.5;1;11359903509;B
20241030;100657;3786.5;3;11359903672;B
20241030;100657;3786.5;3;11359903673;B
20241030;100659;3786.5;2;11359904089;B
20241030;100700;3786.5;5;11359904194;B
20241030;100700;3786.5;1;11359904218;B
20241030;100700;3786.5;2;11359904219;B
20241030;100701;3786.5;92;11359904370;B
20241030;100702;3786.5;150;11359904850;B
20241030;100702;3786.5;4;11359904851;B
20241030;100703;3786;5;11359905099;S
20241030;100703;3786.5;4;11359905100;B
20241030;100703;3786.5;3;11359905101;B
20241030;100704;3786;2;11359905206;S
20241030;100704;3786;23;11359905207;S
20241030;100704;3786;25;11359905208;S
20241030;100704;3786;11;11359905283;S
20241030;100705;3786.5;6;11359905415;B
20241030;100705;3786.5;1;11359905416;B
20241030;100705;3786.5;3;11359905477;B
20241030;100706;3786.5;33;11359905508;B
20241030;100706;3786.5;18;11359905510;B
20241030;100706;3786.5;3;11359905511;B
20241030;100706;3786.5;1;11359905512;B
20241030;100706;3787;1;11359905514;B
20241030;100706;3787;33;11359905518;B
20241030;100707;3787;106;11359905893;B
20241030;100710;3786.5;15;11359906401;S
20241030;100710;3786.5;23;11359906402;S
20241030;100710;3786.5;2;11359906403;S
20241030;100710;3787;214;11359906482;B
20241030;100710;3787;2;11359906483;B
20241030;100710;3787;3;11359906484;B
20241030;100711;3787;75;11359906556;B
20241030;100711;3787;9;11359906557;B
20241030;100711;3787;1;11359906714;B
20241030;100711;3787;2;11359906715;B
20241030;100713;3786.5;2;11359907012;S
20241030;100713;3787;38;11359907087;B
20241030;100713;3787;1;11359907088;B
20241030;100713;3787.5;10;11359907089;B
20241030;100713;3788;16;11359907090;B
20241030;100713;3788;14;11359907092;B
20241030;100713;3788;11;11359907093;B
20241030;100714;3788;5;11359907237;B
20241030;100714;3788;1;11359907253;B
20241030;100714;3788;1;11359907254;B
20241030;100714;3788;1;11359907255;B
20241030;100714;3787.5;8;11359907370;S
20241030;100716;3788;80;11359907575;B
20241030;100716;3787.5;15;11359907624;S
20241030;100716;3787.5;27;11359907625;S
20241030;100716;3787.5;8;11359907626;S
20241030;100716;3788;1;11359907655;B
20241030;100716;3788;1;11359907656;B
20241030;100717;3788;1;11359907882;B
20241030;100717;3788;1;11359907883;B
20241030;100718;3788;3;11359908050;B
20241030;100719;3787.5;1;11359908195;S
20241030;100720;3787.5;39;11359908337;S
20241030;100720;3787.5;15;11359908338;S
20241030;100720;3787.5;36;11359908339;S
20241030;100720;3787.5;11;11359908340;S
20241030;100720;3787;15;11359908341;S
20241030;100720;3787;36;11359908342;S
20241030;100720;3787;63;11359908343;S
20241030;100720;3787;23;11359908344;S
20241030;100720;3786.5;23;11359908345;S
20241030;100720;3786.5;15;11359908346;S
20241030;100720;3786.5;30;11359908347;S
20241030;100720;3786;10;11359908348;S
20241030;100720;3786;15;11359908349;S
20241030;100720;3786;1;11359908350;S
20241030;100720;3786;75;11359908351;S
20241030;100720;3786;16;11359908360;B
20241030;100720;3786;16;11359908361;B
20241030;100720;3786;11;11359908362;B
20241030;100720;3786;4;11359908380;B
20241030;100721;3786;8;11359908876;B
20241030;100722;3785.5;10;11359908961;S
20241030;100722;3786;3;11359909011;B
20241030;100723;3786;2;11359909190;B
20241030;100723;3786;2;11359909191;B
20241030;100723;3786;3;11359909240;B
20241030;100723;3786;1;11359909258;B
20241030;100723;3786;9;11359909294;B
20241030;100724;3786;1;11359909377;B
20241030;100724;3786;112;11359909415;B
20241030;100726;3786;1;11359909718;B
20241030;100726;3786;2;11359909719;B
20241030;100726;3785.5;5;11359909784;S
20241030;100726;3786;1000;11359909802;B
20241030;100726;3786;8;11359909804;B
20241030;100726;3786;5;11359909899;B
20241030;100726;3786;1;11359909900;B
20241030;100728;3787.5;1;11359910223;B
20241030;100729;3787.5;1;11359910451;B
20241030;100729;3787.5;1;11359910482;B
20241030;100729;3787.5;1;11359910483;B
20241030;100731;3787.5;20;11359911110;B
20241030;100731;3787;15;11359911209;S
20241030;100731;3787;30;11359911210;S
20241030;100731;3787;40;11359911211;S
20241030;100731;3787;22;11359911212;S
20241030;100733;3787;31;11359911674;S
20241030;100733;3787;69;11359911675;S
20241030;100733;3787;15;11359911676;S
20241030;100733;3787;30;11359911677;S
20241030;100733;3786.5;32;11359911678;S
20241030;100733;3786.5;15;11359911679;S
20241030;100733;3786.5;40;11359911680;S
20241030;100733;3786.5;23;11359911681;S
20241030;100733;3786.5;116;11359911682;S
20241030;100733;3786;15;11359911683;S
20241030;100733;3786;98;11359911684;S
20241030;100733;3786;16;11359911685;S
20241030;100734;3787;1;11359911892;S
20241030;100734;3787;4;11359911920;S
20241030;100735;3785.5;5;11359912177;S
20241030;100735;3785.5;50;11359912229;S
20241030;100735;3785.5;23;11359912367;S
20241030;100737;3786;4;11359912866;B
20241030;100738;3785;50;11359912966;S
20241030;100738;3785.5;46;11359912984;B
20241030;100738;3786;4;11359912985;B
20241030;100742;3785.5;6;11359914037;B
20241030;100745;3785.5;50;11359914639;B
20241030;100745;3785.5;5;11359914693;B
20241030;100746;3785.5;1;11359914766;B
20241030;100746;3785.5;44;11359914767;B
20241030;100746;3785.5;6;11359914768;B
20241030;100746;3786;5;11359914769;B
20241030;100746;3786;4;11359914770;B
20241030;100746;3786;1;11359914797;B
20241030;100746;3787;11;11359914798;B
20241030;100746;3787.5;8;11359914799;B
20241030;100750;3787;1;11359915608;B
20241030;100752;3787;4;11359915884;B
20241030;100752;3787;23;11359915885;B
20241030;100752;3787;11;11359915984;B
20241030;100757;3786;19;11359917087;S
20241030;100757;3786;4;11359917088;S
20241030;100757;3786;53;11359917089;S
20241030;100757;3786;30;11359917090;S
20241030;100757;3785.5;19;11359917091;S
20241030;100757;3785.5;54;11359917092;S
20241030;100757;3785.5;17;11359917093;S
20241030;100759;3786.5;1;11359917395;B
20241030;100759;3785.5;13;11359917506;S
20241030;100759;3785.5;61;11359917507;S
20241030;100759;3785.5;9;11359917508;S
20241030;100759;3785.5;18;11359917509;S
20241030;100759;3785.5;30;11359917510;S
20241030;100759;3785;49;11359917511;S
20241030;100800;3786.5;10;11359917624;B
20241030;100800;3786.5;4;11359917649;B
20241030;100800;3786.5;11;11359917650;B
20241030;100800;3786.5;1;11359917694;B
20241030;100802;3786;1;11359917941;B
20241030;100806;3786;1;11359918683;B
20241030;100807;3785.5;54;11359918880;S
20241030;100807;3785.5;15;11359918881;S
20241030;100807;3785.5;6;11359918882;S
20241030;100807;3786;14;11359918908;B
20241030;100807;3786;5;11359918945;B
20241030;100808;3786;10;11359919056;B
20241030;100812;3785.5;1;11359919952;S
20241030;100814;3786;5;11359920295;B
20241030;100815;3785.5;7;11359920359;S
20241030;100815;3785.5;1;11359920435;S
20241030;100815;3785.5;10;11359920527;S
20241030;100818;3786;1;11359920901;B
20241030;100819;3785.5;22;11359920992;S
20241030;100819;3785.5;3;11359920993;S
20241030;100819;3785.5;2;11359921014;S
20241030;100819;3785;1;11359921015;S
20241030;100819;3785;12;11359921016;S
20241030;100819;3785;10;11359921017;S
20241030;100819;3785;2;11359921018;S
20241030;100819;3785;5;11359921019;S
20241030;100819;3785;10;11359921020;S
20241030;100819;3785;30;11359921021;S
20241030;100819;3785;1;11359921022;S
20241030;100819;3785;77;11359921023;S
20241030;100819;3785;4;11359921092;S
20241030;100819;3785;9;11359921118;S
20241030;100819;3785;9;11359921119;S
20241030;100819;3785;8;11359921122;S
20241030;100819;3785;8;11359921140;S
20241030;100819;3785;25;11359921141;S
20241030;100819;3785;15;11359921142;S
20241030;100819;3784;1;11359921143;S
20241030;100819;3784;1;11359921144;S
20241030;100819;3784;1;11359921145;B
20241030;100819;3783.5;1;11359921146;S
20241030;100819;3783.5;7;11359921147;S
20241030;100820;3783.5;1;11359921161;S
20241030;100820;3783.5;2;11359921168;S
20241030;100820;3783.5;1;11359921198;S
20241030;100820;3783.5;1;11359921199;S
20241030;100820;3783.5;1;11359921202;S
20241030;100820;3783.5;26;11359921222;S
20241030;100820;3783.5;16;11359921223;S
20241030;100820;3783;23;11359921224;S
20241030;100820;3783;13;11359921225;S
20241030;100820;3783;32;11359921226;S
20241030;100821;3782.5;1;11359921333;S
20241030;100821;3782.5;5;11359921334;S
20241030;100821;3782.5;50;11359921335;S
20241030;100821;3782.5;23;11359921336;S
20241030;100821;3782.5;41;11359921337;S
20241030;100821;3782;1;11359921338;S
20241030;100821;3782;79;11359921339;S
20241030;100821;3783;1;11359921450;B
20241030;100821;3784;1;11359921520;B
20241030;100823;3784;8;11359921706;B
20241030;100823;3784;1;11359921753;B
20241030;100823;3784;5;11359921793;B
20241030;100823;3784;8;11359921794;B
20241030;100823;3784.5;7;11359921795;B
20241030;100824;3784.5;5;11359921949;B
20241030;100824;3782.5;2;11359921967;S
20241030;100824;3782.5;13;11359921972;S
20241030;100824;3782.5;23;11359921973;S
20241030;100824;3782;21;11359921974;S
20241030;100824;3782;22;11359921975;S
20241030;100824;3782;15;11359921976;S
20241030;100824;3782;8;11359921977;S
20241030;100824;3782;18;11359921978;S
20241030;100825;3784.5;2;11359921999;B
20241030;100825;3782;1;11359922104;S
20241030;100827;3782;23;11359922320;S
20241030;100827;3782;2;11359922321;S
20241030;100827;3784.5;2;11359922351;B
20241030;100827;3784.5;1;11359922426;B
20241030;100827;3784.5;10;11359922428;B
20241030;100827;3784.5;9;11359922429;B
20241030;100827;3785;1;11359922430;B
20241030;100829;3785;11;11359922692;B
20241030;100833;3784;39;11359923375;B
20241030;100833;3784;1;11359923465;B
20241030;100835;3784;1;11359923591;S
20241030;100836;3784.5;3;11359923839;B
20241030;100836;3785;7;11359923840;B
20241030;100837;3785.5;1;11359923933;B
20241030;100838;3785;20;11359924033;S
20241030;100838;3784.5;39;11359924034;S
20241030;100838;3784.5;15;11359924035;S
20241030;100838;3784.5;12;11359924036;S
20241030;100838;3784;14;11359924037;S
20241030;100838;3784;31;11359924038;S
20241030;100838;3784;10;11359924039;S
20241030;100838;3783.5;34;11359924040;S
20241030;100838;3783.5;15;11359924041;S
20241030;100838;3783;10;11359924042;S
20241030;100843;3783.5;1;11359925073;S
20241030;100843;3784;2;11359925199;B
20241030;100845;3783.5;3;11359925494;S
20241030;100846;3784;1;11359925586;B
20241030;100850;3783.5;1;11359926172;S
20241030;100850;3784;4;11359926180;B
20241030;100852;3783.5;10;11359926748;S
20241030;100852;3783.5;25;11359926749;S
20241030;100854;3783.5;3;11359927134;B
20241030;100854;3783.5;9;11359927183;B
20241030;100854;3783.5;15;11359927184;B
20241030;100854;3783.5;64;11359927185;B
20241030;100854;3783.5;1;11359927186;B
20241030;100854;3783.5;2;11359927188;S
20241030;100856;3784;2;11359927531;B
20241030;100856;3784;5;11359927532;B
20241030;100856;3784.5;15;11359927533;B
20241030;100856;3784.5;10;11359927534;B
20241030;100856;3785;15;11359927535;B
20241030;100856;3785;250;11359927536;B
20241030;100856;3785;20;11359927537;B
20241030;100856;3785;1;11359927538;S
20241030;100856;3785;2;11359927539;S
20241030;100856;3785.5;1;11359927588;B
20241030;100858;3785;69;11359928040;S
20241030;100858;3785.5;20;11359928111;B
20241030;100858;3785.5;1;11359928196;B
20241030;100900;3785.5;2;11359928415;B
20241030;100900;3785;11;11359928440;S
20241030;100900;3784.5;40;11359928441;S
20241030;100900;3784;49;11359928442;S
20241030;100900;3785;1;11359928455;B
20241030;100900;3785;10;11359928484;B
20241030;100901;3785;1;11359928671;B
20241030;100902;3784.5;40;11359928824;S
20241030;100902;3784.5;35;11359928825;S
20241030;100902;3784.5;60;11359928826;S
20241030;100902;3784;11;11359928827;S
20241030;100902;3784;40;11359928828;S
20241030;100902;3784;1;11359928829;S
20241030;100902;3784;13;11359928830;S
20241030;100904;3784.5;10;11359929259;B
20241030;100907;3784;60;11359929852;S
20241030;100907;3784;1;11359929853;S
20241030;100907;3784;35;11359929854;S
20241030;100907;3784;1;11359929855;S
20241030;100907;3784;60;11359929856;S
20241030;100907;3784;4;11359929893;B
20241030;100907;3783.5;118;11359929918;S
20241030;100907;3784;11;11359929943;B
20241030;100907;3784.5;10;11359929944;B
20241030;100908;3784;36;11359930009;B
20241030;100908;3784;15;11359930010;B
20241030;100908;3784;32;11359930011;B
20241030;100910;3784.5;5;11359930466;B
20241030;100910;3784.5;4;11359930467;B
20241030;100910;3784.5;16;11359930468;B
20241030;100911;3784;193;11359930843;S
20241030;100911;3784;34;11359930844;S
20241030;100912;3784;50;11359930972;B
20241030;100912;3784;15;11359930973;B
20241030;100912;3784;11;11359930974;B
20241030;100912;3784;74;11359930975;B
20241030;100915;3784;1;11359931514;B
20241030;100915;3784;5;11359931594;B
20241030;100915;3784;1;11359931602;B
20241030;100916;3783.5;1;11359931709;S
20241030;100916;3784;5;11359931805;B
20241030;100918;3784;1;11359932149;B
20241030;100918;3784;2;11359932197;B
20241030;100918;3783.5;1;11359932204;S
20241030;100918;3784;4;11359932269;B
20241030;100918;3784;44;11359932338;B
20241030;100919;3784;1;11359932420;B
20241030;100920;3784;159;11359932570;B
20241030;100920;3784;5;11359932571;B
20241030;100920;3784;55;11359932572;B
20241030;100920;3784;2;11359932573;B
20241030;100920;3784.5;55;11359932574;B
20241030;100920;3784.5;4;11359932575;B
20241030;100920;3785;3;11359932576;B
20241030;100920;3785;54;11359932577;B
20241030;100920;3785;5;11359932578;B
20241030;100920;3785;100;11359932579;B
20241030;100920;3785;7;11359932580;B
20241030;100920;3785;12;11359932581;B
20241030;100920;3785;8;11359932582;S
20241030;100920;3785;8;11359932583;S
20241030;100920;3785;23;11359932584;S
20241030;100920;3785.5;1;11359932663;B
20241030;100920;3785;100;11359932713;S
20241030;100920;3785.5;8;11359932737;B
20241030;100921;3785;10;11359932848;S
20241030;100921;3785;72;11359932849;S
20241030;100921;3785.5;1;11359932892;B
20241030;100922;3785.5;5;11359933058;B
20241030;100922;3785.5;1;11359933204;B
20241030;100922;3785.5;3;11359933205;B
20241030;100926;3785.5;1;11359933882;B
20241030;100928;3785;8;11359934197;S
20241030;100928;3785;152;11359934198;S
20241030;100928;3785.5;25;11359934346;B
20241030;100928;3785.5;3;11359934347;B
20241030;100929;3785;49;11359934367;S
20241030;100929;3785;2;11359934487;S
20241030;100930;3785.5;15;11359934668;B
20241030;100930;3785.5;9;11359934669;B
20241030;100931;3785;1;11359934803;S
20241030;100934;3785;106;11359935318;S
20241030;100934;3785;48;11359935319;S
20241030;100934;3785;60;11359935320;S
20241030;100934;3785;3;11359935321;S
20241030;100934;3784.5;3;11359935322;S
20241030;100934;3785;7;11359935334;B
20241030;100935;3785;7;11359935463;B
20241030;100935;3784.5;80;11359935475;S
20241030;100935;3784.5;5;11359935476;S
20241030;100935;3784.5;60;11359935477;S
20241030;100935;3784;60;11359935478;S
20241030;100935;3784;112;11359935479;S
20241030;100935;3784;2;11359935480;S
20241030;100935;3784;17;11359935481;S
20241030;100935;3784;7;11359935482;S
20241030;100935;3784;20;11359935483;S
20241030;100935;3784;30;11359935484;S
20241030;100935;3784;25;11359935485;S
20241030;100935;3783.5;82;11359935486;S
20241030;100936;3784;60;11359935654;S
20241030;100936;3784;30;11359935655;S
20241030;100936;3784;10;11359935656;S
20241030;100936;3784;37;11359935683;S
20241030;100936;3783.5;63;11359935684;S
20241030;100936;3784;3;11359935798;B
20241030;100937;3784;2;11359935818;B
20241030;100937;3783.5;3;11359935907;S
20241030;100941;3784;10;11359936466;B
20241030;100941;3784;3;11359936467;B
20241030;100941;3784;51;11359936590;B
20241030;100941;3784;15;11359936591;B
20241030;100942;3784.5;1;11359936667;B
20241030;100942;3784.5;15;11359936668;B
20241030;100942;3784.5;1;11359936669;B
20241030;100942;3784.5;170;11359936670;B
20241030;100942;3784;34;11359936680;S
20241030;100942;3784;30;11359936681;S
20241030;100942;3783.5;136;11359936682;S
20241030;100942;3783.5;2;11359936767;S
20241030;100942;3783.5;500;11359936916;S
20241030;100942;3783.5;3;11359936917;S
20241030;100942;3783.5;17;11359936918;S
20241030;100942;3783.5;2;11359936919;S
20241030;100942;3783.5;500;11359936920;S
20241030;100942;3783.5;52;11359936922;S
20241030;100942;3783.5;8;11359936923;S
20241030;100942;3783.5;6;11359936924;S
20241030;100942;3783.5;30;11359936925;S
20241030;100944;3783.5;10;11359937139;B
20241030;100945;3783.5;1;11359937526;B
20241030;100948;3783.5;1;11359938216;B
20241030;100948;3783.5;1;11359938218;B
20241030;100948;3783;1;11359938308;S
20241030;100948;3783;50;11359938309;S
20241030;100949;3783.5;2;11359938480;B
20241030;100949;3783.5;8;11359938481;B
20241030;100949;3783;3;11359938613;S
20241030;100950;3783.5;10;11359938696;B
20241030;100950;3783.5;2;11359938732;B
20241030;100950;3783.5;15;11359938733;B
20241030;100950;3784;1;11359938768;B
20241030;100950;3784;100;11359938769;B
20241030;100950;3784.5;15;11359938770;B
20241030;100950;3784.5;23;11359938771;B
20241030;100950;3785;15;11359938772;B
20241030;100950;3785;25;11359938773;B
20241030;100950;3785;54;11359938774;B
20241030;100950;3785;4;11359938775;B
20241030;100951;3785.5;2;11359938874;S
20241030;100951;3785.5;2;11359938926;S
20241030;100953;3785;100;11359939347;S
20241030;100953;3785.5;4;11359939381;B
20241030;100953;3785;1;11359939382;S
20241030;100954;3785.5;50;11359939557;B
20241030;100955;3785.5;1;11359939847;S
20241030;100955;3786;1;11359939862;B
20241030;101000;3786;30;11359941011;B
20241030;101000;3785.5;1;11359941092;S
20241030;101002;3786;1;11359941476;B
20241030;101003;3785.5;5;11359941768;S
20241030;101005;3785.5;5;11359942242;S
20241030;101006;3786;2;11359942326;B
20241030;101006;3785.5;52;11359942456;S
20241030;101006;3785.5;8;11359942457;S
20241030;101008;3786;5;11359942833;B
20241030;101009;3785.5;3;11359942936;S
20241030;101009;3785.5;1;11359942939;S
20241030;101009;3785.5;42;11359942945;S
20241030;101009;3785.5;88;11359942946;S
20241030;101009;3785.5;5;11359942995;S
20241030;101011;3786;5;11359943284;B
20241030;101012;3786;100;11359943421;B
20241030;101012;3786;50;11359943450;B
20241030;101012;3786;20;11359943451;B
20241030;101012;3786;30;11359943452;B
20241030;101015;3786.5;1;11359944051;B
20241030;101015;3786.5;3;11359944052;B
20241030;101017;3786.5;2;11359944318;S
20241030;101020;3786.5;79;11359944859;S
20241030;101022;3787;65;11359945272;B
20241030;101024;3787;6;11359945552;B
20241030;101028;3787;29;11359946404;B
20241030;101028;3787;16;11359946405;B
20241030;101028;3787;28;11359946406;B
20241030;101028;3787;2;11359946407;B
20241030;101028;3787;1;11359946408;B
20241030;101028;3787;2;11359946409;B
20241030;101028;3787;30;11359946410;B
20241030;101028;3787.5;2;11359946411;B
20241030;101028;3787.5;1;11359946412;B
20241030;101028;3787.5;49;11359946413;B
20241030;101028;3787.5;100;11359946414;B
20241030;101028;3788;2;11359946415;B
20241030;101028;3788;20;11359946416;B
20241030;101028;3788;10;11359946417;B
20241030;101028;3788;1;11359946418;B
20241030;101028;3788;2;11359946419;B
20241030;101028;3788;25;11359946420;B
20241030;101028;3788;2;11359946421;B
20241030;101028;3788;7;11359946422;B
20241030;101028;3788;90;11359946423;B
20241030;101028;3788;15;11359946424;B
20241030;101028;3788;22;11359946425;B
20241030;101028;3788;23;11359946426;B
20241030;101028;3788.5;30;11359946431;B
20241030;101028;3788.5;5;11359946432;B
20241030;101028;3788.5;1;11359946433;B
20241030;101028;3788.5;2;11359946434;B
20241030;101028;3788.5;10;11359946435;B
20241030;101028;3788.5;10;11359946436;B
20241030;101028;3788.5;1;11359946437;B
20241030;101028;3788.5;18;11359946438;B
20241030;101028;3788.5;23;11359946439;B
20241030;101028;3789;1;11359946440;B
20241030;101028;3789;1;11359946441;B
20241030;101028;3789;10;11359946442;B
20241030;101028;3789;1;11359946443;B
20241030;101028;3789;10;11359946444;B
20241030;101028;3789;132;11359946445;B
20241030;101028;3789;2;11359946446;B
20241030;101029;3788.5;1;11359946560;B
20241030;101031;3787.5;64;11359946923;S
20241030;101031;3788;1;11359946924;B
20241030;101034;3789;8;11359947377;B
20241030;101034;3789;22;11359947378;B
20241030;101035;3788.5;15;11359947592;S
20241030;101035;3788.5;8;11359947593;S
20241030;101037;3789;28;11359947798;B
20241030;101037;3789.5;1;11359947799;B
20241030;101037;3789.5;5;11359947800;B
20241030;101037;3789.5;1;11359947801;B
20241030;101040;3789;20;11359948231;S
20241030;101040;3789;5;11359948232;S
20241030;101040;3789;5;11359948233;S
20241030;101040;3788.5;20;11359948234;S
20241030;101040;3789.5;1;11359948325;B
20241030;101040;3789.5;5;11359948326;B
20241030;101045;3789;2;11359949067;S
20241030;101047;3789.5;35;11359949268;B
20241030;101047;3789.5;150;11359949269;B
20241030;101047;3789.5;1;11359949270;B
20241030;101047;3789.5;200;11359949271;B
20241030;101047;3789.5;2;11359949272;B
20241030;101047;3789.5;51;11359949273;B
20241030;101047;3789.5;5;11359949274;B
20241030;101047;3789.5;15;11359949275;B
20241030;101047;3789.5;41;11359949276;B
20241030;101047;3790;1;11359949277;B
20241030;101047;3790;1;11359949278;B
20241030;101047;3790;2;11359949279;B
20241030;101047;3790;46;11359949280;B
20241030;101047;3789;10;11359949364;S
20241030;101048;3790;3;11359949429;B
20241030;101048;3790;100;11359949430;B
20241030;101049;3790;1000;11359949638;B
20241030;101049;3790;220;11359949639;B
20241030;101049;3790;160;11359949640;B
20241030;101049;3790;12;11359949641;B
20241030;101049;3790;620;11359949642;B
20241030;101049;3790;401;11359949643;B
20241030;101049;3790;70;11359949644;B
20241030;101049;3790;224;11359949645;B
20241030;101049;3790;42;11359949646;B
20241030;101049;3790;43;11359949647;B
20241030;101049;3790;6;11359949648;B
20241030;101049;3789.5;1;11359949650;S
20241030;101049;3789.5;7;11359949673;S
20241030;101049;3790;10;11359949679;B
20241030;101049;3790;32;11359949724;B
20241030;101049;3790;18;11359949725;B
20241030;101050;3790;16;11359949752;B
20241030;101050;3790;1;11359949753;B
20241030;101050;3790;2;11359949754;B
20241030;101050;3790;1;11359949755;B
20241030;101050;3790;9;11359949766;B
20241030;101050;3790;791;11359949767;B
20241030;101050;3789.5;5;11359949823;S
20241030;101050;3790;10;11359949826;B
20241030;101050;3790;40;11359949855;B
20241030;101050;3790;80;11359949881;B
20241030;101050;3789.5;30;11359949885;S
20241030;101050;3790;20;11359949896;B
20241030;101051;3790;25;11359949970;B
20241030;101051;3790;10;11359949979;B
20241030;101051;3790;40;11359950018;B
20241030;101051;3790;5;11359950023;B
20241030;101051;3790;1;11359950024;B
20241030;101051;3790;20;11359950032;B
20241030;101052;3790;5;11359950151;B
20241030;101052;3789.5;28;11359950154;S
20241030;101053;3790;50;11359950294;B
20241030;101055;3790;3;11359950614;B
20241030;101057;3789.5;2;11359951009;S
20241030;101059;3790;50;11359951292;B
20241030;101100;3789.5;10;11359951415;S
20241030;101101;3790;162;11359951544;B
20241030;101101;3790;77;11359951545;B
20241030;101101;3790;5;11359951546;B
20241030;101101;3790;28;11359951547;B
20241030;101101;3790;71;11359951548;B
20241030;101101;3790;1;11359951549;B
20241030;101101;3790;1;11359951550;B
20241030;101101;3790;7;11359951551;B
20241030;101101;3790;30;11359951552;B
20241030;101101;3790;1;11359951553;B
20241030;101101;3790;50;11359951554;B
20241030;101101;3790;1;11359951555;B
20241030;101101;3791;3;11359951556;S
20241030;101101;3791.5;10;11359951557;B
20241030;101101;3791.5;1;11359951558;B
20241030;101101;3792;39;11359951559;B
20241030;101101;3792;1;11359951566;B
20241030;101101;3792;1;11359951567;B
20241030;101101;3792;1;11359951568;B
20241030;101101;3792;5;11359951569;B
20241030;101101;3792;5;11359951573;B
20241030;101101;3792;2;11359951574;B
20241030;101101;3792;1;11359951577;B
20241030;101101;3792;1;11359951578;B
20241030;101101;3792;6;11359951579;B
20241030;101101;3791.5;50;11359951581;S
20241030;101101;3791.5;10;11359951582;S
20241030;101101;3791.5;10;11359951583;S
20241030;101101;3791.5;8;11359951590;S
20241030;101101;3791.5;2;11359951591;S
20241030;101101;3792;24;11359951631;B
20241030;101101;3792;400;11359951632;B
20241030;101101;3792.5;80;11359951633;B
20241030;101101;3792.5;30;11359951634;B
20241030;101101;3793;2;11359951635;B
20241030;101101;3793;10;11359951636;B
20241030;101101;3793;3;11359951637;B
20241030;101101;3793;80;11359951638;B
20241030;101101;3793;15;11359951639;B
20241030;101101;3793.5;6;11359951640;B
20241030;101101;3794;1;11359951644;B
20241030;101101;3794;1;11359951645;B
20241030;101101;3794;2;11359951646;B
20241030;101101;3794;1;11359951647;B
20241030;101101;3794;2;11359951678;B
20241030;101102;3793.5;4;11359951720;S
20241030;101102;3794;24;11359951734;B
20241030;101102;3794;5;11359951735;B
20241030;101102;3794;5;11359951772;B
20241030;101102;3793.5;56;11359951773;S
20241030;101102;3793.5;8;11359951774;S
20241030;101102;3794;50;11359951781;B
20241030;101102;3794;6;11359951782;B
20241030;101102;3793.5;10;11359951801;S
20241030;101102;3793.5;5;11359951803;S
20241030;101102;3794;34;11359951910;B
20241030;101102;3794;1;11359951911;B
20241030;101102;3794;1;11359951912;B
20241030;101102;3794;1;11359951913;B
20241030;101102;3794.5;1;11359951914;B
20241030;101102;3794.5;12;11359951915;B
20241030;101104;3794;1;11359952128;S
20241030;101108;3794.5;6;11359952766;B
20241030;101109;3794;1;11359952929;S
20241030;101109;3794;1;11359952930;S
20241030;101109;3794;8;11359952931;S
20241030;101110;3794.5;1;11359953076;B
20241030;101111;3794.5;2;11359953168;B
20241030;101111;3794;20;11359953272;S
20241030;101114;3794;44;11359953558;S
20241030;101114;3794;9;11359953559;S
20241030;101114;3794;1;11359953560;S
20241030;101114;3794;4;11359953561;S
20241030;101114;3794;60;11359953562;S
20241030;101114;3794;60;11359953563;S
20241030;101114;3794;9;11359953564;S
20241030;101114;3794;51;11359953565;S
20241030;101114;3794;1;11359953566;S
20241030;101114;3794;60;11359953567;S
20241030;101114;3793.5;37;11359953568;S
20241030;101114;3793.5;135;11359953569;S
20241030;101114;3793.5;60;11359953570;S
20241030;101114;3793;225;11359953571;S
20241030;101114;3793.5;6;11359953598;S
20241030;101114;3793.5;54;11359953619;S
20241030;101115;3793;400;11359953660;S
20241030;101115;3793;231;11359953661;S
20241030;101115;3793;114;11359953662;S
20241030;101115;3793;43;11359953663;S
20241030;101115;3793;10;11359953705;S
20241030;101115;3793;22;11359953706;S
20241030;101115;3792.5;78;11359953707;S
20241030;101115;3792.5;88;11359953708;S
20241030;101115;3792.5;5;11359953728;S
20241030;101116;3792.5;72;11359953801;S
20241030;101116;3792;5;11359953834;S
20241030;101117;3792;5;11359953905;S
20241030;101117;3792;25;11359953919;S
20241030;101117;3792;5;11359953943;S
20241030;101118;3792;20;11359954032;S
20241030;101120;3792.5;1;11359954393;B
20241030;101120;3792.5;427;11359954403;B
20241030;101120;3792.5;30;11359954404;B
20241030;101120;3792.5;62;11359954405;B
20241030;101120;3792.5;15;11359954406;B
20241030;101120;3792.5;98;11359954407;B
20241030;101120;3792.5;13;11359954408;B
20241030;101120;3792.5;26;11359954409;B
20241030;101120;3792.5;40;11359954410;B
20241030;101120;3792.5;2;11359954411;B
20241030;101120;3792.5;2;11359954412;B
20241030;101120;3793;15;11359954413;B
20241030;101120;3793;62;11359954414;B
20241030;101120;3793;81;11359954415;B
20241030;101120;3793.5;15;11359954416;B
20241030;101120;3793.5;5;11359954417;B
20241030;101120;3794;15;11359954418;B
20241030;101120;3794;26;11359954419;B
20241030;101120;3794;20;11359954420;B
20241030;101120;3794;1;11359954421;B
20241030;101120;3794;23;11359954422;B
20241030;101120;3794.5;1;11359954423;B
20241030;101120;3794.5;5;11359954424;B
20241030;101120;3794.5;1;11359954425;B
20241030;101120;3794.5;15;11359954426;B
20241030;101120;3792;15;11359954430;S
20241030;101120;3792;129;11359954431;S
20241030;101121;3790.5;10;11359954460;B
20241030;101121;3790.5;5;11359954461;B
20241030;101121;3791;4;11359954462;B
20241030;101121;3790.5;15;11359954465;B
20241030;101121;3791;50;11359954466;B
20241030;101121;3791;15;11359954467;B
20241030;101121;3791.5;1;11359954468;B
20241030;101121;3791.5;41;11359954469;B
20241030;101121;3791.5;13;11359954470;B
20241030;101121;3791.5;2;11359954478;S
20241030;101121;3791.5;5;11359954479;S
20241030;101121;3792;38;11359954546;B
20241030;101121;3792;1;11359954547;B
20241030;101121;3792.5;61;11359954559;S
20241030;101121;3792;39;11359954560;S
20241030;101121;3791.5;7;11359954574;S
20241030;101121;3791.5;45;11359954575;S
20241030;101121;3791.5;14;11359954576;S
20241030;101121;3791.5;15;11359954577;S
20241030;101121;3791.5;65;11359954578;S
20241030;101121;3791;54;11359954579;S
20241030;101122;3793.5;1;11359954847;B
20241030;101122;3793.5;53;11359954872;B
20241030;101122;3794;54;11359954873;B
20241030;101122;3794;23;11359954874;B
20241030;101122;3794;10;11359954875;B
20241030;101122;3794;10;11359954899;S
20241030;101123;3794.5;1;11359955128;B
20241030;101125;3794;50;11359955567;S
20241030;101125;3794;25;11359955604;S
20241030;101125;3794;3;11359955621;S
20241030;101126;3794.5;14;11359955678;B
20241030;101126;3794.5;1;11359955679;B
20241030;101126;3794.5;20;11359955680;B
20241030;101126;3794.5;54;11359955681;B
20241030;101126;3794.5;30;11359955682;B
20241030;101126;3794.5;1;11359955683;B
20241030;101126;3794.5;1;11359955684;B
20241030;101126;3794.5;15;11359955685;B
20241030;101126;3794;50;11359955732;S
20241030;101127;3794;277;11359955980;S
20241030;101127;3794;81;11359955981;S
20241030;101127;3793.5;136;11359955982;S
20241030;101127;3793.5;15;11359955983;S
20241030;101127;3793.5;1;11359955984;S
20241030;101127;3793.5;1;11359955985;S
20241030;101127;3793.5;1;11359955986;S
20241030;101127;3793.5;7;11359955987;S
20241030;101127;3793;15;11359955988;S
20241030;101127;3793;190;11359955989;S
20241030;101127;3792.5;1;11359955990;S
20241030;101127;3792.5;15;11359955991;S
20241030;101127;3792.5;30;11359955992;S
20241030;101127;3792.5;244;11359955993;S
20241030;101127;3792;15;11359955994;S
20241030;101127;3792;40;11359955995;S
20241030;101127;3792;299;11359955996;S
20241030;101127;3791.5;15;11359955997;S
20241030;101127;3791.5;40;11359955998;S
20241030;101127;3791.5;23;11359955999;S
20241030;101127;3791.5;15;11359956005;B
20241030;101128;3791.5;2;11359956153;S
20241030;101128;3792;1;11359956160;B
20241030;101129;3791.5;1;11359956166;S
20241030;101130;3792;13;11359956324;B
20241030;101130;3791.5;36;11359956352;S
20241030;101131;3790.5;18;11359956448;B
20241030;101131;3790.5;20;11359956449;B
20241030;101131;3791;39;11359956450;B
20241030;101131;3790.5;12;11359956488;S
20241030;101132;3791;19;11359956714;B
20241030;101132;3790.5;4;11359956753;S
20241030;101132;3790.5;16;11359956760;S
20241030;101132;3790.5;7;11359956785;S
20241030;101132;3790.5;7;11359956786;S
20241030;101132;3790.5;7;11359956787;S
20241030;101134;3790.5;50;11359957021;S
20241030;101134;3790.5;25;11359957073;S
20241030;101134;3790;25;11359957074;S
20241030;101134;3790;135;11359957075;S
20241030;101136;3790;1;11359957274;S
20241030;101136;3790.5;1;11359957335;B
20241030;101136;3790;67;11359957371;S
20241030;101136;3790;13;11359957372;S
20241030;101137;3790;33;11359957519;S
20241030;101137;3790;17;11359957520;S
20241030;101137;3790.5;14;11359957537;B
20241030;101137;3790.5;21;11359957538;B
20241030;101137;3790.5;7;11359957539;B
20241030;101137;3790.5;4;11359957540;B
20241030;101137;3790.5;2;11359957541;B
20241030;101137;3790.5;2;11359957542;B
20241030;101137;3790.5;3;11359957543;B
20241030;101138;3791;1;11359957630;B
20241030;101138;3790.5;1;11359957704;S
20241030;101141;3790.5;5;11359958314;S
20241030;101143;3790.5;41;11359958657;S
20241030;101143;3790.5;555;11359958658;S
20241030;101143;3790.5;36;11359958659;S
20241030;101143;3790.5;1;11359958660;S
20241030;101143;3790.5;5;11359958661;S
20241030;101144;3790;4;11359958797;S
20241030;101144;3789.5;17;11359958798;S
20241030;101144;3789.5;4;11359958799;S
20241030;101144;3789.5;3;11359958866;S
20241030;101145;3790;14;11359959058;B
20241030;101145;3789.5;101;11359959111;S
20241030;101147;3790;1;11359959428;B
20241030;101147;3790;2;11359959429;B
20241030;101147;3790;1;11359959444;B
20241030;101147;3789.5;2;11359959466;S
20241030;101147;3790;6;11359959467;B
20241030;101147;3790;1;11359959468;B
20241030;101147;3790;13;11359959469;B
20241030;101147;3790;1;11359959470;B
20241030;101147;3790;4;11359959471;B
20241030;101147;3790;2;11359959472;B
20241030;101147;3790;1;11359959473;B
20241030;101147;3790;22;11359959474;B
20241030;101147;3790;2;11359959475;B
20241030;101147;3790;2;11359959476;B
20241030;101147;3790;7;11359959477;B
20241030;101147;3790;1;11359959479;B
20241030;101147;3790;7;11359959480;B
20241030;101147;3790;1;11359959481;B
20241030;101147;3790;3;11359959482;B
20241030;101147;3790;8;11359959483;B
20241030;101147;3790;3;11359959484;B
20241030;101147;3790;1;11359959485;B
20241030;101147;3790;5;11359959486;B
20241030;101147;3790;1;11359959487;B
20241030;101147;3790;4;11359959488;B
20241030;101147;3790;5;11359959489;B
20241030;101147;3790;10;11359959490;B
20241030;101147;3790.5;5;11359959491;B
20241030;101147;3790.5;2;11359959492;B
20241030;101147;3790.5;3;11359959493;B
20241030;101147;3790.5;3;11359959494;B
20241030;101147;3790.5;2;11359959497;B
20241030;101147;3790.5;9;11359959498;B
20241030;101147;3790.5;1;11359959499;B
20241030;101147;3790.5;4;11359959500;B
20241030;101147;3790.5;1;11359959501;B
20241030;101147;3790.5;3;11359959517;B
20241030;101147;3790.5;2;11359959518;B
20241030;101147;3790.5;1;11359959519;B
20241030;101147;3790.5;5;11359959521;B
20241030;101147;3790.5;2;11359959522;B
20241030;101147;3790.5;35;11359959523;B
20241030;101147;3790.5;1;11359959524;B
20241030;101147;3790.5;4;11359959525;B
20241030;101147;3790.5;2;11359959526;B
20241030;101147;3790.5;16;11359959527;B
20241030;101147;3790.5;5;11359959528;B
20241030;101147;3790.5;3;11359959532;B
20241030;101147;3790.5;3;11359959533;B
20241030;101147;3790;2;11359959534;S
20241030;101147;3790.5;1;11359959535;B
20241030;101147;3790.5;1;11359959536;B
20241030;101147;3790.5;1;11359959539;B
20241030;101147;3790.5;8;11359959540;B
20241030;101147;3790.5;3;11359959542;B
20241030;101147;3790.5;4;11359959543;B
20241030;101147;3790.5;5;11359959544;B
20241030;101147;3790.5;1;11359959546;B
20241030;101147;3790.5;1;11359959547;B
20241030;101147;3790.5;1;11359959548;B
20241030;101147;3790.5;1;11359959550;B
20241030;101147;3790.5;8;11359959551;B
20241030;101147;3790.5;1;11359959552;B
20241030;101147;3790.5;2;11359959553;B
20241030;101147;3790.5;1;11359959554;B
20241030;101147;3790.5;4;11359959555;B
20241030;101147;3790.5;2;11359959556;B
20241030;101147;3790.5;2;11359959557;B
20241030;101147;3790.5;3;11359959558;B
20241030;101147;3791;2;11359959559;B
20241030;101147;3791;3;11359959560;B
20241030;101147;3791;2;11359959561;B
20241030;101147;3791;1;11359959563;B
20241030;101147;3791;2;11359959564;B
20241030;101147;3791;2;11359959565;B
20241030;101147;3791;2;11359959566;B
20241030;101147;3791;1;11359959567;B
20241030;101147;3791;8;11359959568;B
20241030;101147;3791;2;11359959569;B
20241030;101147;3791;1;11359959570;B
20241030;101147;3792;5;11359959571;B
20241030;101147;3791.5;5;11359959572;B
20241030;101147;3791.5;18;11359959573;B
20241030;101147;3791.5;23;11359959574;B
20241030;101147;3792;5;11359959575;B
20241030;101147;3792;15;11359959576;B
20241030;101147;3791.5;7;11359959577;B
20241030;101147;3791.5;2;11359959578;B
20241030;101147;3791.5;2;11359959579;B
20241030;101147;3791.5;4;11359959580;B
20241030;101147;3792;4;11359959581;B
20241030;101147;3792;10;11359959582;B
20241030;101147;3792;23;11359959583;B
20241030;101147;3792.5;14;11359959584;B
20241030;101147;3792;2;11359959585;B
20241030;101147;3792;3;11359959587;B
20241030;101147;3792;1;11359959588;B
20241030;101147;3792;3;11359959589;B
20241030;101147;3790;2;11359959618;S
20241030;101147;3790;1;11359959624;S
20241030;101147;3790;1;11359959627;S
20241030;101148;3790;1;11359959645;S
20241030;101148;3790;1;11359959646;S
20241030;101148;3790;2;11359959647;S
20241030;101148;3790;1;11359959648;S
20241030;101148;3790;1;11359959649;S
20241030;101148;3790;1;11359959651;S
20241030;101148;3791.5;3;11359959652;B
20241030;101148;3791;2;11359959734;S
20241030;101148;3790;2;11359959735;S
20241030;101149;3790;2;11359959934;B
20241030;101150;3789.5;2;11359960184;S
20241030;101151;3790;4;11359960283;B
20241030;101151;3790;38;11359960284;B
20241030;101151;3790.5;11;11359960285;B
20241030;101151;3791;12;11359960286;B
20241030;101152;3791;2;11359960447;B
20241030;101152;3791;34;11359960449;B
20241030;101152;3791;18;11359960450;B
20241030;101152;3791;7;11359960451;B
20241030;101152;3792;3;11359960452;B
20241030;101152;3792;3;11359960453;B
20241030;101152;3792;3;11359960454;B
20241030;101154;3790.5;5;11359961000;S
20241030;101154;3790.5;15;11359961001;S
20241030;101158;3791;3;11359961533;B
20241030;101200;3791;3;11359961925;B
20241030;101201;3790.5;1;11359962221;S
20241030;101203;3791;10;11359962416;B
20241030;101203;3790.5;14;11359962468;S
20241030;101203;3790.5;10;11359962469;S
20241030;101203;3790.5;1;11359962470;S
20241030;101203;3791;13;11359962498;B
20241030;101203;3791;13;11359962499;B
20241030;101203;3791.5;1;11359962517;B
20241030;101204;3791;15;11359962607;S
20241030;101204;3791;5;11359962608;S
20241030;101205;3791.5;98;11359962873;B
20241030;101207;3791.5;50;11359963159;B
20241030;101207;3791.5;1;11359963177;B
20241030;101208;3791.5;4;11359963271;B
20241030;101208;3792;10;11359963272;B
20241030;101208;3792;2;11359963273;B
20241030;101208;3792;4;11359963274;B
20241030;101209;3792;11;11359963452;B
20241030;101209;3792;89;11359963453;B
20241030;101210;3791.5;10;11359963645;S
20241030;101211;3792;11;11359963744;B
20241030;101212;3791.5;44;11359963969;S
20241030;101212;3791.5;3;11359963970;S
20241030;101212;3791.5;53;11359963971;S
20241030;101212;3792;100;11359963988;B
20241030;101214;3791.5;5;11359964382;S
20241030;101215;3791.5;20;11359964533;S
20241030;101217;3792;1;11359964939;B
20241030;101219;3791.5;10;11359965429;S
20241030;101222;3792;2;11359965971;B
20241030;101222;3791.5;35;11359966046;S
20241030;101223;3792;1;11359966168;B
20241030;101226;3791.5;1;11359966555;S
20241030;101226;3791.5;1;11359966567;S
20241030;101228;3791.5;45;11359966925;S
20241030;101228;3791.5;2;11359966926;S
20241030;101228;3791.5;3;11359966970;B
20241030;101228;3791.5;15;11359966971;B
20241030;101228;3791.5;54;11359966972;B
20241030;101228;3792;2;11359966973;B
20241030;101228;3792;1;11359966974;B
20241030;101228;3792;1;11359966975;B
20241030;101228;3792;27;11359966976;B
20241030;101228;3792;10;11359966977;B
20241030;101228;3792;15;11359966978;B
20241030;101228;3792;100;11359966979;B
20241030;101228;3792;200;11359966980;B
20241030;101228;3792;12;11359966981;B
20241030;101228;3792;2;11359966982;B
20241030;101228;3792;13;11359966983;B
20241030;101228;3792;150;11359966984;B
20241030;101228;3792;30;11359966985;B
20241030;101228;3792.5;15;11359966986;B
20241030;101228;3793;15;11359966987;B
20241030;101228;3793;3;11359966988;B
20241030;101228;3793;54;11359966989;B
20241030;101228;3793.5;15;11359966990;B
20241030;101228;3793.5;60;11359966991;B
20241030;101228;3793.5;23;11359966992;B
20241030;101228;3793.5;50;11359966993;B
20241030;101230;3793.5;51;11359967310;S
20241030;101230;3793.5;1;11359967340;S
20241030;101234;3793.5;5;11359968001;S
20241030;101235;3794;1;11359968113;B
20241030;101235;3794;3;11359968114;B
20241030;101235;3793.5;1;11359968143;S
20241030;101235;3794;15;11359968220;B
20241030;101236;3793.5;1;11359968439;S
20241030;101236;3793.5;2;11359968464;S
20241030;101238;3793.5;30;11359968726;S
20241030;101238;3793.5;1;11359968727;S
20241030;101238;3793.5;5;11359968818;S
20241030;101240;3793.5;5;11359969164;S
20241030;101240;3793.5;28;11359969272;S
20241030;101240;3793.5;43;11359969273;S
20241030;101241;3794;1;11359969349;B
20241030;101241;3794;1;11359969359;B
20241030;101241;3794;1;11359969360;B
20241030;101241;3794;3;11359969471;B
20241030;101243;3793.5;5;11359969633;S
20241030;101244;3793.5;3;11359969784;S
20241030;101244;3793.5;3;11359969785;S
20241030;101244;3793.5;2;11359969786;S
20241030;101244;3793.5;4;11359969787;S
20241030;101244;3793.5;2;11359969868;S
20241030;101245;3793.5;167;11359970075;S
20241030;101245;3793;86;11359970076;S
20241030;101245;3793;5;11359970077;S
20241030;101245;3793;3;11359970078;S
20241030;101245;3793;40;11359970079;S
20241030;101246;3793;58;11359970085;B
20241030;101246;3792.5;54;11359970092;B
20241030;101246;3792.5;30;11359970093;B
20241030;101246;3793;14;11359970094;B
20241030;101246;3792.5;17;11359970095;B
20241030;101246;3792.5;37;11359970096;B
20241030;101246;3792.5;47;11359970097;B
20241030;101246;3792;1;11359970259;S
20241030;101246;3791.5;4;11359970260;S
20241030;101247;3792;10;11359970405;S
20241030;101249;3792;1;11359970812;S
20241030;101251;3792.5;27;11359971266;B
20241030;101254;3792;1;11359971800;S
20241030;101254;3792;50;11359971967;S
20241030;101256;3792;47;11359972247;S
20241030;101256;3792;3;11359972248;S
20241030;101256;3792;7;11359972484;S
20241030;101256;3792;43;11359972485;S
20241030;101257;3792;11;11359972632;S
20241030;101257;3791.5;10;11359972633;S
20241030;101257;3791.5;1;11359972634;S
20241030;101257;3791.5;15;11359972635;S
20241030;101257;3791;7;11359972636;S
20241030;101258;3791.5;5;11359972772;B
20241030;101258;3791.5;1;11359972799;B
20241030;101258;3791;9;11359972822;S
20241030;101258;3791;10;11359972823;S
20241030;101258;3791;3;11359972824;S
20241030;101258;3791;2;11359972825;S
20241030;101258;3791;1;11359972826;S
20241030;101258;3791;4;11359972827;S
20241030;101259;3790.5;1;11359972951;S
20241030;101259;3790.5;49;11359972952;S
20241030;101300;3790.5;5;11359973245;S
20241030;101301;3790.5;26;11359973246;S
20241030;101301;3791;1;11359973375;B
20241030;101301;3790.5;26;11359973381;S
20241030;101301;3791;20;11359973406;B
20241030;101302;3790.5;150;11359973434;S
20241030;101302;3790.5;6;11359973490;S
20241030;101302;3790.5;20;11359973587;S
20241030;101302;3790.5;50;11359973588;S
20241030;101302;3790.5;99;11359973589;S
20241030;101302;3790.5;20;11359973613;S
20241030;101303;3790.5;100;11359973774;S
20241030;101303;3790.5;4;11359973856;S
20241030;101303;3790.5;10;11359973857;S
20241030;101303;3790.5;28;11359973858;S
20241030;101304;3790;20;11359974082;S
20241030;101304;3790;1;11359974106;S
20241030;101304;3790;19;11359974120;S
20241030;101304;3790;3;11359974121;S
20241030;101304;3790;2;11359974122;S
20241030;101304;3790;1;11359974123;S
20241030;101304;3790;100;11359974124;S
20241030;101304;3790;2;11359974125;S
20241030;101304;3789.5;23;11359974126;S
20241030;101304;3789.5;5;11359974129;S
20241030;101304;3789.5;20;11359974146;S
20241030;101305;3789.5;103;11359974336;S
20241030;101305;3789.5;1;11359974337;S
20241030;101305;3789;1;11359974378;S
20241030;101305;3789;1;11359974379;S
20241030;101305;3789;1;11359974380;S
20241030;101306;3789;300;11359974483;S
20241030;101306;3789;84;11359974527;S
20241030;101306;3789;20;11359974528;S
20241030;101306;3789;1;11359974529;S
20241030;101306;3789;45;11359974530;S
20241030;101306;3789;13;11359974542;S
20241030;101306;3788.5;13;11359974543;S
20241030;101306;3788.5;1;11359974575;S
20241030;101306;3788.5;9;11359974706;S
20241030;101307;3788.5;4;11359974710;S
20241030;101307;3788.5;1;11359974731;S
20241030;101307;3788.5;1;11359974767;S
20241030;101307;3788.5;4;11359974801;S
20241030;101309;3788.5;58;11359975186;S
20241030;101309;3788;1;11359975187;S
20241030;101309;3788;10;11359975188;S
20241030;101309;3788;1;11359975189;S
20241030;101309;3787.5;20;11359975190;S
20241030;101309;3787.5;10;11359975191;S
20241030;101310;3787;10;11359975466;S
20241030;101312;3786.5;1;11359975841;S
20241030;101314;3786.5;14;11359976159;S
20241030;101314;3786.5;76;11359976160;S
20241030;101315;3787;44;11359976269;B
20241030;101315;3787;49;11359976270;B
20241030;101315;3787;1;11359976271;B
20241030;101315;3787;4;11359976272;B
20241030;101315;3787;2;11359976277;S
20241030;101316;3787.5;1;11359976554;B
20241030;101316;3787;15;11359976565;S
20241030;101316;3787;51;11359976566;S
20241030;101316;3786.5;24;11359976567;S
20241030;101316;3786.5;25;11359976568;S
20241030;101316;3786.5;56;11359976569;S
20241030;101316;3786.5;15;11359976570;S
20241030;101316;3786.5;8;11359976571;S
20241030;101316;3786.5;14;11359976572;S
20241030;101316;3786;1;11359976573;S
20241030;101316;3786;37;11359976574;S
20241030;101316;3786;15;11359976575;S
20241030;101316;3786;30;11359976576;S
20241030;101316;3786;14;11359976577;S
20241030;101316;3785.5;15;11359976578;S
20241030;101316;3785.5;23;11359976579;S
20241030;101316;3785;10;11359976580;S
20241030;101316;3785;15;11359976581;S
20241030;101316;3785;132;11359976582;S
20241030;101316;3785;6;11359976609;S
20241030;101316;3785;12;11359976610;S
20241030;101316;3785;15;11359976611;S
20241030;101316;3784.5;15;11359976612;S
20241030;101316;3784.5;49;11359976613;S
20241030;101316;3784.5;10;11359976614;S
20241030;101316;3784;24;11359976615;S
20241030;101316;3784;1;11359976616;S
20241030;101316;3784;15;11359976617;S
20241030;101316;3784;60;11359976618;S
20241030;101316;3784;10;11359976619;S
20241030;101316;3784;30;11359976620;S
20241030;101316;3784;23;11359976621;S
20241030;101316;3783.5;316;11359976622;S
20241030;101316;3783.5;1;11359976623;S
20241030;101316;3783.5;6;11359976624;S
20241030;101316;3783.5;15;11359976625;S
20241030;101316;3783.5;1;11359976626;S
20241030;101316;3783.5;100;11359976627;S
20241030;101316;3783.5;50;11359976628;S
20241030;101316;3783.5;15;11359976629;S
20241030;101316;3783.5;24;11359976630;S
20241030;101316;3783;58;11359976631;S
20241030;101316;3783;5;11359976632;S
20241030;101316;3783;10;11359976633;S
20241030;101316;3783;52;11359976634;S
20241030;101316;3783;15;11359976635;S
20241030;101316;3782.5;10;11359976636;S
20241030;101316;3782.5;1;11359976637;S
20241030;101316;3782.5;15;11359976638;S
20241030;101316;3782.5;40;11359976639;S
20241030;101316;3782;3;11359976640;S
20241030;101316;3782;2;11359976641;S
20241030;101316;3782;40;11359976642;S
20241030;101316;3782;50;11359976643;S
20241030;101316;3782;15;11359976644;S
20241030;101316;3781.5;10;11359976645;S
20241030;101316;3781.5;15;11359976646;S
20241030;101316;3781.5;160;11359976647;S
20241030;101316;3781;5;11359976648;S
20241030;101316;3781;150;11359976649;S
20241030;101316;3781;15;11359976650;S
20241030;101316;3780.5;100;11359976651;S
20241030;101316;3780.5;7;11359976652;S
20241030;101316;3780.5;40;11359976653;S
20241030;101316;3780.5;1;11359976654;S
20241030;101316;3780.5;408;11359976655;S
20241030;101316;3780.5;410;11359976656;S
20241030;101316;3780.5;15;11359976657;S
20241030;101316;3780;1;11359976658;S
20241030;101316;3780;1;11359976659;S
20241030;101316;3780;5;11359976660;S
20241030;101316;3780;5;11359976661;S
20241030;101316;3780;190;11359976662;S
20241030;101316;3780;1;11359976663;S
20241030;101316;3780;1;11359976664;S
20241030;101316;3780;50;11359976665;S
20241030;101316;3780;2;11359976666;S
20241030;101316;3780;5;11359976667;S
20241030;101316;3780;200;11359976668;S
20241030;101316;3780;1;11359976669;S
20241030;101316;3779.5;1;11359976670;S
20241030;101316;3779.5;40;11359976671;S
20241030;101316;3779;3;11359976672;S
20241030;101316;3779;50;11359976673;S
20241030;101316;3781;15;11359976687;S
20241030;101316;3781;40;11359976688;S
20241030;101316;3781;19;11359976689;S
20241030;101316;3780.5;15;11359976690;S
20241030;101316;3780.5;10;11359976691;S
20241030;101316;3780;1;11359976692;S
20241030;101316;3782;3;11359976713;B
20241030;101316;3779.5;1;11359976813;S
20241030;101316;3782;2;11359976818;B
20241030;101316;3779.5;15;11359976834;S
20241030;101316;3779.5;29;11359976835;S
20241030;101317;3780;15;11359976902;B
20241030;101317;3780.5;13;11359976903;B
20241030;101317;3780.5;15;11359976904;B
20241030;101317;3780.5;26;11359976905;B
20241030;101317;3781;15;11359976906;B
20241030;101317;3781;17;11359976907;B
20241030;101317;3780.5;50;11359976976;S
20241030;101317;3782;1;11359977019;B
20241030;101318;3781.5;25;11359977150;S
20241030;101318;3781;95;11359977151;S
20241030;101318;3781.5;15;11359977163;B
20241030;101318;3782;10;11359977164;B
20241030;101318;3782;15;11359977199;B
20241030;101318;3782.5;15;11359977200;B
20241030;101319;3782;3;11359977308;B
20241030;101319;3782;12;11359977474;B
20241030;101319;3782;10;11359977475;B
20241030;101320;3782.5;5;11359977673;B
20241030;101321;3782.5;5;11359977715;B
20241030;101322;3782.5;2;11359977888;B
20241030;101322;3782;50;11359977951;S
20241030;101323;3782.5;10;11359978077;B
20241030;101323;3782.5;10;11359978078;B
20241030;101323;3782.5;8;11359978079;B
20241030;101323;3782.5;50;11359978080;B
20241030;101323;3783.5;15;11359978081;B
20241030;101323;3784;15;11359978082;B
20241030;101323;3784.5;3;11359978083;B
20241030;101324;3784;5;11359978238;B
20241030;101325;3783.5;15;11359978389;S
20241030;101325;3783.5;4;11359978390;S
20241030;101325;3783.5;30;11359978391;S
20241030;101325;3783.5;150;11359978392;S
20241030;101325;3783.5;1;11359978393;S
20241030;101325;3783;54;11359978394;S
20241030;101325;3783;15;11359978395;S
20241030;101325;3782.5;15;11359978396;S
20241030;101325;3782.5;54;11359978397;S
20241030;101325;3782.5;42;11359978398;S
20241030;101327;3783.5;1;11359978752;S
20241030;101328;3784;5;11359978981;B
