<DATE>;<TIME>;<LAST>;<VOL>;<ID>;<OPER>
20241111;095942;13.51;900;11403548657;B
20241111;095942;13.51;5000;11403548658;B
20241111;095942;13.51;8800;11403548659;B
20241111;095942;13.51;800;11403548660;S
20241111;095942;13.51;200;11403548661;B
20241111;095942;13.51;100;11403548662;S
20241111;095942;13.51;4200;11403548663;B
20241111;095942;13.51;100;11403548664;B
20241111;095942;13.51;2400;11403548665;B
20241111;095942;13.51;100;11403548666;B
20241111;095942;13.51;100;11403548667;B
20241111;095942;13.51;400;11403548668;B
20241111;095942;13.51;100;11403548669;B
20241111;095942;13.51;100;11403548670;B
20241111;095942;13.51;800;11403548671;B
20241111;095942;13.51;100;11403548672;B
20241111;095942;13.51;2400;11403548673;B
20241111;095942;13.51;100;11403548674;B
20241111;095942;13.51;2900;11403548675;B
20241111;095942;13.51;100;11403548676;B
20241111;095942;13.51;100;11403548677;B
20241111;095942;13.51;1000;11403548678;B
20241111;095942;13.51;100;11403548679;B
20241111;095942;13.51;2300;11403548680;B
20241111;095942;13.51;5000;11403548681;B
20241111;095942;13.51;100;11403548682;B
20241111;095942;13.51;100;11403548683;B
20241111;095942;13.51;100;11403548684;B
20241111;095942;13.51;1000;11403548685;B
20241111;095942;13.51;300;11403548686;B
20241111;095942;13.51;100;11403548687;B
20241111;095942;13.51;800;11403548688;B
20241111;095942;13.51;200;11403548689;B
20241111;095942;13.51;100;11403548690;B
20241111;095942;13.51;2500;11403548691;B
20241111;095942;13.51;100;11403548692;B
20241111;095942;13.51;1000;11403548693;B
20241111;095942;13.51;1200;11403548694;B
20241111;095942;13.51;800;11403548695;B
20241111;095942;13.51;100;11403548696;B
20241111;095942;13.51;100;11403548697;B
20241111;095942;13.51;100;11403548698;B
20241111;095942;13.51;400;11403548699;B
20241111;095942;13.51;1500;11403548700;B
20241111;095942;13.51;100;11403548701;B
20241111;095942;13.51;1000;11403548702;B
20241111;095942;13.51;200;11403548703;B
20241111;095942;13.51;100;11403548704;B
20241111;095942;13.51;100;11403548705;B
20241111;095942;13.51;600;11403548706;B
20241111;095942;13.51;100;11403548707;B
20241111;095942;13.51;100;11403548708;B
20241111;095942;13.51;100;11403548709;B
20241111;095942;13.51;100;11403548710;B
20241111;095942;13.51;200;11403548711;B
20241111;095942;13.51;400;11403548712;B
20241111;095942;13.51;100;11403548713;B
20241111;095942;13.51;100;11403548714;B
20241111;095942;13.51;500;11403548715;B
20241111;095942;13.51;200;11403548716;B
20241111;095942;13.51;100;11403548717;B
20241111;095942;13.51;2800;11403548718;B
20241111;095942;13.51;100;11403548719;B
20241111;095942;13.51;400;11403548720;B
20241111;095942;13.51;100;11403548721;B
20241111;095942;13.51;100;11403548722;B
20241111;095942;13.51;100;11403548723;B
20241111;095942;13.51;22800;11403548724;B
20241111;095942;13.51;3200;11403548725;B
20241111;095942;13.51;10400;11403548726;B
20241111;095942;13.51;100;11403548727;B
20241111;095942;13.51;1000;11403548728;B
20241111;095942;13.51;200;11403548729;B
20241111;095942;13.51;5000;11403548730;S
20241111;095942;13.51;200;11403548731;B
20241111;095942;13.51;100;11403548732;B
20241111;095942;13.51;200;11403548733;B
20241111;095942;13.51;100;11403548734;B
20241111;095942;13.51;500;11403548735;B
20241111;095942;13.51;100;11403548736;B
20241111;095942;13.51;200;11403548737;B
20241111;095942;13.51;100;11403548738;B
20241111;095942;13.51;100;11403548739;B
20241111;095942;13.51;100;11403548740;B
20241111;095942;13.51;1600;11403548741;S
20241111;095942;13.51;100;11403548742;S
20241111;095942;13.51;5800;11403548743;S
20241111;095942;13.51;600;11403548744;B
20241111;100006;13.51;100;11403566418;S
20241111;100007;13.51;300;11403567559;S
20241111;100007;13.51;1300;11403567806;S
20241111;100007;13.51;1800;11403567807;S
20241111;100007;13.52;200;11403567826;B
20241111;100007;13.52;200;11403567827;B
20241111;100007;13.525;100;11403567828;B
20241111;100007;13.53;1500;11403567844;B
20241111;100007;13.51;900;11403568512;S
20241111;100007;13.53;100;11403568523;B
20241111;100007;13.51;100;11403568702;S
20241111;100007;13.51;200;11403569000;S
20241111;100007;13.505;3000;11403569001;S
20241111;100007;13.505;300;11403569002;S
20241111;100007;13.505;3800;11403569003;S
20241111;100007;13.505;4000;11403569004;S
20241111;100007;13.5;20000;11403569005;S
20241111;100007;13.5;100;11403569006;S
20241111;100007;13.5;3000;11403569007;S
20241111;100007;13.5;300;11403569008;S
20241111;100007;13.5;200;11403569009;S
20241111;100007;13.495;3000;11403569010;S
20241111;100007;13.495;6000;11403569011;S
20241111;100007;13.495;25000;11403569012;S
20241111;100007;13.49;3000;11403569013;S
20241111;100007;13.485;3000;11403569014;S
20241111;100007;13.48;400;11403569015;S
20241111;100007;13.48;3000;11403569016;S
20241111;100007;13.475;3000;11403569017;S
20241111;100007;13.47;3000;11403569018;S
20241111;100007;13.47;3800;11403569019;S
20241111;100007;13.465;3000;11403569020;S
20241111;100007;13.46;3000;11403569021;S
20241111;100007;13.455;3000;11403569022;S
20241111;100007;13.455;60000;11403569023;S
20241111;100007;13.45;90000;11403569024;S
20241111;100007;13.45;3000;11403569025;S
20241111;100007;13.445;3000;11403569026;S
20241111;100007;13.44;1000;11403569027;S
20241111;100007;13.44;1900;11403569028;S
20241111;100007;13.44;8100;11403569075;S
20241111;100007;13.435;3000;11403569076;S
20241111;100007;13.43;800;11403569077;S
20241111;100007;13.43;3000;11403569078;S
20241111;100007;13.425;800;11403569079;S
20241111;100007;13.425;3000;11403569080;S
20241111;100007;13.42;3000;11403569081;S
20241111;100007;13.415;3000;11403569082;S
20241111;100007;13.41;19600;11403569083;S
20241111;100007;13.41;5000;11403569084;S
20241111;100007;13.41;3000;11403569085;S
20241111;100007;13.405;3000;11403569086;S
20241111;100007;13.4;1000;11403569087;S
20241111;100007;13.4;3000;11403569088;S
20241111;100007;13.395;3000;11403569089;S
20241111;100007;13.39;3000;11403569090;S
20241111;100007;13.385;3000;11403569091;S
20241111;100007;13.38;3000;11403569092;S
20241111;100007;13.375;200;11403569093;S
20241111;100007;13.375;1000;11403569094;S
20241111;100007;13.375;10000;11403569095;S
20241111;100007;13.375;3000;11403569096;S
20241111;100007;13.37;3000;11403569097;S
20241111;100007;13.365;3000;11403569098;S
20241111;100007;13.35;7600;11403569099;S
20241111;100007;13.35;900;11403569113;B
20241111;100007;13.345;200;11403569276;S
20241111;100007;13.35;29900;11403569480;B
20241111;100007;13.345;7000;11403569507;S
20241111;100007;13.35;100;11403569510;B
20241111;100007;13.35;100;11403569511;B
20241111;100007;13.35;3900;11403569515;B
20241111;100007;13.345;600;11403569646;S
20241111;100007;13.345;100;11403569667;S
20241111;100007;13.345;500;11403569699;S
20241111;100007;13.35;200;11403569738;B
20241111;100007;13.345;1000;11403569767;S
20241111;100007;13.345;100;11403569880;S
20241111;100007;13.35;100;11403570173;B
20241111;100008;13.345;2500;11403570897;S
20241111;100008;13.345;100;11403571261;S
20241111;100008;13.345;100;11403571262;S
20241111;100008;13.35;500;11403571268;B
20241111;100008;13.35;1500;11403571317;B
20241111;100008;13.35;700;11403571549;B
20241111;100008;13.345;100;11403571572;S
20241111;100008;13.35;2600;11403571883;B
20241111;100008;13.345;100;11403571921;S
20241111;100008;13.35;200;11403572219;B
20241111;100008;13.35;200;11403572232;B
20241111;100008;13.345;5000;11403572365;S
20241111;100008;13.35;900;11403572716;B
20241111;100008;13.345;2600;11403572971;S
20241111;100008;13.345;100;11403572972;S
20241111;100008;13.345;10000;11403572973;S
20241111;100008;13.345;7300;11403572974;S
20241111;100008;13.35;5000;11403573217;B
20241111;100009;13.345;200;11403573721;S
20241111;100009;13.35;2500;11403573825;B
20241111;100009;13.345;500;11403573874;S
20241111;100009;13.34;10000;11403573875;S
20241111;100009;13.335;12800;11403573876;S
20241111;100009;13.33;50000;11403573877;S
20241111;100009;13.33;1200;11403573878;S
20241111;100009;13.325;1200;11403573879;S
20241111;100009;13.32;3700;11403573880;S
20241111;100009;13.32;2000;11403573881;S
20241111;100009;13.32;1000;11403573882;S
20241111;100009;13.315;5000;11403573883;S
20241111;100009;13.31;22000;11403573884;S
20241111;100009;13.31;100;11403573885;S
20241111;100009;13.31;1000;11403573886;S
20241111;100009;13.31;12000;11403573887;S
20241111;100009;13.31;100;11403573888;S
20241111;100009;13.31;100;11403573889;S
20241111;100009;13.305;6000;11403573890;S
20241111;100009;13.305;200;11403573891;S
20241111;100009;13.305;500;11403573892;S
20241111;100009;13.305;500;11403573893;S
20241111;100009;13.305;48000;11403573894;S
20241111;100009;13.305;10000;11403573895;S
20241111;100009;13.305;100;11403573896;S
20241111;100009;13.305;7600;11403573897;S
20241111;100009;13.3;215200;11403573898;S
20241111;100009;13.335;200;11403574080;B
20241111;100009;13.34;4800;11403574081;B
20241111;100009;13.345;4000;11403574379;B
20241111;100009;13.35;100;11403574418;B
20241111;100009;13.35;100;11403574694;B
20241111;100009;13.35;1400;11403574961;B
20241111;100009;13.35;100;11403574962;B
20241111;100009;13.35;200;11403574963;B
20241111;100009;13.35;1300;11403574964;B
20241111;100009;13.35;1700;11403575317;B
20241111;100009;13.35;3300;11403575318;B
20241111;100009;13.35;10000;11403575840;B
20241111;100009;13.35;29900;11403576107;B
20241111;100009;13.35;100;11403576139;B
20241111;100009;13.35;5000;11403576185;B
20241111;100010;13.34;300;11403577311;S
20241111;100010;13.34;100;11403577315;S
20241111;100010;13.34;200;11403577316;S
20241111;100010;13.35;100;11403577337;B
20241111;100010;13.335;300;11403577490;S
20241111;100010;13.335;100;11403578088;S
20241111;100010;13.35;1000;11403578453;B
20241111;100010;13.35;200;11403578534;B
20241111;100010;13.335;100;11403578543;S
20241111;100010;13.335;100;11403579063;S
20241111;100010;13.34;100;11403579344;S
20241111;100010;13.34;600;11403579567;S
20241111;100010;13.35;15000;11403579954;B
20241111;100011;13.35;500;11403580264;B
20241111;100011;13.34;100;11403580583;S
20241111;100011;13.34;100;11403580594;S
20241111;100012;13.34;100;11403582481;S
20241111;100012;13.35;20000;11403582573;B
20241111;100012;13.35;800;11403582717;B
20241111;100012;13.345;100;11403583126;S
20241111;100012;13.345;100;11403583347;S
20241111;100014;13.35;3500;11403588376;B
20241111;100016;13.35;100;11403589499;B
20241111;100016;13.35;100;11403589506;B
20241111;100016;13.35;4000;11403589515;B
20241111;100016;13.35;3300;11403589520;B
20241111;100017;13.35;3500;11403589745;B
20241111;100017;13.345;400;11403589996;S
20241111;100017;13.35;3500;11403589999;B
20241111;100018;13.35;3500;11403590343;B
20241111;100018;13.35;1900;11403590416;B
20241111;100018;13.36;400;11403590417;B
20241111;100018;13.36;1200;11403590418;B
20241111;100018;13.365;3000;11403590561;B
20241111;100018;13.365;100;11403590562;B
20241111;100018;13.365;5000;11403590563;B
20241111;100018;13.37;3000;11403590564;B
20241111;100018;13.37;2500;11403590565;B
20241111;100018;13.37;4000;11403590566;B
20241111;100018;13.37;15000;11403590567;B
20241111;100018;13.375;3000;11403590568;B
20241111;100018;13.375;100;11403590569;B
20241111;100018;13.375;4300;11403590570;S
20241111;100018;13.375;5000;11403590711;S
20241111;100019;13.38;3000;11403590753;B
20241111;100019;13.38;100;11403590754;B
20241111;100019;13.38;1000;11403590755;B
20241111;100019;13.38;1400;11403591158;S
20241111;100020;13.385;3000;11403591723;B
20241111;100020;13.385;5000;11403591724;B
20241111;100020;13.39;2000;11403591725;B
20241111;100021;13.39;1000;11403592147;B
20241111;100021;13.39;200;11403592148;B
20241111;100021;13.39;5000;11403592149;B
20241111;100021;13.395;3000;11403592150;B
20241111;100021;13.395;3400;11403592151;B
20241111;100021;13.4;3000;11403592152;B
20241111;100021;13.4;400;11403592153;B
20241111;100021;13.4;4000;11403592154;B
20241111;100021;13.395;3000;11403592256;B
20241111;100021;13.4;7400;11403592257;B
20241111;100021;13.385;400;11403592356;S
20241111;100022;13.385;100;11403592649;S
20241111;100025;13.39;400;11403594655;B
20241111;100026;13.39;2200;11403595048;B
20241111;100028;13.385;1000;11403595642;B
20241111;100028;13.38;1000;11403595753;S
20241111;100028;13.385;4000;11403596357;B
20241111;100028;13.385;2000;11403596358;B
20241111;100028;13.385;3000;11403596359;B
20241111;100028;13.39;17400;11403596360;B
20241111;100028;13.39;3000;11403596361;B
20241111;100028;13.395;3000;11403596362;B
20241111;100028;13.395;3000;11403596363;B
20241111;100028;13.4;38600;11403596364;B
20241111;100028;13.4;100;11403596365;B
20241111;100028;13.4;200;11403596366;B
20241111;100028;13.4;100;11403596367;B
20241111;100028;13.4;3000;11403596368;B
20241111;100029;13.4;3700;11403596530;S
20241111;100031;13.405;2600;11403598016;B
20241111;100031;13.415;300;11403598017;B
20241111;100032;13.405;3500;11403598603;S
20241111;100033;13.415;1000;11403599016;B
20241111;100034;13.41;3500;11403599473;B
20241111;100034;13.42;100;11403599474;B
20241111;100034;13.42;3000;11403599475;B
20241111;100034;13.425;200;11403599476;B
20241111;100034;13.425;3000;11403599477;B
20241111;100034;13.425;7600;11403599478;B
20241111;100034;13.43;500;11403599479;B
20241111;100034;13.43;1000;11403599480;B
20241111;100034;13.43;3000;11403599481;B
20241111;100034;13.43;100;11403599482;B
20241111;100034;13.43;500;11403599483;B
20241111;100041;13.415;100;11403603036;B
20241111;100042;13.415;3400;11403603589;B
20241111;100042;13.42;2000;11403603680;B
20241111;100042;13.425;3000;11403603681;B
20241111;100042;13.425;300;11403603682;B
20241111;100042;13.43;200;11403603683;B
20241111;100043;13.425;3000;11403604010;B
20241111;100043;13.43;3000;11403604011;B
20241111;100043;13.43;10000;11403604012;B
20241111;100043;13.435;1500;11403604013;B
20241111;100043;13.435;182500;11403604014;B
20241111;100043;13.43;3000;11403604279;B
20241111;100043;13.435;200;11403604280;B
20241111;100044;13.43;7000;11403604901;S
20241111;100044;13.425;300;11403604902;S
20241111;100044;13.42;2700;11403604903;S
20241111;100046;13.435;3000;11403605588;B
20241111;100046;13.42;3500;11403605590;S
20241111;100046;13.435;800;11403605657;B
20241111;100047;13.42;1800;11403606078;S
20241111;100048;13.435;4000;11403606463;B
20241111;100048;13.435;400;11403606464;B
20241111;100048;13.435;1300;11403606640;B
20241111;100048;13.435;7800;11403606801;B
20241111;100048;13.435;100;11403606802;B
20241111;100048;13.44;3000;11403606803;B
20241111;100048;13.45;3000;11403606804;B
20241111;100048;13.455;1100;11403606805;B
20241111;100049;13.435;3000;11403607070;S
20241111;100049;13.435;700;11403607071;S
20241111;100049;13.435;6900;11403607092;S
20241111;100049;13.435;500;11403607093;S
20241111;100049;13.435;2500;11403607094;S
20241111;100049;13.45;400;11403607282;B
20241111;100050;13.445;3400;11403607536;S
20241111;100050;13.455;8900;11403607712;B
20241111;100050;13.455;100;11403607713;B
20241111;100050;13.46;100;11403607846;B
20241111;100050;13.46;400;11403607847;B
20241111;100052;13.465;3800;11403608750;B
20241111;100052;13.465;300;11403608751;B
20241111;100052;13.475;2900;11403608752;B
20241111;100052;13.45;800;11403608814;S
20241111;100052;13.475;100;11403608815;B
20241111;100052;13.475;200;11403608816;B
20241111;100052;13.475;700;11403608818;B
20241111;100053;13.47;3400;11403609327;B
20241111;100053;13.475;6700;11403609328;B
20241111;100053;13.475;7600;11403609329;B
20241111;100053;13.475;3000;11403609330;B
20241111;100053;13.48;1700;11403609331;B
20241111;100053;13.48;200;11403609332;B
20241111;100053;13.48;1000;11403609333;B
20241111;100053;13.48;1000;11403609334;B
20241111;100053;13.48;100;11403609335;B
20241111;100053;13.48;3000;11403609336;B
20241111;100053;13.485;3000;11403609337;B
20241111;100053;13.485;6000;11403609338;B
20241111;100053;13.49;3000;11403609339;B
20241111;100053;13.495;500;11403609340;B
20241111;100053;13.495;400;11403609341;B
20241111;100053;13.495;3000;11403609342;B
20241111;100053;13.495;10000;11403609343;B
20241111;100053;13.5;6500;11403609344;B
20241111;100053;13.5;100;11403609345;B
20241111;100053;13.5;500;11403609346;B
20241111;100053;13.5;1600;11403609347;B
20241111;100053;13.5;100;11403609348;B
20241111;100053;13.5;500;11403609349;B
20241111;100053;13.5;200;11403609350;B
20241111;100053;13.5;3000;11403609351;B
20241111;100053;13.5;1000;11403609352;B
20241111;100053;13.5;4000;11403609353;B
20241111;100053;13.505;1500;11403609354;B
20241111;100053;13.505;500;11403609355;B
20241111;100053;13.505;3000;11403609356;B
20241111;100053;13.51;100;11403609357;B
20241111;100053;13.51;100;11403609358;B
20241111;100053;13.51;100;11403609359;B
20241111;100053;13.51;100;11403609360;B
20241111;100053;13.51;7000;11403609361;B
20241111;100053;13.51;100;11403609362;B
20241111;100053;13.51;16400;11403609363;B
20241111;100053;13.475;5600;11403609365;B
20241111;100053;13.495;7600;11403609480;B
20241111;100053;13.5;3000;11403609481;B
20241111;100053;13.505;3000;11403609482;B
20241111;100053;13.51;1600;11403609483;B
20241111;100053;13.51;200;11403609484;B
20241111;100053;13.51;100;11403609485;B
20241111;100053;13.51;800;11403609486;B
20241111;100053;13.51;3000;11403609487;B
20241111;100053;13.515;3000;11403609488;B
20241111;100053;13.52;3000;11403609489;B
20241111;100053;13.52;7600;11403609490;B
20241111;100053;13.525;3000;11403609491;B
20241111;100053;13.525;25000;11403609492;B
20241111;100053;13.53;900;11403609493;B
20241111;100053;13.53;600;11403609494;B
20241111;100053;13.53;100;11403609495;B
20241111;100053;13.53;3000;11403609496;B
20241111;100053;13.535;3000;11403609497;B
20241111;100053;13.54;100;11403609498;B
20241111;100053;13.54;3000;11403609499;B
20241111;100053;13.545;100;11403609500;B
20241111;100053;13.545;100;11403609501;B
20241111;100053;13.545;28200;11403609502;B
20241111;100055;13.49;1500;11403610120;S
20241111;100055;13.49;1500;11403610189;S
20241111;100055;13.49;200;11403610190;S
20241111;100055;13.49;7600;11403610191;S
20241111;100055;13.485;1100;11403610192;S
20241111;100055;13.49;500;11403610278;S
20241111;100057;13.485;500;11403611098;S
20241111;100057;13.48;500;11403611422;S
20241111;100058;13.5;100;11403611919;B
20241111;100058;13.5;1000;11403611945;B
20241111;100059;13.49;500;11403612223;B
20241111;100059;13.5;3900;11403612224;B
20241111;100059;13.505;3000;11403612225;B
20241111;100059;13.51;7600;11403612226;B
20241111;100101;13.495;500;11403613432;B
20241111;100101;13.5;7600;11403613433;B
20241111;100101;13.5;1900;11403613434;B
20241111;100101;13.48;100;11403613516;S
20241111;100102;13.48;300;11403614048;S
20241111;100105;13.49;500;11403615691;B
20241111;100105;13.505;500;11403615692;B
20241111;100105;13.485;400;11403615793;S
20241111;100106;13.485;100;11403616150;S
20241111;100107;13.485;2900;11403616614;S
20241111;100107;13.48;2100;11403616615;S
20241111;100107;13.48;6000;11403616616;S
20241111;100107;13.48;3100;11403616617;S
20241111;100108;13.485;3000;11403616863;S
20241111;100108;13.48;100;11403616864;S
20241111;100108;13.485;200;11403616943;S
20241111;100108;13.5;7000;11403617226;B
20241111;100108;13.5;200;11403617227;B
20241111;100108;13.505;3000;11403617228;B
20241111;100108;13.51;7600;11403617229;B
20241111;100108;13.51;3000;11403617230;B
20241111;100108;13.51;3600;11403617231;B
20241111;100108;13.51;6000;11403617232;B
20241111;100108;13.51;200;11403617233;B
20241111;100108;13.515;3400;11403617234;B
20241111;100108;13.515;3000;11403617235;B
20241111;100108;13.52;3000;11403617236;B
20241111;100108;13.525;3000;11403617237;B
20241111;100108;13.525;7600;11403617238;B
20241111;100108;13.53;3000;11403617239;B
20241111;100108;13.53;100;11403617240;B
20241111;100108;13.53;31800;11403617241;B
20241111;100108;13.535;400;11403617242;B
20241111;100109;13.54;2000;11403617648;B
20241111;100109;13.54;300;11403617649;B
20241111;100109;13.545;3000;11403617650;B
20241111;100109;13.545;100;11403617651;B
20241111;100109;13.545;100;11403617652;B
20241111;100109;13.55;200;11403617653;B
20241111;100109;13.55;100;11403617654;B
20241111;100109;13.55;1700;11403617655;B
20241111;100110;13.53;600;11403618167;S
20241111;100114;13.525;200;11403619659;S
20241111;100114;13.52;3000;11403619660;S
20241111;100114;13.52;1800;11403619661;S
20241111;100116;13.52;3000;11403620648;S
20241111;100116;13.515;2000;11403620649;S
20241111;100117;13.515;200;11403620710;S
20241111;100117;13.515;800;11403620824;S
20241111;100117;13.51;200;11403620825;S
20241111;100117;13.53;1500;11403620927;B
20241111;100118;13.53;300;11403621137;B
20241111;100118;13.515;500;11403621295;S
20241111;100121;13.52;300;11403622170;B
20241111;100121;13.51;2000;11403622176;S
20241111;100123;13.51;800;11403622821;S
20241111;100123;13.505;700;11403622822;S
20241111;100125;13.51;3000;11403623323;S
20241111;100125;13.505;2300;11403623324;S
20241111;100125;13.505;200;11403623325;S
20241111;100125;13.505;600;11403623326;S
20241111;100125;13.5;3000;11403623327;S
20241111;100125;13.5;600;11403623328;S
20241111;100125;13.5;5800;11403623329;S
20241111;100125;13.495;1200;11403623330;S
20241111;100125;13.49;200;11403623485;S
20241111;100126;13.49;5000;11403623605;S
20241111;100128;13.49;100;11403624405;S
20241111;100130;13.49;12400;11403625264;S
20241111;100130;13.49;400;11403625265;S
20241111;100130;13.485;2600;11403625266;S
20241111;100130;13.48;3000;11403625267;S
20241111;100130;13.48;18800;11403625268;S
20241111;100130;13.48;2600;11403625269;S
20241111;100130;13.475;3000;11403625270;S
20241111;100130;13.475;100;11403625271;S
20241111;100130;13.47;3000;11403625272;S
20241111;100130;13.47;100;11403625273;S
20241111;100130;13.465;3000;11403625274;S
20241111;100130;13.465;4000;11403625275;S
20241111;100130;13.465;4800;11403625276;S
20241111;100130;13.46;3000;11403625277;S
20241111;100130;13.455;7600;11403625278;S
20241111;100130;13.455;300;11403625279;S
20241111;100130;13.455;1000;11403625369;S
20241111;100131;13.48;7600;11403625554;B
20241111;100131;13.48;3000;11403625555;B
20241111;100131;13.48;2000;11403625556;B
20241111;100131;13.485;3000;11403625557;B
20241111;100131;13.485;2000;11403625558;B
20241111;100131;13.49;3000;11403625559;B
20241111;100131;13.49;200;11403625560;B
20241111;100131;13.49;4000;11403625561;B
20241111;100131;13.49;5000;11403625675;S
20241111;100131;13.49;14900;11403625711;S
20241111;100132;13.49;100;11403625820;S
20241111;100133;13.49;1000;11403626290;S
20241111;100134;13.49;40000;11403626614;S
20241111;100134;13.49;100;11403626619;S
20241111;100134;13.49;100;11403626630;S
20241111;100135;13.49;200;11403626837;S
20241111;100135;13.49;100;11403627054;S
20241111;100136;13.495;7600;11403627148;B
20241111;100136;13.495;300;11403627149;B
20241111;100136;13.495;200;11403627150;B
20241111;100136;13.5;41900;11403627151;B
20241111;100136;13.495;7600;11403627152;B
20241111;100136;13.49;1900;11403627481;S
20241111;100136;13.5;4000;11403627482;B
20241111;100136;13.49;110000;11403627517;S
20241111;100137;13.49;200;11403627616;S
20241111;100138;13.49;8800;11403627840;S
20241111;100139;13.49;6000;11403628202;S
20241111;100139;13.49;3000;11403628203;S
20241111;100139;13.49;3000;11403628325;S
20241111;100139;13.49;200;11403628367;S
20241111;100139;13.495;100;11403628412;B
20241111;100140;13.49;3000;11403628800;S
20241111;100140;13.49;400;11403628801;S
20241111;100141;13.495;5000;11403629064;B
20241111;100141;13.49;7000;11403629124;S
20241111;100143;13.49;400;11403629683;S
20241111;100143;13.49;1200;11403629702;S
20241111;100145;13.485;5000;11403630503;B
20241111;100145;13.485;3000;11403630628;B
20241111;100145;13.485;7600;11403630629;B
20241111;100145;13.49;8800;11403630630;B
20241111;100145;13.49;3000;11403630631;B
20241111;100145;13.495;4900;11403630632;B
20241111;100145;13.495;3000;11403630633;B
20241111;100145;13.5;19700;11403630634;B
20241111;100148;13.49;3000;11403631678;B
20241111;100148;13.47;200;11403631696;S
20241111;100148;13.47;1300;11403631697;S
20241111;100150;13.47;300;11403632686;B
20241111;100153;13.47;1200;11403633766;B
20241111;100154;13.49;4600;11403633895;B
20241111;100154;13.49;3000;11403633896;B
20241111;100154;13.495;3000;11403633897;B
20241111;100154;13.495;7600;11403633898;B
20241111;100154;13.495;1100;11403633899;B
20241111;100154;13.495;300;11403633900;B
20241111;100154;13.5;18900;11403633901;B
20241111;100154;13.5;5000;11403633902;B
20241111;100154;13.5;3000;11403633903;B
20241111;100154;13.5;100;11403633904;B
20241111;100154;13.505;3000;11403633905;B
20241111;100154;13.505;200;11403633906;B
20241111;100154;13.505;200;11403633907;B
20241111;100157;13.495;100;11403635329;B
20241111;100157;13.5;100;11403635437;B
20241111;100157;13.51;1400;11403635438;B
20241111;100158;13.495;100;11403635639;B
20241111;100158;13.495;100;11403635640;B
20241111;100158;13.515;200;11403635641;B
20241111;100158;13.495;6300;11403635894;S
20241111;100159;13.5;100;11403636260;B
20241111;100200;13.495;3000;11403636325;S
20241111;100200;13.49;7000;11403636326;S
20241111;100200;13.495;100;11403636373;S
20241111;100200;13.505;100;11403636396;B
20241111;100200;13.505;200;11403636397;B
20241111;100200;13.51;2600;11403636398;B
20241111;100200;13.51;300;11403636568;B
20241111;100200;13.51;100;11403636569;B
20241111;100200;13.515;2500;11403636570;B
20241111;100201;13.5;200;11403637306;S
20241111;100202;13.495;100;11403637557;B
20241111;100202;13.49;700;11403637558;S
20241111;100203;13.5;5100;11403638113;B
20241111;100204;13.5;15800;11403638657;B
20241111;100204;13.5;1300;11403638658;B
20241111;100204;13.505;3000;11403638659;B
20241111;100204;13.505;500;11403638660;B
20241111;100204;13.51;100;11403638661;B
20241111;100204;13.51;3000;11403638662;B
20241111;100204;13.51;3800;11403638663;B
20241111;100204;13.515;500;11403638664;B
20241111;100204;13.515;3000;11403638665;B
20241111;100204;13.52;100;11403638666;B
20241111;100204;13.52;3000;11403638667;B
20241111;100204;13.52;100;11403638668;B
20241111;100204;13.525;3000;11403638669;B
20241111;100204;13.53;800;11403638670;B
20241111;100204;13.53;3000;11403638671;B
20241111;100204;13.535;3000;11403638672;B
20241111;100204;13.535;7600;11403638673;B
20241111;100204;13.535;6300;11403638674;B
20241111;100204;13.535;100;11403638675;B
20241111;100204;13.535;600;11403638676;B
20241111;100204;13.54;100;11403638677;B
20241111;100204;13.54;3000;11403638678;B
20241111;100204;13.54;13000;11403638679;B
20241111;100204;13.545;3400;11403638680;B
20241111;100204;13.545;3000;11403638681;B
20241111;100204;13.545;2500;11403638682;B
20241111;100204;13.55;10000;11403638683;B
20241111;100204;13.55;8000;11403638684;B
20241111;100204;13.55;3000;11403638685;B
20241111;100204;13.55;1000;11403638686;B
20241111;100204;13.555;3000;11403638687;B
20241111;100204;13.55;37000;11403638690;S
20241111;100205;13.565;100;11403638982;B
20241111;100205;13.57;1300;11403638983;B
20241111;100205;13.57;200;11403638984;B
20241111;100205;13.575;400;11403638985;B
20241111;100205;13.575;100;11403638986;B
20241111;100205;13.575;3000;11403638987;B
20241111;100205;13.58;30000;11403638988;B
20241111;100205;13.58;3000;11403638989;B
20241111;100205;13.585;100;11403638990;B
20241111;100205;13.585;8000;11403638991;B
20241111;100205;13.585;3000;11403638992;B
20241111;100205;13.585;800;11403638993;B
20241111;100205;13.555;2400;11403639065;S
20241111;100205;13.555;600;11403639143;S
20241111;100205;13.555;2200;11403639144;S
20241111;100205;13.585;3000;11403639159;B
20241111;100205;13.59;1000;11403639160;B
20241111;100205;13.59;100;11403639161;B
20241111;100205;13.59;900;11403639162;B
20241111;100205;13.565;600;11403639209;B
20241111;100205;13.565;4100;11403639237;B
20241111;100205;13.555;1000;11403639248;S
20241111;100209;13.565;900;11403640911;B
20241111;100210;13.565;1500;11403641616;B
20241111;100211;13.565;50000;11403641934;B
20241111;100211;13.565;600;11403641937;B
20241111;100212;13.565;5000;11403642318;B
20241111;100212;13.565;500;11403642319;B
20241111;100212;13.565;400;11403642324;B
20241111;100212;13.565;2300;11403642325;B
20241111;100212;13.57;7500;11403642725;B
20241111;100213;13.56;100;11403643112;S
20241111;100214;13.57;100;11403643116;B
20241111;100216;13.57;2400;11403644340;B
20241111;100217;13.575;300;11403644816;B
20241111;100217;13.58;3000;11403644817;B
20241111;100217;13.585;600;11403644818;B
20241111;100217;13.585;100;11403645033;B
20241111;100219;13.57;100;11403646257;S
20241111;100220;13.585;2300;11403646629;B
20241111;100220;13.59;2100;11403646630;B
20241111;100220;13.585;3000;11403646740;B
20241111;100220;13.59;2200;11403646741;B
20241111;100220;13.59;3000;11403646742;B
20241111;100220;13.595;100;11403646743;B
20241111;100220;13.595;100;11403646744;B
20241111;100220;13.595;4200;11403646745;B
20241111;100220;13.57;1500;11403646763;S
20241111;100224;13.59;3000;11403648756;B
20241111;100224;13.59;1000;11403648757;B
20241111;100224;13.59;5000;11403648758;B
20241111;100224;13.595;1000;11403648759;B
20241111;100228;13.585;100;11403651157;B
20241111;100229;13.575;200;11403651371;S
20241111;100229;13.57;1400;11403651372;S
20241111;100229;13.57;1700;11403651373;S
20241111;100229;13.57;2000;11403651374;S
20241111;100229;13.565;3000;11403651375;S
20241111;100229;13.565;7600;11403651376;S
20241111;100229;13.56;2900;11403651377;S
20241111;100229;13.56;800;11403651378;S
20241111;100229;13.56;200;11403651379;S
20241111;100229;13.56;7300;11403651380;S
20241111;100229;13.555;7600;11403651381;S
20241111;100229;13.555;3000;11403651382;S
20241111;100229;13.555;2500;11403651383;S
20241111;100229;13.555;7600;11403651384;S
20241111;100229;13.55;52200;11403651385;S
20241111;100230;13.575;200;11403651657;B
20241111;100230;13.58;200;11403651658;B
20241111;100230;13.565;100;11403651766;B
20241111;100233;13.56;800;11403652971;S
20241111;100234;13.56;2800;11403653533;S
20241111;100234;13.555;3000;11403653534;S
20241111;100234;13.555;3200;11403653535;S
20241111;100234;13.555;200;11403653536;S
20241111;100234;13.555;700;11403653537;S
20241111;100237;13.555;200;11403654754;S
20241111;100237;13.565;100;11403654755;B
20241111;100239;13.56;300;11403655670;S
20241111;100239;13.555;2800;11403655671;S
20241111;100239;13.555;1800;11403655672;S
20241111;100239;13.55;2500;11403655673;S
20241111;100240;13.565;300;11403655803;B
20241111;100240;13.555;3000;11403656062;S
20241111;100240;13.555;900;11403656063;S
20241111;100240;13.55;96100;11403656064;S
20241111;100240;13.565;2100;11403656141;B
20241111;100240;13.57;100;11403656142;B
20241111;100240;13.57;7600;11403656143;B
20241111;100240;13.575;5000;11403656144;B
20241111;100240;13.575;7600;11403656145;B
20241111;100240;13.575;5700;11403656146;B
20241111;100240;13.58;3000;11403656147;B
20241111;100240;13.585;4900;11403656148;B
20241111;100240;13.585;3000;11403656149;B
20241111;100240;13.585;4000;11403656150;B
20241111;100240;13.585;1200;11403656151;B
20241111;100240;13.59;3000;11403656152;B
20241111;100240;13.59;5000;11403656153;B
20241111;100240;13.59;7600;11403656154;B
20241111;100240;13.59;100000;11403656155;B
20241111;100240;13.595;4800;11403656156;B
20241111;100240;13.595;69200;11403656157;B
20241111;100240;13.595;1000;11403656158;B
20241111;100240;13.595;3000;11403656159;B
20241111;100240;13.595;5000;11403656160;B
20241111;100240;13.595;200;11403656161;B
20241111;100240;13.6;1000;11403656162;B
20241111;100240;13.6;100;11403656163;B
20241111;100240;13.6;200;11403656164;B
20241111;100240;13.6;200;11403656165;B
20241111;100240;13.6;200;11403656166;B
20241111;100240;13.6;2000;11403656167;B
20241111;100240;13.6;200;11403656168;B
20241111;100240;13.6;100;11403656169;B
20241111;100240;13.6;100;11403656170;B
20241111;100240;13.6;100;11403656171;B
20241111;100240;13.6;100;11403656172;B
20241111;100240;13.6;1000;11403656173;B
20241111;100240;13.6;100;11403656174;B
20241111;100240;13.6;20000;11403656175;B
20241111;100240;13.6;22000;11403656176;B
20241111;100240;13.6;500;11403656177;B
20241111;100240;13.6;2500;11403656178;B
20241111;100240;13.6;3000;11403656179;B
20241111;100240;13.6;500;11403656180;B
20241111;100240;13.6;1500;11403656181;B
20241111;100240;13.6;200;11403656182;B
20241111;100240;13.6;9600;11403656183;B
20241111;100240;13.605;3000;11403656184;B
20241111;100240;13.605;100;11403656185;B
20241111;100240;13.605;100;11403656186;B
20241111;100240;13.61;110000;11403656187;B
20241111;100240;13.61;3000;11403656188;B
20241111;100240;13.615;3000;11403656189;B
20241111;100240;13.615;2600;11403656190;S
20241111;100241;13.615;1000;11403656268;S
20241111;100241;13.615;300;11403656291;S
20241111;100241;13.615;3000;11403656293;S
20241111;100241;13.615;1000;11403656330;S
20241111;100241;13.615;10000;11403656555;S
20241111;100242;13.615;100;11403656643;S
20241111;100242;13.615;5000;11403656659;S
20241111;100242;13.615;600;11403656665;S
20241111;100242;13.615;300;11403656673;S
20241111;100242;13.615;2000;11403656697;S
20241111;100242;13.615;2400;11403656732;S
20241111;100242;13.615;3000;11403656737;S
20241111;100242;13.615;6000;11403656738;S
20241111;100242;13.615;1800;11403656743;S
20241111;100242;13.615;600;11403656896;S
20241111;100242;13.615;100;11403656905;S
20241111;100243;13.625;5000;11403657073;B
20241111;100243;13.615;3500;11403657151;S
20241111;100244;13.615;15000;11403657579;S
20241111;100244;13.615;800;11403657588;S
20241111;100244;13.615;11000;11403657929;S
20241111;100245;13.625;200;11403658024;B
20241111;100246;13.625;12500;11403658387;B
20241111;100246;13.625;400;11403658388;B
20241111;100246;13.625;1000;11403658389;B
20241111;100246;13.625;100;11403658390;B
20241111;100246;13.63;200;11403658391;B
20241111;100246;13.63;10000;11403658392;B
20241111;100246;13.63;3000;11403658393;B
20241111;100246;13.63;500;11403658394;B
20241111;100246;13.635;100;11403658395;B
20241111;100246;13.635;1800;11403658396;B
20241111;100246;13.635;100;11403658397;B
20241111;100246;13.635;3000;11403658398;B
20241111;100246;13.64;100;11403658399;B
20241111;100246;13.64;1000;11403658400;B
20241111;100246;13.64;2000;11403658401;B
20241111;100246;13.64;3000;11403658402;B
20241111;100246;13.645;200;11403658403;B
20241111;100246;13.645;100;11403658404;B
20241111;100246;13.645;6000;11403658405;B
20241111;100246;13.645;3000;11403658406;B
20241111;100246;13.65;1000;11403658407;B
20241111;100246;13.65;1000;11403658408;B
20241111;100246;13.65;2000;11403658409;B
20241111;100246;13.65;1000;11403658410;B
20241111;100246;13.65;100;11403658411;B
20241111;100246;13.65;3000;11403658412;B
20241111;100246;13.655;100;11403658413;B
20241111;100246;13.655;30000;11403658414;B
20241111;100246;13.655;3000;11403658415;B
20241111;100246;13.655;7500;11403658416;B
20241111;100246;13.66;800;11403658417;B
20241111;100246;13.66;200;11403658418;B
20241111;100246;13.66;100;11403658419;B
20241111;100246;13.66;3000;11403658420;B
20241111;100246;13.66;300;11403658421;B
20241111;100246;13.665;4400;11403658422;B
20241111;100246;13.665;3000;11403658423;B
20241111;100246;13.67;100;11403658424;B
20241111;100246;13.67;100;11403658425;B
20241111;100246;13.67;200;11403658426;B
20241111;100246;13.67;100;11403658427;B
20241111;100246;13.67;3000;11403658428;B
20241111;100246;13.675;3000;11403658429;B
20241111;100246;13.68;100;11403658430;B
20241111;100246;13.68;10000;11403658431;B
20241111;100246;13.68;2500;11403658432;B
20241111;100246;13.68;3000;11403658433;B
20241111;100246;13.685;15500;11403658434;B
20241111;100246;13.685;100;11403658435;B
20241111;100246;13.685;3000;11403658436;B
20241111;100246;13.69;700;11403658437;B
20241111;100246;13.625;2000;11403658467;S
20241111;100246;13.625;300;11403658491;S
20241111;100246;13.63;100;11403658596;S
20241111;100246;13.63;400;11403658604;S
20241111;100246;13.625;600;11403658605;S
20241111;100246;13.625;1000;11403658717;S
20241111;100246;13.625;200;11403658884;S
20241111;100246;13.62;100;11403658885;S
20241111;100246;13.62;100;11403658893;S
20241111;100246;13.615;100;11403658894;S
20241111;100247;13.62;100;11403658996;S
20241111;100247;13.615;2400;11403658997;S
20241111;100248;13.635;500;11403659494;B
20241111;100249;13.635;100;11403660081;B
20241111;100249;13.635;300;11403660082;B
20241111;100249;13.64;15600;11403660083;B
20241111;100250;13.615;100;11403660276;S
20241111;100250;13.615;7600;11403660277;S
20241111;100250;13.615;2400;11403660278;S
20241111;100250;13.61;3000;11403660279;S
20241111;100250;13.605;3000;11403660280;S
20241111;100250;13.605;7600;11403660281;S
20241111;100250;13.605;25000;11403660282;S
20241111;100250;13.6;3000;11403660283;S
20241111;100250;13.595;3000;11403660284;S
20241111;100250;13.595;16000;11403660285;S
20241111;100250;13.59;3000;11403660286;S
20241111;100250;13.585;3000;11403660287;S
20241111;100250;13.585;6900;11403660288;S
20241111;100250;13.58;3000;11403660289;S
20241111;100250;13.58;6000;11403660290;S
20241111;100250;13.575;3000;11403660291;S
20241111;100250;13.57;3000;11403660292;S
20241111;100250;13.565;1400;11403660293;S
20241111;100251;13.595;100;11403660811;S
20241111;100251;13.59;2600;11403660812;S
20241111;100251;13.58;100;11403660941;S
20241111;100252;13.6;1000;11403661614;B
20241111;100254;13.605;3000;11403662012;B
20241111;100254;13.61;3000;11403662013;B
20241111;100254;13.61;7600;11403662014;B
20241111;100254;13.61;4000;11403662015;B
20241111;100254;13.615;3000;11403662016;B
20241111;100254;13.615;6000;11403662017;B
20241111;100254;13.62;3000;11403662018;B
20241111;100254;13.62;200;11403662019;B
20241111;100254;13.625;3000;11403662020;B
20241111;100254;13.625;7600;11403662021;B
20241111;100254;13.63;3000;11403662022;B
20241111;100254;13.63;25000;11403662023;B
20241111;100254;13.635;3000;11403662024;B
20241111;100254;13.64;28600;11403662025;B
20241111;100254;13.64;16500;11403662128;B
20241111;100256;13.625;200;11403663284;S
20241111;100256;13.625;1800;11403663285;S
20241111;100257;13.625;10000;11403663393;S
20241111;100258;13.64;28300;11403663721;B
20241111;100258;13.64;11000;11403663722;B
20241111;100258;13.64;1300;11403663723;B
20241111;100258;13.64;100;11403663724;B
20241111;100258;13.64;100;11403663725;B
20241111;100258;13.65;200;11403664059;B
20241111;100258;13.65;3000;11403664060;B
20241111;100258;13.68;1300;11403664061;B
20241111;100258;13.68;1800;11403664062;B
20241111;100258;13.68;100;11403664063;B
20241111;100258;13.68;100;11403664064;B
20241111;100259;13.68;500;11403664284;S
20241111;100259;13.68;6500;11403664314;S
20241111;100259;13.68;2000;11403664398;S
20241111;100300;13.68;5000;11403664703;S
20241111;100300;13.68;100;11403664813;S
20241111;100301;13.68;29400;11403664916;S
20241111;100301;13.675;3000;11403664917;S
20241111;100301;13.675;4000;11403664918;S
20241111;100301;13.67;3000;11403664919;S
20241111;100301;13.67;3300;11403664920;S
20241111;100301;13.665;3000;11403664921;S
20241111;100301;13.665;13200;11403664922;S
20241111;100301;13.66;3000;11403664923;S
20241111;100301;13.655;3000;11403664924;S
20241111;100301;13.65;3000;11403664925;S
20241111;100301;13.645;3000;11403664926;S
20241111;100301;13.64;3000;11403664927;S
20241111;100301;13.635;3000;11403664928;S
20241111;100301;13.63;3000;11403664929;S
20241111;100301;13.63;200;11403664930;S
20241111;100301;13.625;3000;11403664931;S
20241111;100301;13.62;300;11403664932;S
20241111;100301;13.62;3000;11403664933;S
20241111;100301;13.615;3000;11403664934;S
20241111;100301;13.61;3000;11403664935;S
20241111;100301;13.605;3000;11403664936;S
20241111;100301;13.6;300;11403664937;S
20241111;100301;13.59;4300;11403664938;S
20241111;100301;13.645;3000;11403665089;B
20241111;100301;13.65;1000;11403665090;B
20241111;100301;13.605;2000;11403665134;S
20241111;100303;13.625;200;11403665892;B
20241111;100305;13.635;2000;11403667019;B
20241111;100306;13.635;100;11403667251;B
20241111;100306;13.635;900;11403667571;B
20241111;100306;13.635;100;11403667572;B
20241111;100308;13.63;1400;11403668479;B
20241111;100309;13.61;100;11403668703;S
20241111;100312;13.615;200;11403669671;S
20241111;100312;13.61;4900;11403669672;S
20241111;100312;13.61;900;11403669673;S
20241111;100312;13.61;2000;11403669674;B
20241111;100313;13.625;200;11403670186;B
20241111;100314;13.62;100;11403670687;B
20241111;100314;13.625;2900;11403670688;B
20241111;100318;13.625;1100;11403672594;B
20241111;100318;13.625;3000;11403672595;B
20241111;100318;13.63;1600;11403672596;B
20241111;100318;13.63;4000;11403672597;B
20241111;100318;13.63;200;11403672598;B
20241111;100318;13.635;100;11403672949;B
20241111;100319;13.63;100;11403673150;S
20241111;100319;13.63;900;11403673151;S
20241111;100319;13.64;10600;11403673777;B
20241111;100320;13.64;1100;11403674329;B
20241111;100320;13.64;4000;11403674331;B
20241111;100322;13.64;9300;11403674966;B
20241111;100322;13.635;3000;11403675218;S
20241111;100322;13.635;2000;11403675219;S
20241111;100323;13.635;200;11403675826;S
20241111;100324;13.635;1000;11403675961;S
20241111;100324;13.645;200;11403676091;B
20241111;100326;13.64;1700;11403676914;S
20241111;100328;13.625;1000;11403677660;S
20241111;100328;13.62;200;11403677661;S
20241111;100328;13.62;100;11403677988;B
20241111;100329;13.615;300;11403678249;B
20241111;100330;13.615;700;11403678721;B
20241111;100332;13.62;100;11403679680;B
20241111;100332;13.61;500;11403679711;S
20241111;100332;13.605;3000;11403679712;S
20241111;100332;13.605;1500;11403679713;S
20241111;100332;13.6;3000;11403679714;S
20241111;100332;13.6;7600;11403679715;S
20241111;100332;13.6;1500;11403679716;S
20241111;100332;13.595;2900;11403679717;S
20241111;100339;13.605;7600;11403682557;S
20241111;100339;13.6;1900;11403682558;S
20241111;100341;13.615;900;11403683331;B
20241111;100341;13.6;1100;11403683482;S
20241111;100341;13.6;7500;11403683483;S
20241111;100341;13.6;100;11403683484;S
20241111;100341;13.6;900;11403683485;S
20241111;100341;13.595;100;11403683486;S
20241111;100341;13.595;2000;11403683487;S
20241111;100341;13.595;20000;11403683488;S
20241111;100341;13.59;3000;11403683489;S
20241111;100341;13.59;15300;11403683490;S
20241111;100343;13.595;100;11403684241;S
20241111;100343;13.595;2900;11403684418;S
20241111;100344;13.595;700;11403684571;B
20241111;100344;13.59;4700;11403684890;S
20241111;100344;13.59;300;11403684891;S
20241111;100344;13.59;200;11403684924;S
20241111;100344;13.595;2000;11403684939;B
20241111;100345;13.595;1000;11403685204;B
20241111;100346;13.595;900;11403685658;B
20241111;100346;13.595;100;11403685790;B
20241111;100348;13.585;1000;11403686735;S
20241111;100350;13.585;200;11403687396;S
20241111;100352;13.595;1500;11403688079;B
20241111;100352;13.595;400;11403688287;B
20241111;100356;13.595;100;11403689450;B
20241111;100356;13.595;100;11403689922;B
20241111;100357;13.595;200;11403690113;B
20241111;100358;13.595;400;11403690489;B
20241111;100358;13.595;100;11403690490;B
20241111;100359;13.595;100;11403690899;B
20241111;100402;13.58;300;11403691861;S
20241111;100404;13.59;100;11403692739;B
20241111;100405;13.59;6900;11403693159;B
20241111;100405;13.595;2800;11403693160;B
20241111;100405;13.595;300;11403693161;B
20241111;100407;13.585;300;11403693797;S
20241111;100407;13.58;2700;11403693798;S
20241111;100407;13.58;100;11403693852;S
20241111;100407;13.58;14400;11403693853;S
20241111;100408;13.595;100;11403694105;B
20241111;100408;13.58;200;11403694417;S
20241111;100409;13.58;5400;11403694492;S
20241111;100409;13.58;3000;11403694493;S
20241111;100409;13.575;3000;11403694494;S
20241111;100409;13.57;3000;11403694495;S
20241111;100409;13.57;15600;11403694496;S
20241111;100412;13.575;3000;11403695716;S
20241111;100412;13.57;1000;11403695922;S
20241111;100413;13.57;100000;11403696313;S
20241111;100413;13.57;1400;11403696314;S
20241111;100414;13.57;5000;11403696826;S
20241111;100414;13.57;600;11403696827;S
20241111;100414;13.57;900;11403696947;S
20241111;100414;13.575;3500;11403697049;B
20241111;100415;13.575;100;11403697194;B
20241111;100415;13.57;800;11403697402;S
20241111;100417;13.57;500;11403697974;S
20241111;100417;13.575;1200;11403698051;B
20241111;100418;13.57;24200;11403698440;S
20241111;100418;13.57;3000;11403698441;S
20241111;100418;13.57;100;11403698442;S
20241111;100418;13.57;500;11403698443;S
20241111;100418;13.565;300;11403698444;S
20241111;100418;13.565;1900;11403698445;S
20241111;100418;13.565;800;11403698455;S
20241111;100418;13.57;200;11403699015;B
20241111;100419;13.565;300;11403699140;S
20241111;100419;13.56;1700;11403699141;S
20241111;100419;13.565;2000;11403699146;S
20241111;100419;13.565;1000;11403699149;S
20241111;100419;13.56;1000;11403699150;S
20241111;100419;13.565;2000;11403699153;S
20241111;100419;13.565;1000;11403699159;S
20241111;100419;13.56;1000;11403699160;S
20241111;100419;13.565;2000;11403699166;S
20241111;100419;13.565;1000;11403699231;S
20241111;100419;13.56;1000;11403699232;S
20241111;100419;13.565;2000;11403699272;S
20241111;100419;13.565;200;11403699273;S
20241111;100419;13.565;800;11403699287;S
20241111;100419;13.56;2000;11403699312;S
20241111;100419;13.56;1000;11403699359;S
20241111;100422;13.57;2300;11403701188;B
20241111;100422;13.57;100;11403701189;B
20241111;100422;13.57;1400;11403701190;B
20241111;100422;13.575;2200;11403701191;B
20241111;100422;13.575;1400;11403701192;B
20241111;100422;13.58;100;11403701193;B
20241111;100422;13.58;200;11403701194;B
20241111;100422;13.585;2300;11403701195;B
20241111;100422;13.585;200;11403701209;B
20241111;100422;13.565;3000;11403701297;S
20241111;100422;13.56;2300;11403701298;S
20241111;100422;13.56;3000;11403701299;S
20241111;100422;13.555;4000;11403701300;S
20241111;100422;13.555;20000;11403701301;S
20241111;100422;13.555;3000;11403701302;S
20241111;100422;13.555;50000;11403701303;S
20241111;100422;13.555;1200;11403701304;S
20241111;100422;13.55;706600;11403701305;S
20241111;100422;13.55;3000;11403701306;S
20241111;100422;13.55;100;11403701307;S
20241111;100422;13.55;100;11403701308;S
20241111;100422;13.55;100;11403701309;S
20241111;100422;13.55;1200;11403701310;S
20241111;100422;13.545;3000;11403701311;S
20241111;100422;13.54;3000;11403701312;S
20241111;100422;13.535;3000;11403701313;S
20241111;100422;13.535;6000;11403701314;S
20241111;100422;13.53;100;11403701315;S
20241111;100422;13.53;300;11403701316;S
20241111;100422;13.53;3000;11403701317;S
20241111;100422;13.525;3000;11403701318;S
20241111;100422;13.52;3000;11403701319;S
20241111;100422;13.515;3000;11403701320;S
20241111;100422;13.51;100;11403701321;S
20241111;100422;13.51;3000;11403701322;S
20241111;100422;13.505;100;11403701323;S
20241111;100422;13.505;3000;11403701324;S
20241111;100422;13.5;10700;11403701325;S
20241111;100422;13.5;3000;11403701326;S
20241111;100422;13.495;300;11403701327;S
20241111;100422;13.495;3000;11403701328;S
20241111;100422;13.49;1000;11403701329;S
20241111;100422;13.48;200;11403701330;S
20241111;100422;13.475;7600;11403701331;S
20241111;100422;13.47;9000;11403701332;S
20241111;100422;13.47;10000;11403701333;S
20241111;100422;13.465;10000;11403701334;S
20241111;100422;13.465;2500;11403701335;S
20241111;100422;13.465;2500;11403701336;S
20241111;100422;13.46;300;11403701337;S
20241111;100422;13.46;10000;11403701338;S
20241111;100422;13.46;60000;11403701339;S
20241111;100422;13.455;10000;11403701340;S
20241111;100422;13.455;5000;11403701341;S
20241111;100422;13.45;200;11403701342;S
20241111;100422;13.45;100;11403701343;S
20241111;100422;13.45;10000;11403701344;S
20241111;100422;13.45;5000;11403701345;S
20241111;100422;13.445;8400;11403701346;S
20241111;100423;13.47;3000;11403701681;S
20241111;100423;13.465;7000;11403701682;S
20241111;100423;13.47;1100;11403701698;S
20241111;100424;13.49;100;11403702037;B
20241111;100424;13.49;2500;11403702098;B
20241111;100424;13.49;2400;11403702323;B
20241111;100425;13.51;200;11403702549;B
20241111;100425;13.51;600;11403702550;B
20241111;100425;13.51;100;11403702635;B
20241111;100426;13.505;5000;11403703100;S
20241111;100426;13.5;2600;11403703101;S
20241111;100427;13.515;2500;11403703380;B
20241111;100427;13.515;600;11403703569;B
20241111;100428;13.505;100;11403703926;S
20241111;100429;13.505;100;11403704208;S
20241111;100429;13.495;200;11403704296;S
20241111;100429;13.505;2000;11403704353;B
20241111;100429;13.495;100;11403704583;B
20241111;100430;13.5;100;11403704856;B
20241111;100430;13.5;100;11403704859;B
20241111;100430;13.5;3800;11403705090;B
20241111;100431;13.495;100;11403705143;S
20241111;100431;13.5;100;11403705153;B
20241111;100431;13.5;100;11403705186;B
20241111;100432;13.5;800;11403705517;B
20241111;100432;13.5;2700;11403705518;B
20241111;100432;13.5;2000;11403705593;B
20241111;100432;13.505;1000;11403705594;B
20241111;100432;13.505;10000;11403705595;B
20241111;100432;13.51;3000;11403705596;B
20241111;100432;13.51;2500;11403705597;B
20241111;100432;13.51;4000;11403705598;B
20241111;100432;13.515;3000;11403705599;B
20241111;100432;13.515;6000;11403705600;B
20241111;100432;13.52;3000;11403705601;B
20241111;100432;13.52;10000;11403705602;B
20241111;100432;13.525;3000;11403705603;B
20241111;100432;13.53;3000;11403705604;B
20241111;100432;13.53;2500;11403705605;B
20241111;100432;13.53;10000;11403705606;B
20241111;100432;13.535;3000;11403705607;B
20241111;100432;13.54;3000;11403705608;B
20241111;100432;13.54;7600;11403705609;B
20241111;100432;13.54;3800;11403705610;B
20241111;100432;13.54;7600;11403705611;B
20241111;100432;13.545;3000;11403705612;B
20241111;100432;13.545;19000;11403705613;B
20241111;100432;13.5;800;11403705678;S
20241111;100433;13.53;100;11403706194;S
20241111;100435;13.52;100;11403706992;S
20241111;100435;13.515;100;11403706993;S
20241111;100436;13.52;100;11403707525;S
20241111;100438;13.51;2000;11403708034;S
20241111;100438;13.52;100;11403708049;S
20241111;100439;13.525;2400;11403708476;B
20241111;100439;13.525;300;11403708478;B
20241111;100439;13.525;200;11403708479;B
20241111;100439;13.525;1900;11403708480;S
20241111;100439;13.53;300;11403708481;B
20241111;100439;13.53;600;11403708482;B
20241111;100439;13.535;3000;11403708534;B
20241111;100439;13.54;3000;11403708535;B
20241111;100439;13.54;2500;11403708536;B
20241111;100439;13.545;3000;11403708537;B
20241111;100439;13.55;3000;11403708538;B
20241111;100439;13.55;6000;11403708539;B
20241111;100439;13.55;2500;11403708540;B
20241111;100439;13.55;5000;11403708541;B
20241111;100439;13.555;3000;11403708542;B
20241111;100439;13.555;100;11403708543;B
20241111;100439;13.56;3000;11403708544;B
20241111;100439;13.56;15700;11403708545;B
20241111;100439;13.565;3000;11403708546;B
20241111;100439;13.565;300;11403708547;B
20241111;100439;13.565;2500;11403708548;B
20241111;100439;13.565;10000;11403708549;B
20241111;100439;13.565;10000;11403708550;B
20241111;100439;13.57;3000;11403708551;B
20241111;100439;13.57;200;11403708552;B
20241111;100439;13.57;21200;11403708553;B
20241111;100440;13.565;3000;11403709018;B
20241111;100440;13.55;100;11403709021;S
20241111;100440;13.54;100;11403709070;S
20241111;100441;13.54;200;11403709221;S
20241111;100441;13.54;200;11403709222;S
20241111;100441;13.535;3000;11403709223;S
20241111;100441;13.535;7600;11403709224;S
20241111;100441;13.53;3000;11403709225;S
20241111;100441;13.53;4000;11403709226;S
20241111;100441;13.525;3000;11403709227;S
20241111;100441;13.525;7600;11403709228;S
20241111;100441;13.52;100;11403709229;S
20241111;100441;13.52;3000;11403709230;S
20241111;100441;13.52;25000;11403709231;S
20241111;100441;13.515;3000;11403709232;S
20241111;100441;13.51;1000;11403709233;S
20241111;100441;13.505;3000;11403709234;S
20241111;100441;13.5;2200;11403709235;S
20241111;100441;13.495;3000;11403709236;S
20241111;100441;13.49;5000;11403709237;S
20241111;100441;13.49;3000;11403709238;S
20241111;100441;13.485;100;11403709239;S
20241111;100441;13.525;100;11403709475;S
20241111;100443;13.525;100;11403710045;B
20241111;100443;13.52;100;11403710309;S
20241111;100443;13.515;100;11403710310;S
20241111;100445;13.51;100;11403711214;S
20241111;100449;13.53;100;11403712799;S
20241111;100449;13.535;300;11403712853;B
20241111;100450;13.52;100;11403713235;S
20241111;100450;13.51;2600;11403713236;S
20241111;100450;13.53;100;11403713367;S
20241111;100451;13.525;100;11403713770;S
20241111;100451;13.525;100;11403713771;S
20241111;100452;13.53;100;11403713959;S
20241111;100453;13.525;100;11403714537;S
20241111;100453;13.51;200;11403714554;S
20241111;100454;13.525;100;11403715062;S
20241111;100454;13.505;1900;11403715101;S
20241111;100456;13.52;100;11403715872;S
20241111;100456;13.51;100;11403715873;S
20241111;100456;13.5;3000;11403716043;S
20241111;100457;13.5;100;11403716246;B
20241111;100458;13.5;2200;11403716577;B
20241111;100500;13.495;3000;11403717296;S
20241111;100500;13.495;10000;11403717297;S
20241111;100500;13.495;8000;11403717298;S
20241111;100500;13.495;800;11403717299;S
20241111;100500;13.49;3000;11403717300;S
20241111;100500;13.485;400;11403717301;S
20241111;100500;13.5;100;11403717384;B
20241111;100500;13.5;100;11403717575;B
20241111;100501;13.495;100;11403717968;S
20241111;100501;13.49;200;11403717970;B
20241111;100505;13.5;1000;11403719683;B
20241111;100507;13.5;3000;11403720537;B
20241111;100507;13.5;600;11403720643;B
20241111;100507;13.5;100;11403720644;B
20241111;100507;13.51;1300;11403720645;B
20241111;100509;13.51;100;11403721284;S
20241111;100510;13.52;100;11403721598;B
20241111;100511;13.53;200;11403722092;B
20241111;100511;13.535;800;11403722093;B
20241111;100511;13.535;1900;11403722220;B
20241111;100511;13.535;400;11403722221;B
20241111;100511;13.535;2000;11403722222;B
20241111;100511;13.54;3000;11403722223;B
20241111;100511;13.54;10000;11403722224;B
20241111;100511;13.545;3000;11403722225;B
20241111;100511;13.545;4000;11403722226;B
20241111;100511;13.55;3000;11403722227;B
20241111;100511;13.55;500;11403722228;B
20241111;100511;13.555;3000;11403722229;B
20241111;100511;13.555;7600;11403722230;B
20241111;100511;13.56;3000;11403722231;B
20241111;100511;13.565;3000;11403722232;B
20241111;100511;13.565;7600;11403722233;B
20241111;100511;13.565;25000;11403722234;B
20241111;100511;13.57;3000;11403722235;B
20241111;100511;13.57;20000;11403722236;B
20241111;100513;13.56;100;11403722926;B
20241111;100514;13.555;100;11403723189;S
20241111;100515;13.555;200;11403723704;S
20241111;100516;13.56;100;11403723991;B
20241111;100516;13.545;8400;11403724006;S
20241111;100516;13.54;3000;11403724007;S
20241111;100516;13.54;200;11403724008;S
20241111;100516;13.54;1400;11403724009;S
20241111;100516;13.535;3000;11403724010;S
20241111;100516;13.535;7600;11403724011;S
20241111;100516;13.535;7600;11403724012;S
20241111;100516;13.53;3000;11403724013;S
20241111;100516;13.53;50000;11403724014;S
20241111;100516;13.53;4000;11403724015;S
20241111;100516;13.525;3000;11403724016;S
20241111;100516;13.52;3000;11403724017;S
20241111;100516;13.52;21100;11403724018;S
20241111;100516;13.545;100;11403724091;B
20241111;100517;13.54;100;11403724708;B
20241111;100517;13.54;100;11403724811;B
20241111;100518;13.54;100;11403724934;S
20241111;100518;13.54;100;11403725237;S
20241111;100518;13.535;100;11403725238;S
20241111;100518;13.525;800;11403725239;S
20241111;100518;13.545;100;11403725292;B
20241111;100521;13.545;100;11403726371;S
20241111;100522;13.535;100;11403726991;S
20241111;100523;13.545;200;11403727331;B
20241111;100523;13.545;3000;11403727332;B
20241111;100523;13.545;500;11403727333;B
20241111;100523;13.55;3000;11403727334;B
20241111;100523;13.55;500;11403727335;B
20241111;100523;13.555;3000;11403727336;B
20241111;100523;13.555;7500;11403727337;B
20241111;100523;13.555;4000;11403727338;B
20241111;100523;13.56;9800;11403727339;B
20241111;100523;13.56;3000;11403727340;B
20241111;100523;13.565;3000;11403727341;B
20241111;100523;13.565;32500;11403727342;B
20241111;100524;13.545;900;11403727866;S
20241111;100527;13.56;1900;11403728908;S
20241111;100529;13.56;2100;11403729544;S
20241111;100529;13.56;100;11403729562;S
20241111;100532;13.565;800;11403730409;B
20241111;100532;13.565;1000;11403730410;B
20241111;100533;13.56;200;11403730691;S
20241111;100535;13.565;100;11403731230;B
20241111;100540;13.565;100;11403732838;B
20241111;100540;13.565;100;11403732908;B
20241111;100540;13.565;100;11403733088;B
20241111;100541;13.56;400;11403733333;S
20241111;100541;13.565;1600;11403733421;B
20241111;100542;13.565;6400;11403733646;S
20241111;100544;13.57;100;11403734228;B
20241111;100544;13.57;100;11403734263;B
20241111;100544;13.57;100;11403734293;B
20241111;100544;13.57;100;11403734338;B
20241111;100545;13.57;100;11403734597;B
20241111;100546;13.565;4000;11403734985;S
20241111;100547;13.57;1900;11403735337;B
20241111;100547;13.575;7500;11403735338;B
20241111;100547;13.575;7600;11403735339;B
20241111;100547;13.58;1200;11403735340;B
20241111;100548;13.57;200;11403735533;S
20241111;100548;13.575;100;11403735749;B
20241111;100549;13.575;100;11403735849;B
20241111;100549;13.575;100;11403735892;B
20241111;100549;13.575;100;11403736087;B
20241111;100550;13.575;100;11403736387;B
20241111;100551;13.57;1900;11403736790;S
20241111;100551;13.57;2700;11403736791;S
20241111;100551;13.565;15400;11403736792;S
20241111;100552;13.57;100;11403737058;S
20241111;100553;13.57;100;11403737285;S
20241111;100554;13.575;1200;11403737485;B
20241111;100554;13.575;6300;11403737486;B
20241111;100554;13.575;700;11403737568;B
20241111;100555;13.575;300;11403737868;B
20241111;100555;13.57;100;11403737898;S
20241111;100555;13.57;100;11403738055;B
20241111;100556;13.57;100;11403738138;B
20241111;100556;13.57;100;11403738149;B
20241111;100556;13.575;900;11403738150;B
20241111;100556;13.57;100;11403738208;S
20241111;100557;13.575;1000;11403738538;B
20241111;100600;13.575;100;11403739718;B
20241111;100600;13.575;100;11403739825;B
20241111;100601;13.575;600;11403739999;B
20241111;100601;13.575;1600;11403740000;B
20241111;100602;13.57;100;11403740424;S
20241111;100602;13.57;100;11403740425;S
20241111;100602;13.565;800;11403740426;S
20241111;100603;13.57;500;11403740665;S
20241111;100603;13.57;100;11403740666;S
20241111;100603;13.565;2900;11403740667;S
20241111;100603;13.575;100;11403740756;B
20241111;100604;13.575;100;11403741161;B
20241111;100604;13.575;100;11403741217;B
20241111;100604;13.575;100;11403741255;B
20241111;100606;13.575;100;11403741818;B
20241111;100607;13.575;100;11403742320;B
20241111;100608;13.575;1000;11403742432;B
20241111;100609;13.575;200;11403743014;B
20241111;100609;13.57;1000;11403743064;S
20241111;100609;13.575;600;11403743083;B
20241111;100611;13.575;100;11403743807;B
20241111;100612;13.57;200;11403744350;S
20241111;100614;13.575;3900;11403744906;B
20241111;100614;13.575;800;11403744907;B
20241111;100615;13.575;800;11403745251;B
20241111;100616;13.575;100;11403745864;B
20241111;100619;13.57;800;11403746852;S
20241111;100621;13.575;100;11403747525;B
20241111;100621;13.575;800;11403747583;B
20241111;100625;13.57;400;11403749187;S
20241111;100626;13.57;5000;11403749559;S
20241111;100626;13.575;1200;11403749799;B
20241111;100627;13.57;200;11403750175;S
20241111;100627;13.575;100;11403750217;B
20241111;100628;13.57;1000;11403750423;S
20241111;100629;13.57;200;11403751052;S
20241111;100633;13.57;27200;11403752716;S
20241111;100633;13.57;100;11403752717;S
20241111;100633;13.57;200;11403752718;S
20241111;100633;13.57;300;11403752719;S
20241111;100634;13.57;3700;11403753161;S
20241111;100635;13.565;24900;11403753800;S
20241111;100635;13.565;100;11403753801;S
20241111;100635;13.565;1000;11403753802;S
20241111;100635;13.565;500;11403753803;S
20241111;100635;13.565;4000;11403753804;S
20241111;100635;13.56;4500;11403753805;S
20241111;100636;13.57;1300;11403754102;B
20241111;100636;13.57;100;11403754103;B
20241111;100636;13.57;16000;11403754104;B
20241111;100636;13.57;3800;11403754105;B
20241111;100636;13.575;6900;11403754106;B
20241111;100636;13.575;300;11403754107;B
20241111;100636;13.575;100;11403754108;B
20241111;100636;13.575;1000;11403754109;B
20241111;100636;13.575;500;11403754110;B
20241111;100636;13.575;200;11403754111;B
20241111;100636;13.575;2800;11403754112;B
20241111;100636;13.58;18800;11403754113;B
20241111;100636;13.58;4000;11403754114;B
20241111;100636;13.58;100;11403754115;B
20241111;100636;13.58;3000;11403754116;B
20241111;100636;13.585;3000;11403754117;B
20241111;100636;13.585;10000;11403754118;B
20241111;100636;13.59;100;11403754119;B
20241111;100636;13.59;25100;11403754120;B
20241111;100636;13.59;2900;11403754121;B
20241111;100636;13.565;3000;11403754196;S
20241111;100636;13.565;7600;11403754197;S
20241111;100636;13.565;4400;11403754198;S
20241111;100636;13.565;1000;11403754199;S
20241111;100636;13.565;200;11403754257;S
20241111;100636;13.565;3000;11403754258;S
20241111;100636;13.565;7600;11403754259;S
20241111;100636;13.56;55700;11403754260;S
20241111;100639;13.565;3000;11403755268;S
20241111;100641;13.565;100;11403756007;B
20241111;100643;13.565;100;11403756871;B
20241111;100644;13.56;200;11403757488;S
20241111;100646;13.56;17600;11403758139;S
20241111;100646;13.565;1800;11403758254;B
20241111;100648;13.565;100;11403759122;B
20241111;100648;13.57;100;11403759123;B
20241111;100648;13.575;100;11403759124;B
20241111;100648;13.575;4000;11403759125;B
20241111;100648;13.575;1000;11403759126;B
20241111;100648;13.58;200;11403759127;B
20241111;100648;13.58;5000;11403759128;B
20241111;100648;13.585;3000;11403759129;B
20241111;100648;13.585;7600;11403759130;B
20241111;100648;13.59;100;11403759131;B
20241111;100648;13.59;7600;11403759132;B
20241111;100648;13.59;21100;11403759133;B
20241111;100648;13.595;3000;11403759134;B
20241111;100648;13.595;5000;11403759135;B
20241111;100648;13.595;400;11403759136;B
20241111;100648;13.595;700;11403759137;B
20241111;100648;13.595;10100;11403759138;B
20241111;100648;13.595;100;11403759139;B
20241111;100648;13.6;10000;11403759140;B
20241111;100648;13.6;20800;11403759141;B
20241111;100649;13.575;100;11403759427;B
20241111;100650;13.575;100;11403759720;S
20241111;100652;13.57;100;11403760356;S
20241111;100652;13.575;100;11403760405;B
20241111;100652;13.575;100;11403760406;B
20241111;100652;13.585;3600;11403760407;B
20241111;100652;13.59;3000;11403760408;B
20241111;100652;13.59;3200;11403760409;B
20241111;100652;13.57;100;11403760417;S
20241111;100654;13.565;3000;11403761089;S
20241111;100654;13.565;2000;11403761090;S
20241111;100655;13.565;100;11403761504;S
20241111;100655;13.57;100;11403761650;B
20241111;100655;13.575;500;11403761651;B
20241111;100658;13.565;100;11403762824;S
20241111;100700;13.57;100;11403763281;B
20241111;100700;13.57;3700;11403763346;S
20241111;100700;13.565;1800;11403763347;S
20241111;100702;13.57;100;11403764164;B
20241111;100702;13.575;300;11403764165;B
20241111;100702;13.58;200;11403764166;B
20241111;100702;13.585;500;11403764167;B
20241111;100702;13.565;1000;11403764360;S
20241111;100702;13.565;3000;11403764361;S
20241111;100702;13.565;900;11403764362;S
20241111;100702;13.565;100;11403764363;S
20241111;100705;13.565;3000;11403765394;S
20241111;100707;13.56;100;11403766212;S
20241111;100707;13.56;500;11403766215;S
20241111;100708;13.565;3000;11403766573;B
20241111;100709;13.56;16700;11403766777;S
20241111;100709;13.56;3000;11403766778;S
20241111;100709;13.56;200;11403766779;S
20241111;100709;13.56;10000;11403766780;S
20241111;100709;13.56;100;11403766781;S
20241111;100709;13.56;1000;11403766925;B
20241111;100711;13.555;100;11403767516;B
20241111;100711;13.54;600;11403767676;S
20241111;100712;13.54;100;11403767959;S
20241111;100712;13.54;100;11403768038;S
20241111;100716;13.54;2200;11403769483;S
20241111;100716;13.54;100;11403769484;S
20241111;100716;13.54;1000;11403769485;S
20241111;100716;13.535;3000;11403769486;S
20241111;100716;13.535;1000;11403769487;S
20241111;100716;13.53;3000;11403769488;S
20241111;100716;13.53;4000;11403769489;S
20241111;100716;13.525;3000;11403769490;S
20241111;100716;13.525;7500;11403769491;S
20241111;100716;13.52;3000;11403769492;S
20241111;100716;13.52;2200;11403769493;S
20241111;100716;13.55;100;11403769532;B
20241111;100716;13.55;200;11403769533;B
20241111;100717;13.55;500;11403769873;B
20241111;100718;13.53;100;11403770020;B
20241111;100718;13.535;100;11403770262;B
20241111;100719;13.525;200;11403770359;S
20241111;100723;13.525;2800;11403772270;S
20241111;100723;13.525;900;11403772271;S
20241111;100723;13.52;6300;11403772272;S
20241111;100724;13.525;100;11403772401;S
20241111;100724;13.525;2900;11403772457;S
20241111;100724;13.52;5100;11403772458;S
20241111;100724;13.52;2000;11403772459;S
20241111;100724;13.54;100;11403772699;B
20241111;100724;13.545;4000;11403772700;B
20241111;100725;13.525;200;11403773061;S
20241111;100725;13.525;3000;11403773062;S
20241111;100725;13.525;1800;11403773063;B
20241111;100726;13.53;400;11403773540;S
20241111;100726;13.53;2000;11403773590;S
20241111;100727;13.545;200;11403773850;B
20241111;100727;13.53;300;11403773920;S
20241111;100728;13.55;2300;11403774350;B
20241111;100728;13.55;200;11403774351;B
20241111;100728;13.555;3000;11403774352;B
20241111;100728;13.555;4000;11403774353;B
20241111;100728;13.56;500;11403774354;B
20241111;100733;13.555;3000;11403776385;B
20241111;100733;13.56;2500;11403776386;B
20241111;100733;13.56;500;11403776387;B
20241111;100733;13.565;5700;11403776388;B
20241111;100733;13.565;4400;11403776389;B
20241111;100733;13.565;3000;11403776390;B
20241111;100733;13.565;500;11403776391;B
20241111;100733;13.57;3000;11403776392;B
20241111;100733;13.575;3000;11403776393;B
20241111;100733;13.575;2200;11403776394;B
20241111;100733;13.575;3900;11403776395;B
20241111;100734;13.57;100;11403776851;B
20241111;100734;13.555;200;11403776899;S
20241111;100734;13.55;1800;11403776900;S
20241111;100734;13.55;200;11403776917;S
20241111;100734;13.545;1800;11403776918;S
20241111;100734;13.545;1200;11403776922;S
20241111;100734;13.545;800;11403776923;S
20241111;100734;13.545;2000;11403776927;S
20241111;100734;13.545;1300;11403776940;S
20241111;100736;13.545;700;11403777457;S
20241111;100736;13.545;1000;11403777481;S
20241111;100738;13.56;1000;11403778713;B
20241111;100739;13.55;800;11403779136;S
20241111;100739;13.54;200;11403779137;S
20241111;100739;13.54;200;11403779138;S
20241111;100739;13.54;400;11403779139;S
20241111;100739;13.54;2000;11403779140;S
20241111;100740;13.555;200;11403779397;B
20241111;100740;13.56;400;11403779398;B
20241111;100741;13.56;1600;11403779883;B
20241111;100741;13.56;400;11403779884;B
20241111;100741;13.565;1600;11403779885;B
20241111;100743;13.54;200;11403780578;S
20241111;100743;13.535;800;11403780579;S
20241111;100744;13.56;200;11403781098;B
20241111;100752;13.555;100;11403784000;B
20241111;100754;13.56;100;11403784703;B
20241111;100754;13.54;11000;11403784759;S
20241111;100754;13.54;3000;11403784760;S
20241111;100801;13.53;100;11403786968;S
20241111;100801;13.525;400;11403786969;S
20241111;100801;13.525;3000;11403786970;S
20241111;100801;13.525;200;11403786971;S
20241111;100801;13.525;900;11403786972;S
20241111;100801;13.52;3000;11403786986;S
20241111;100801;13.52;4000;11403786987;S
20241111;100801;13.515;4400;11403786988;S
20241111;100801;13.515;4000;11403786989;S
20241111;100801;13.515;3000;11403786990;S
20241111;100801;13.515;13900;11403786991;B
20241111;100801;13.53;3000;11403787254;B
20241111;100801;13.53;1300;11403787255;B
20241111;100801;13.535;7600;11403787256;B
20241111;100801;13.535;3000;11403787257;B
20241111;100801;13.535;1300;11403787258;B
20241111;100801;13.535;200;11403787259;B
20241111;100801;13.54;8600;11403787260;B
20241111;100804;13.535;100;11403788013;B
20241111;100805;13.535;700;11403788283;B
20241111;100807;13.515;200;11403789062;S
20241111;100807;13.515;1300;11403789063;S
20241111;100810;13.515;200;11403789835;S
20241111;100813;13.515;200;11403791044;S
20241111;100813;13.515;1300;11403791124;S
20241111;100813;13.51;3000;11403791125;S
20241111;100813;13.51;100;11403791126;S
20241111;100813;13.51;100;11403791127;S
20241111;100814;13.515;500;11403791274;S
20241111;100814;13.52;100;11403791329;B
20241111;100815;13.53;200;11403791450;B
20241111;100815;13.535;1800;11403791451;B
20241111;100815;13.535;400;11403791484;B
20241111;100815;13.535;100;11403791485;B
20241111;100817;13.52;100;11403791990;S
20241111;100817;13.535;100;11403792031;B
20241111;100822;13.52;100;11403793533;S
20241111;100822;13.52;100;11403793534;S
20241111;100822;13.515;2500;11403793535;S
20241111;100822;13.515;1000;11403793536;S
20241111;100822;13.51;1300;11403793537;S
20241111;100829;13.515;1000;11403795770;S
20241111;100834;13.515;200;11403797454;S
20241111;100837;13.515;1200;11403798514;S
20241111;100842;13.515;500;11403799966;S
20241111;100843;13.515;100;11403800188;S
20241111;100843;13.515;100;11403800189;S
20241111;100843;13.51;800;11403800190;S
20241111;100851;13.515;1000;11403802675;S
20241111;100853;13.515;2000;11403803455;S
20241111;100853;13.51;900;11403803456;S
20241111;100853;13.51;7600;11403803457;S
20241111;100853;13.51;2000;11403803458;S
20241111;100853;13.51;700;11403803459;S
20241111;100853;13.505;3000;11403803460;S
20241111;100853;13.505;8000;11403803461;S
20241111;100853;13.505;100;11403803462;S
20241111;100853;13.5;3000;11403803463;S
20241111;100853;13.5;2700;11403803464;S
20241111;100853;13.505;1400;11403803471;S
20241111;100854;13.505;1600;11403803757;S
20241111;100854;13.5;600;11403803758;S
20241111;100854;13.5;800;11403803759;S
20241111;100854;13.5;7600;11403803760;S
20241111;100854;13.5;200;11403803761;S
20241111;100854;13.5;800;11403803762;S
20241111;100854;13.5;3000;11403803763;S
20241111;100854;13.495;3000;11403803764;S
20241111;100854;13.495;400;11403803765;S
20241111;100856;13.515;100;11403804591;B
20241111;100858;13.515;200;11403805083;B
20241111;100858;13.515;4800;11403805084;B
20241111;100858;13.515;100;11403805235;B
20241111;100859;13.495;600;11403805525;S
20241111;100901;13.495;100;11403805786;S
20241111;100901;13.495;3000;11403805787;S
20241111;100901;13.49;1900;11403805788;S
20241111;100901;13.49;1100;11403805792;S
20241111;100901;13.49;100;11403805793;S
20241111;100901;13.49;200;11403805794;S
20241111;100901;13.49;500;11403805795;S
20241111;100901;13.485;4000;11403805796;S
20241111;100901;13.485;3000;11403805797;S
20241111;100901;13.485;14900;11403805798;S
20241111;100901;13.49;3000;11403805846;S
20241111;100901;13.485;1100;11403805847;S
20241111;100901;13.485;3000;11403805848;S
20241111;100901;13.485;1500;11403805849;S
20241111;100901;13.485;700;11403805850;S
20241111;100901;13.48;100;11403805851;S
20241111;100901;13.48;600;11403805852;S
20241111;100915;13.505;300;11403810262;B
20241111;100921;13.49;800;11403811949;S
20241111;100923;13.485;3000;11403812714;S
20241111;100923;13.485;300;11403812715;S
20241111;100923;13.48;2400;11403812716;S
20241111;100923;13.48;300;11403812717;S
20241111;100923;13.48;12300;11403812718;S
20241111;100923;13.48;1200;11403812719;S
20241111;100923;13.475;3000;11403812720;S
20241111;100923;13.475;7600;11403812721;S
20241111;100923;13.475;1200;11403812722;S
20241111;100923;13.47;3000;11403812723;S
20241111;100923;13.47;20000;11403812724;S
20241111;100923;13.47;3000;11403812725;S
20241111;100923;13.47;1000;11403812726;S
20241111;100923;13.49;100;11403812777;B
20241111;100925;13.495;200;11403813325;B
20241111;100925;13.5;1900;11403813326;B
20241111;100927;13.5;800;11403813914;B
20241111;100928;13.5;200;11403814052;B
20241111;100928;13.505;100;11403814053;B
20241111;100928;13.49;3000;11403814091;S
20241111;100928;13.49;200;11403814092;S
20241111;100928;13.485;3000;11403814093;S
20241111;100928;13.485;7600;11403814094;S
20241111;100928;13.485;1600;11403814095;S
20241111;100928;13.48;6800;11403814096;S
20241111;100930;13.48;600;11403814461;S
20241111;100931;13.49;1000;11403814875;B
20241111;100933;13.48;2100;11403815554;S
20241111;100933;13.48;13100;11403815555;S
20241111;100934;13.48;7700;11403815730;S
20241111;100934;13.47;8000;11403815731;S
20241111;100935;13.475;100;11403816164;B
20241111;100937;13.475;2700;11403816744;B
20241111;100942;13.475;100;11403818131;B
20241111;100943;13.475;300;11403818626;B
20241111;100944;13.465;200;11403819149;S
20241111;100944;13.46;800;11403819150;S
20241111;100944;13.46;4000;11403819151;S
20241111;100946;13.455;800;11403819718;S
20241111;100950;13.465;200;11403820796;B
20241111;100950;13.47;100;11403820797;B
20241111;100950;13.47;200;11403820798;S
20241111;100953;13.475;100;11403821875;B
20241111;100954;13.455;200;11403822209;S
20241111;100955;13.475;200;11403822344;B
20241111;100956;13.46;4600;11403822492;S
20241111;100958;13.46;5100;11403823286;S
20241111;100959;13.46;200;11403823596;S
20241111;101003;13.46;100;11403825091;S
20241111;101004;13.46;4000;11403825113;S
20241111;101005;13.455;2600;11403825405;S
20241111;101005;13.455;3900;11403825602;S
20241111;101005;13.45;100;11403825603;S
20241111;101005;13.45;3000;11403825604;S
20241111;101005;13.45;100;11403825605;S
20241111;101005;13.45;1100;11403825606;S
20241111;101005;13.45;100;11403825607;S
20241111;101005;13.45;11700;11403825608;S
20241111;101007;13.46;100;11403825877;B
20241111;101011;13.455;200;11403827089;S
20241111;101015;13.46;100;11403829084;B
20241111;101015;13.45;13300;11403829418;S
20241111;101015;13.45;100;11403829419;S
20241111;101015;13.45;400;11403829420;S
20241111;101024;13.45;100;11403832400;S
20241111;101024;13.45;100;11403832429;S
20241111;101025;13.45;2500;11403832696;S
20241111;101025;13.455;200;11403832724;B
20241111;101025;13.455;500;11403832725;B
20241111;101026;13.455;1300;11403832920;S
20241111;101026;13.45;7600;11403832921;S
20241111;101026;13.445;188200;11403832922;S
20241111;101026;13.445;10000;11403832923;S
20241111;101026;13.445;5000;11403832924;S
20241111;101026;13.445;59600;11403832925;S
20241111;101026;13.44;100;11403833009;S
20241111;101026;13.44;800;11403833010;S
20241111;101026;13.435;3700;11403833011;S
20241111;101026;13.43;100;11403833012;S
20241111;101026;13.43;1000;11403833013;S
20241111;101026;13.425;800;11403833014;S
20241111;101026;13.42;100;11403833015;S
20241111;101026;13.42;1400;11403833016;S
20241111;101026;13.445;40000;11403833019;B
20241111;101027;13.425;1000;11403833405;S
20241111;101027;13.415;1500;11403833426;S
20241111;101033;13.44;300;11403835212;B
20241111;101035;13.44;1000;11403835932;B
20241111;101036;13.425;300;11403836133;S
20241111;101037;13.44;200;11403836530;B
20241111;101038;13.44;1500;11403836685;B
20241111;101038;13.44;7600;11403836686;B
20241111;101038;13.44;1400;11403836687;B
20241111;101040;13.44;300;11403837297;S
20241111;101044;13.44;10000;11403838490;S
20241111;101045;13.445;20000;11403838801;B
20241111;101048;13.445;100;11403839637;B
20241111;101048;13.445;4600;11403839651;B
20241111;101048;13.445;600;11403839652;B
20241111;101048;13.44;20000;11403839681;S
20241111;101049;13.445;5000;11403839870;B
20241111;101049;13.445;700;11403839871;B
20241111;101050;13.44;18800;11403840229;S
20241111;101050;13.44;400;11403840232;S
20241111;101100;13.445;100;11403843015;B
20241111;101102;13.44;17000;11403843510;S
20241111;101106;13.44;2000;11403844511;S
20241111;101108;13.44;100;11403845088;S
20241111;101109;13.445;100;11403845425;B
20241111;101112;13.44;100;11403846251;S
20241111;101117;13.44;400;11403847448;S
20241111;101119;13.445;500;11403848160;B
20241111;101123;13.445;100;11403848920;B
20241111;101124;13.44;10000;11403849263;S
20241111;101126;13.445;3800;11403849755;B
20241111;101128;13.445;1000;11403850294;S
20241111;101128;13.455;200;11403850308;B
20241111;101128;13.46;4800;11403850309;B
20241111;101130;13.445;200;11403850822;S
20241111;101130;13.445;600;11403850823;S
20241111;101136;13.445;100;11403852539;S
20241111;101139;13.455;100;11403853423;B
20241111;101139;13.46;2100;11403853424;B
20241111;101139;13.46;1800;11403853425;B
20241111;101139;13.46;3800;11403853426;B
20241111;101141;13.46;200;11403853719;B
20241111;101141;13.465;1600;11403853720;B
20241111;101144;13.455;500;11403854796;S
20241111;101144;13.45;400;11403854797;S
20241111;101145;13.45;3000;11403854889;S
20241111;101147;13.46;200;11403855537;B
20241111;101150;13.465;200;11403856151;B
20241111;101150;13.47;800;11403856152;B
20241111;101154;13.47;2200;11403857232;B
20241111;101154;13.47;300;11403857233;B
20241111;101154;13.47;500;11403857234;B
20241111;101154;13.475;2800;11403857235;B
20241111;101154;13.475;7600;11403857236;B
20241111;101154;13.475;1000;11403857237;B
20241111;101154;13.475;3400;11403857238;B
20241111;101154;13.48;8200;11403857239;B
20241111;101155;13.475;100;11403857663;B
20241111;101159;13.465;100;11403858543;S
20241111;101200;13.475;100;11403858939;B
20241111;101212;13.465;1000;11403862530;B
20241111;101213;13.46;100;11403862789;S
20241111;101213;13.46;200;11403862790;S
20241111;101215;13.46;100;11403863366;S
20241111;101215;13.46;200;11403863367;S
20241111;101215;13.455;200;11403863368;S
20241111;101216;13.455;100;11403863573;S
20241111;101216;13.455;100;11403863574;S
20241111;101220;13.455;2000;11403864516;S
20241111;101220;13.455;600;11403864554;S
20241111;101220;13.45;3000;11403864555;S
20241111;101220;13.45;7600;11403864556;S
20241111;101220;13.45;1800;11403864557;S
20241111;101220;13.45;7600;11403864558;S
20241111;101220;13.45;100;11403864559;S
20241111;101221;13.45;100;11403864632;B
20241111;101221;13.445;300;11403864759;S
20241111;101221;13.445;300;11403864760;S
20241111;101222;13.45;3000;11403865076;B
20241111;101222;13.445;3500;11403865080;S
20241111;101222;13.445;2900;11403865081;S
20241111;101222;13.445;100;11403865082;S
20241111;101222;13.44;500;11403865083;S
20241111;101223;13.44;3200;11403865421;S
20241111;101223;13.44;500;11403865463;S
20241111;101223;13.44;500;11403865464;S
20241111;101225;13.44;500;11403865778;S
20241111;101225;13.44;500;11403865779;S
20241111;101225;13.44;600;11403865780;S
20241111;101226;13.44;100;11403866040;S
20241111;101226;13.44;100;11403866041;S
20241111;101230;13.45;1400;11403867425;B
20241111;101231;13.45;100;11403867466;B
20241111;101231;13.445;200;11403867597;S
20241111;101231;13.445;300;11403867598;S
20241111;101236;13.45;2500;11403868431;B
20241111;101237;13.445;400;11403868660;S
20241111;101237;13.445;500;11403868661;S
20241111;101237;13.445;2000;11403868680;S
20241111;101238;13.445;300;11403868818;S
20241111;101238;13.445;300;11403868819;S
20241111;101247;13.445;6000;11403870822;S
20241111;101247;13.44;4000;11403870823;S
20241111;101247;13.44;100;11403870902;S
20241111;101248;13.44;1700;11403870965;S
20241111;101248;13.44;1700;11403870967;S
20241111;101253;13.44;1800;11403872112;S
20241111;101254;13.44;300;11403872210;S
20241111;101254;13.44;300;11403872212;S
20241111;101255;13.44;300;11403872434;S
20241111;101255;13.44;100;11403872498;S
20241111;101257;13.445;25000;11403872859;B
20241111;101258;13.445;100;11403873135;S
20241111;101258;13.44;4200;11403873136;S
20241111;101258;13.44;400;11403873138;S
20241111;101258;13.44;4000;11403873139;S
20241111;101258;13.44;300;11403873140;S
20241111;101258;13.44;100;11403873141;S
20241111;101258;13.44;1000;11403873142;S
20241111;101259;13.43;100;11403873375;S
20241111;101259;13.43;100;11403873381;S
20241111;101300;13.43;200;11403873551;S
20241111;101300;13.43;200;11403873552;S
20241111;101309;13.44;800;11403875808;B
20241111;101309;13.44;7200;11403875809;B
20241111;101309;13.435;100;11403875913;B
20241111;101310;13.43;1400;11403876017;S
20241111;101310;13.43;1200;11403876021;S
20241111;101313;13.43;100;11403876909;S
20241111;101316;13.43;6700;11403877629;S
20241111;101317;13.425;200;11403877826;S
20241111;101317;13.42;100;11403877827;S
20241111;101317;13.42;100;11403877828;S
20241111;101317;13.42;1000;11403877829;S
20241111;101317;13.42;900;11403877830;S
20241111;101317;13.42;2000;11403877877;S
20241111;101318;13.42;100;11403878005;B
20241111;101318;13.42;300;11403878006;B
20241111;101318;13.425;100;11403878007;B
20241111;101318;13.425;300;11403878008;B
20241111;101318;13.43;3300;11403878009;B
20241111;101318;13.435;200;11403878010;B
20241111;101318;13.44;400;11403878011;B
20241111;101318;13.44;3000;11403878012;B
20241111;101318;13.445;40000;11403878013;B
20241111;101319;13.43;1300;11403878228;S
20241111;101319;13.42;3000;11403878230;S
20241111;101319;13.415;100;11403878231;S
20241111;101319;13.415;100;11403878232;S
20241111;101319;13.415;100;11403878233;S
20241111;101319;13.41;1000;11403878234;S
20241111;101319;13.41;2000;11403878235;S
20241111;101319;13.41;600;11403878236;S
20241111;101319;13.41;7000;11403878239;S
20241111;101319;13.41;500;11403878240;S
20241111;101319;13.44;300;11403878350;B
20241111;101320;13.425;100;11403878554;S
20241111;101322;13.42;700;11403878975;S
20241111;101322;13.42;1000;11403879085;B
20241111;101322;13.41;200;11403879229;S
20241111;101322;13.41;100;11403879231;S
20241111;101324;13.41;200;11403879507;S
20241111;101324;13.41;100;11403879508;S
20241111;101324;13.42;100;11403879605;B
20241111;101324;13.41;7000;11403879703;S
20241111;101324;13.41;3000;11403879704;S
20241111;101325;13.41;1700;11403879853;S
20241111;101325;13.41;1700;11403879855;S
20241111;101329;13.415;300;11403880806;B
20241111;101329;13.42;700;11403880807;B
20241111;101329;13.425;2200;11403880808;B
20241111;101329;13.43;7600;11403880809;B
20241111;101329;13.435;3000;11403880810;B
20241111;101329;13.435;200;11403880811;B
20241111;101329;13.435;100;11403880812;B
20241111;101329;13.435;100;11403880813;B
20241111;101329;13.44;2700;11403880814;B
20241111;101329;13.44;3100;11403880815;B
20241111;101330;13.42;3300;11403881014;S
20241111;101330;13.42;2000;11403881015;S
20241111;101330;13.415;1300;11403881016;S
20241111;101333;13.445;600;11403881718;B
20241111;101333;13.435;100;11403881870;S
20241111;101333;13.435;100;11403881871;S
20241111;101337;13.435;100;11403882759;S
20241111;101338;13.435;100;11403882980;S
20241111;101338;13.435;200;11403883086;S
20241111;101339;13.435;100;11403883216;S
20241111;101340;13.435;100;11403883414;S
20241111;101340;13.435;300;11403883490;S
20241111;101341;13.435;100;11403883690;S
20241111;101343;13.435;400;11403884068;S
20241111;101344;13.435;100;11403884244;S
20241111;101347;13.445;200;11403884936;B
20241111;101347;13.435;100;11403885155;S
20241111;101352;13.435;1000;11403886207;S
20241111;101352;13.435;900;11403886267;S
20241111;101352;13.435;5000;11403886369;S
20241111;101353;13.435;200;11403886414;S
20241111;101353;13.435;100;11403886415;S
20241111;101353;13.435;4300;11403886419;S
20241111;101353;13.425;700;11403886420;S
20241111;101353;13.425;100;11403886457;S
20241111;101353;13.42;100;11403886458;S
20241111;101353;13.42;500;11403886459;S
20241111;101353;13.42;3000;11403886460;S
20241111;101353;13.42;1300;11403886461;S
20241111;101354;13.415;1700;11403886754;S
20241111;101354;13.415;100;11403886755;S
20241111;101354;13.415;100;11403886757;S
20241111;101354;13.41;1700;11403886758;S
20241111;101354;13.41;100;11403886790;S
20241111;101355;13.41;900;11403886987;S
20241111;101355;13.41;800;11403886988;S
20241111;101355;13.41;300;11403887090;S
20241111;101355;13.41;2000;11403887091;S
20241111;101355;13.41;2700;11403887092;S
20241111;101355;13.425;500;11403887171;B
20241111;101355;13.425;2000;11403887172;B
20241111;101355;13.425;900;11403887173;B
20241111;101355;13.43;100;11403887174;B
20241111;101355;13.43;800;11403887175;B
20241111;101355;13.435;200;11403887176;B
20241111;101355;13.435;3000;11403887177;B
20241111;101355;13.44;3000;11403887178;B
20241111;101355;13.44;7600;11403887179;B
20241111;101355;13.44;7600;11403887180;B
20241111;101355;13.445;3900;11403887181;B
20241111;101355;13.445;3000;11403887182;B
20241111;101355;13.445;100;11403887183;B
20241111;101355;13.45;100;11403887184;B
20241111;101355;13.45;3000;11403887185;B
20241111;101355;13.45;100000;11403887186;B
20241111;101355;13.455;3000;11403887187;B
20241111;101355;13.46;3000;11403887188;B
20241111;101355;13.46;300;11403887189;B
20241111;101355;13.465;4000;11403887190;B
20241111;101355;13.465;2700;11403887191;B
20241111;101356;13.435;16300;11403887373;S
20241111;101356;13.43;200;11403887374;S
20241111;101356;13.42;4000;11403887375;S
20241111;101356;13.415;3000;11403887376;S
20241111;101356;13.415;100;11403887377;S
20241111;101356;13.415;2400;11403887378;S
20241111;101356;13.41;4200;11403887379;S
20241111;101356;13.415;3000;11403887381;S
20241111;101356;13.41;100;11403887382;S
20241111;101356;13.41;3000;11403887383;S
20241111;101356;13.41;7600;11403887384;S
20241111;101356;13.41;2000;11403887385;S
20241111;101356;13.405;100;11403887387;S
20241111;101356;13.405;3000;11403887388;S
20241111;101359;13.445;3000;11403887872;B
20241111;101359;13.445;200;11403887873;B
20241111;101359;13.445;2000;11403887874;B
20241111;101359;13.45;3000;11403887875;B
20241111;101359;13.45;2100;11403887876;B
20241111;101359;13.45;5000;11403887877;B
20241111;101400;13.45;2500;11403888116;S
20241111;101400;13.45;2600;11403888118;S
20241111;101400;13.455;100;11403888261;B
20241111;101401;13.45;3500;11403888321;S
20241111;101401;13.45;100;11403888380;S
20241111;101402;13.45;500;11403888658;S
20241111;101402;13.45;600;11403888659;S
20241111;101403;13.45;4800;11403888807;S
20241111;101404;13.445;800;11403889143;S
20241111;101404;13.445;800;11403889145;S
20241111;101410;13.445;4000;11403890742;S
20241111;101411;13.445;700;11403891056;S
20241111;101411;13.445;700;11403891057;S
20241111;101418;13.45;100;11403892625;B
20241111;101418;13.45;100;11403892671;B
20241111;101425;13.445;1900;11403894372;S
20241111;101426;13.445;300;11403894540;S
20241111;101427;13.445;400;11403894700;S
20241111;101427;13.445;400;11403894701;S
20241111;101429;13.45;300;11403895141;B
20241111;101430;13.445;100;11403895421;S
20241111;101432;13.45;200;11403895843;B
20241111;101439;13.445;1000;11403897482;B
20241111;101439;13.44;200;11403897552;S
20241111;101439;13.44;200;11403897553;S
20241111;101445;13.44;2100;11403899021;S
20241111;101445;13.44;300;11403899163;S
20241111;101445;13.44;400;11403899164;S
20241111;101449;13.44;400;11403900155;S
20241111;101449;13.44;100;11403900294;S
20241111;101450;13.44;300;11403900434;S
20241111;101450;13.44;100;11403900527;S
20241111;101450;13.445;1500;11403900608;B
20241111;101450;13.445;2000;11403900609;B
20241111;101451;13.445;1500;11403900786;S
20241111;101451;13.44;3500;11403900787;S
20241111;101451;13.44;600;11403900822;S
20241111;101451;13.44;600;11403900823;S
20241111;101451;13.44;1200;11403900943;S
20241111;101451;13.43;300;11403900944;S
20241111;101452;13.425;800;11403901298;S
20241111;101452;13.425;800;11403901299;S
20241111;101452;13.43;100;11403901367;B
20241111;101452;13.43;300;11403901368;B
20241111;101452;13.435;600;11403901369;B
20241111;101453;13.425;200;11403901548;S
20241111;101453;13.43;100;11403901662;B
20241111;101453;13.435;2000;11403901663;B
20241111;101453;13.435;200;11403901664;B
20241111;101453;13.44;100;11403901665;B
20241111;101453;13.44;5000;11403901666;B
20241111;101454;13.445;3000;11403901771;B
20241111;101454;13.445;1200;11403901772;B
20241111;101454;13.445;1100;11403901829;B
20241111;101454;13.45;100;11403901858;B
20241111;101454;13.45;100;11403901859;B
20241111;101454;13.45;1300;11403901860;B
20241111;101455;13.44;500;11403902086;S
20241111;101455;13.44;500;11403902087;S
20241111;101455;13.44;300;11403902339;S
20241111;101455;13.44;200;11403902340;S
20241111;101501;13.445;100;11403903871;B
20241111;101501;13.445;2000;11403903872;B
20241111;101501;13.45;2400;11403903873;B
20241111;101501;13.45;1500;11403903874;B
20241111;101502;13.44;1000;11403904398;S
20241111;101502;13.44;100;11403904399;S
20241111;101502;13.435;500;11403904401;S
20241111;101502;13.435;400;11403904402;S
20241111;101507;13.44;2000;11403906256;S
20241111;101507;13.44;300;11403906406;S
20241111;101507;13.44;400;11403906407;S
20241111;101507;13.445;1200;11403906410;B
20241111;101508;13.44;200;11403906650;S
20241111;101508;13.44;200;11403906651;S
20241111;101508;13.44;100;11403906705;S
20241111;101509;13.45;100;11403907244;B
20241111;101510;13.44;100;11403907527;S
20241111;101513;13.44;100;11403909034;S
20241111;101513;13.44;1000;11403909159;S
20241111;101513;13.44;8700;11403909198;S
20241111;101513;13.435;1300;11403909199;S
20241111;101514;13.435;100;11403909301;S
20241111;101514;13.43;100;11403909631;S
20241111;101514;13.43;200;11403909632;S
20241111;101515;13.425;1200;11403910050;S
20241111;101515;13.425;500;11403910051;S
20241111;101515;13.425;1700;11403910053;S
20241111;101516;13.425;2800;11403910398;S
20241111;101516;13.425;100;11403910399;S
20241111;101516;13.425;3000;11403910400;S
20241111;101516;13.425;1200;11403910401;S
20241111;101516;13.42;2900;11403910402;S
20241111;101517;13.425;1600;11403910728;S
20241111;101517;13.425;1400;11403910729;S
20241111;101517;13.42;100;11403910732;S
20241111;101517;13.42;200;11403910733;S
20241111;101518;13.42;3300;11403911283;S
20241111;101519;13.42;600;11403911585;S
20241111;101519;13.42;500;11403911586;S
20241111;101521;13.445;400;11403912513;B
20241111;101522;13.42;100;11403912900;S
20241111;101522;13.42;100;11403912902;S
20241111;101525;13.425;100;11403914208;S
20241111;101527;13.425;100;11403915136;S
20241111;101527;13.425;200;11403915138;S
20241111;101527;13.42;200;11403915139;S
20241111;101527;13.42;100;11403915144;S
20241111;101528;13.42;100;11403915538;S
20241111;101528;13.42;100;11403915540;S
20241111;101530;13.42;2000;11403916141;S
20241111;101530;13.44;600;11403916219;B
20241111;101531;13.425;100;11403916475;B
20241111;101531;13.42;300;11403916489;S
20241111;101531;13.42;300;11403916490;S
20241111;101531;13.42;100;11403916848;S
20241111;101531;13.42;100;11403916849;S
20241111;101532;13.42;1400;11403916988;S
20241111;101533;13.42;200;11403917228;S
20241111;101533;13.42;200;11403917229;S
20241111;101534;13.42;200;11403917977;S
20241111;101537;13.42;100;11403918791;S
20241111;101540;13.42;300;11403920081;S
20241111;101540;13.42;500;11403920491;S
20241111;101540;13.42;100;11403920534;S
20241111;101541;13.42;100;11403920923;S
20241111;101542;13.42;100;11403921323;S
20241111;101545;13.42;400;11403922303;S
20241111;101545;13.425;1000;11403922474;B
20241111;101546;13.42;100;11403922753;S
20241111;101547;13.42;100;11403923079;S
20241111;101547;13.42;200;11403923080;S
20241111;101549;13.425;3000;11403924143;B
20241111;101550;13.42;500;11403924561;S
20241111;101550;13.42;500;11403924562;S
20241111;101551;13.42;1200;11403924826;S
20241111;101551;13.42;100;11403924827;S
20241111;101551;13.42;700;11403924828;S
20241111;101551;13.425;2000;11403924848;B
20241111;101552;13.42;300;11403925168;S
20241111;101552;13.42;400;11403925170;S
20241111;101552;13.42;100;11403925456;S
20241111;101553;13.42;300;11403925564;S
20241111;101553;13.42;400;11403925565;S
20241111;101553;13.42;7800;11403925695;S
20241111;101553;13.415;100;11403925696;S
20241111;101553;13.415;100;11403925697;S
20241111;101553;13.41;3000;11403925698;S
20241111;101553;13.41;6000;11403925699;S
20241111;101554;13.41;2800;11403926121;S
20241111;101554;13.41;2900;11403926122;S
20241111;101555;13.41;100;11403926766;S
20241111;101556;13.415;500;11403927153;B
20241111;101557;13.41;100;11403927525;S
20241111;101557;13.41;100;11403927526;S
20241111;101559;13.41;300;11403928507;S
20241111;101600;13.41;100;11403929023;S
20241111;101601;13.415;500;11403929541;B
20241111;101602;13.41;100;11403929920;S
20241111;101604;13.41;3100;11403930704;S
20241111;101605;13.41;500;11403931225;S
20241111;101605;13.41;600;11403931227;S
20241111;101609;13.41;2000;11403932935;S
20241111;101610;13.41;300;11403933352;S
20241111;101610;13.41;300;11403933355;S
20241111;101613;13.41;3900;11403934344;S
20241111;101613;13.41;200;11403934345;S
20241111;101613;13.41;1800;11403934346;S
20241111;101614;13.41;1000;11403934686;S
20241111;101614;13.41;1000;11403934687;S
20241111;101614;13.41;6200;11403934698;S
20241111;101614;13.405;3000;11403934699;S
20241111;101614;13.405;100;11403934700;S
20241111;101614;13.405;5000;11403934701;S
20241111;101614;13.4;8900;11403934702;S
20241111;101614;13.4;700;11403934703;S
20241111;101614;13.4;1100;11403934704;S
20241111;101614;13.4;5000;11403934734;S
20241111;101614;13.4;100;11403934876;S
20241111;101614;13.4;400;11403934962;S
20241111;101615;13.4;4100;11403935038;S
20241111;101615;13.4;4200;11403935039;S
20241111;101615;13.4;1000;11403935058;S
20241111;101615;13.4;100;11403935059;S
20241111;101615;13.4;400;11403935101;S
20241111;101615;13.4;17400;11403935110;S
20241111;101616;13.4;1000;11403935331;S
20241111;101616;13.4;900;11403935332;S
20241111;101617;13.4;1000;11403935744;S
20241111;101617;13.4;100;11403935745;S
20241111;101617;13.4;100;11403935746;S
20241111;101617;13.4;500;11403935747;S
20241111;101617;13.4;1000;11403935748;S
20241111;101617;13.4;300;11403935749;S
20241111;101617;13.4;200;11403935750;S
20241111;101617;13.4;2800;11403935760;S
20241111;101617;13.4;100;11403935761;S
20241111;101617;13.4;200;11403935762;S
20241111;101622;13.41;100;11403937884;B
20241111;101622;13.41;100;11403937885;B
20241111;101622;13.41;1000;11403937886;B
20241111;101622;13.405;200;11403938181;S
20241111;101622;13.405;200;11403938182;S
20241111;101624;13.405;600;11403938967;S
20241111;101624;13.4;200;11403938968;S
20241111;101624;13.4;300;11403938969;S
20241111;101624;13.4;68900;11403938970;S
20241111;101625;13.4;11700;11403939383;S
20241111;101625;13.4;11600;11403939384;S
20241111;101626;13.41;800;11403939760;B
20241111;101627;13.4;200;11403940026;S
20241111;101627;13.4;100;11403940037;S
20241111;101631;13.4;500;11403941977;S
20241111;101632;13.4;100;11403942319;S
20241111;101633;13.4;8900;11403942723;S
20241111;101634;13.405;100;11403942874;B
20241111;101634;13.4;1500;11403943109;S
20241111;101634;13.4;1500;11403943110;S
20241111;101637;13.4;10000;11403943956;S
20241111;101637;13.4;800;11403944073;S
20241111;101638;13.4;1700;11403944377;S
20241111;101638;13.4;1700;11403944379;S
20241111;101639;13.4;100;11403944796;S
20241111;101639;13.4;100;11403944799;S
20241111;101642;13.4;100;11403946302;S
20241111;101648;13.405;300;11403948284;B
20241111;101649;13.4;19900;11403948499;S
20241111;101649;13.4;100;11403948500;S
20241111;101649;13.405;100;11403948613;B
20241111;101649;13.4;100;11403948614;S
20241111;101649;13.405;100;11403948800;B
20241111;101650;13.4;3400;11403948984;S
20241111;101650;13.4;3400;11403948985;S
20241111;101651;13.4;200;11403949041;S
20241111;101651;13.4;100;11403949153;S
20241111;101651;13.4;100;11403949338;S
20241111;101655;13.405;200;11403950157;B
20241111;101656;13.4;100;11403950476;S
20241111;101658;13.4;500;11403951160;S
20241111;101659;13.4;100;11403951209;S
20241111;101659;13.4;100;11403951446;S
20241111;101701;13.405;100;11403951940;B
20241111;101702;13.4;100;11403952215;S
20241111;101704;13.4;3000;11403952807;S
20241111;101704;13.4;100;11403952808;S
20241111;101705;13.4;500;11403953044;S
20241111;101705;13.4;500;11403953045;S
20241111;101705;13.405;100;11403953073;B
20241111;101705;13.41;3000;11403953074;B
20241111;101705;13.41;6900;11403953075;B
20241111;101706;13.4;100;11403953281;S
20241111;101706;13.4;1700;11403953287;S
20241111;101706;13.4;1700;11403953288;S
20241111;101707;13.41;10000;11403953677;B
20241111;101708;13.4;200;11403953764;S
20241111;101709;13.4;1700;11403953983;S
20241111;101709;13.4;1700;11403953984;S
20241111;101711;13.41;10800;11403954511;B
20241111;101712;13.4;1800;11403954721;S
20241111;101712;13.4;1800;11403954722;S
20241111;101717;13.41;200;11403956031;B
20241111;101718;13.4;100;11403956413;S
20241111;101721;13.4;500;11403957080;S
20241111;101721;13.4;900;11403957218;S
20241111;101722;13.4;100;11403957307;S
20241111;101722;13.4;200;11403957546;S
20241111;101722;13.4;100;11403957547;S
20241111;101723;13.4;100;11403957848;S
20241111;101723;13.4;400;11403957851;S
20241111;101724;13.4;100;11403958079;S
20241111;101725;13.4;100;11403958295;S
20241111;101726;13.41;200;11403958397;B
20241111;101727;13.405;100;11403958586;B
20241111;101727;13.41;100;11403958695;B
20241111;101729;13.41;200;11403959217;B
20241111;101730;13.4;100;11403959417;S
20241111;101733;13.41;1000;11403960100;B
20241111;101734;13.4;200;11403960298;S
20241111;101734;13.4;100;11403960299;S
20241111;101736;13.4;4700;11403960848;S
20241111;101736;13.4;300;11403960849;S
20241111;101736;13.4;5000;11403960914;S
20241111;101737;13.4;900;11403961116;S
20241111;101737;13.4;800;11403961117;S
20241111;101738;13.4;400;11403961281;S
20241111;101738;13.4;800;11403961320;S
20241111;101738;13.4;800;11403961321;S
20241111;101740;13.4;100;11403961732;S
20241111;101740;13.4;100;11403961733;S
20241111;101743;13.4;1000;11403962594;S
20241111;101743;13.4;5000;11403962669;S
20241111;101744;13.4;5000;11403962714;S
20241111;101744;13.4;100;11403962743;S
20241111;101744;13.4;200;11403962744;S
20241111;101745;13.4;1600;11403963017;S
20241111;101745;13.4;1700;11403963018;S
20241111;101748;13.405;100;11403963705;B
20241111;101748;13.405;2400;11403963706;B
20241111;101749;13.4;500;11403964226;S
20241111;101749;13.4;400;11403964228;S
20241111;101751;13.4;100;11403964620;S
20241111;101757;13.41;100;11403966250;B
20241111;101757;13.41;200;11403966272;B
20241111;101758;13.4;100;11403966445;S
20241111;101800;13.4;2100;11403966828;S
20241111;101800;13.4;2900;11403966875;S
20241111;101800;13.4;400;11403966954;S
20241111;101800;13.4;1500;11403966955;S
20241111;101801;13.4;400;11403967083;S
20241111;101801;13.4;300;11403967084;S
20241111;101801;13.4;800;11403967401;S
20241111;101801;13.4;300;11403967402;S
20241111;101801;13.4;500;11403967403;S
20241111;101803;13.41;100;11403967847;B
20241111;101804;13.4;100;11403967884;S
20241111;101806;13.4;100;11403968497;S
20241111;101808;13.4;2000;11403969041;S
20241111;101809;13.4;300;11403969304;S
20241111;101809;13.4;300;11403969305;S
20241111;101810;13.405;300;11403969468;S
20241111;101810;13.405;100;11403969628;S
20241111;101811;13.405;100;11403969761;S
20241111;101811;13.405;100;11403969860;S
20241111;101812;13.405;1100;11403969924;S
20241111;101812;13.41;8100;11403969929;B
20241111;101812;13.41;15500;11403969930;B
20241111;101812;13.41;100;11403969931;B
20241111;101812;13.41;200;11403969932;B
20241111;101812;13.415;4500;11403969933;B
20241111;101812;13.415;3000;11403969934;B
20241111;101812;13.415;10000;11403969935;B
20241111;101812;13.415;1400;11403969936;B
20241111;101812;13.415;2000;11403969937;B
20241111;101812;13.415;100;11403969938;B
20241111;101812;13.42;1000;11403969939;B
20241111;101812;13.42;3000;11403969940;B
20241111;101813;13.42;8100;11403970215;S
20241111;101813;13.42;8100;11403970216;S
20241111;101819;13.425;1800;11403971704;B
20241111;101820;13.42;11900;11403971857;S
20241111;101820;13.415;3400;11403971858;S
20241111;101820;13.41;3400;11403971859;S
20241111;101820;13.405;2200;11403971860;S
20241111;101820;13.405;300;11403971887;S
20241111;101820;13.405;300;11403971888;S
