<DATE>;<TIME>;<LAST>;<VOL>;<ID>;<OPER>
20241015;095941;4144;1;11297658974;S
20241015;095941;4144;5;11297658975;S
20241015;095941;4144;15;11297658976;S
20241015;095941;4144;10;11297658977;S
20241015;095941;4144;1;11297658978;S
20241015;095941;4144;1;11297658979;S
20241015;095941;4144;50;11297658980;S
20241015;095941;4144;7;11297658981;S
20241015;095941;4144;1;11297658982;S
20241015;095941;4144;10;11297658983;S
20241015;095941;4144;1;11297658984;S
20241015;095941;4144;20;11297658985;S
20241015;095941;4144;1;11297658986;S
20241015;095941;4144;1;11297658987;S
20241015;095941;4144;1;11297658988;S
20241015;095941;4144;10;11297658989;S
20241015;095941;4144;1;11297658990;S
20241015;095941;4144;3;11297658991;S
20241015;095941;4144;5;11297658992;S
20241015;095941;4144;10;11297658993;S
20241015;095941;4144;1;11297658994;S
20241015;095941;4144;1;11297658995;S
20241015;095941;4144;1;11297658996;S
20241015;095941;4144;1;11297658997;S
20241015;095941;4144;2;11297658998;S
20241015;095941;4144;1;11297658999;S
20241015;095941;4144;1;11297659000;S
20241015;095941;4144;12;11297659001;S
20241015;095941;4144;1;11297659002;S
20241015;095941;4144;25;11297659003;S
20241015;095941;4144;10;11297659004;S
20241015;095941;4144;1;11297659005;S
20241015;095941;4144;1;11297659006;S
20241015;095941;4144;5;11297659007;S
20241015;095941;4144;1;11297659008;S
20241015;095941;4144;18;11297659009;S
20241015;095941;4144;140;11297659010;S
20241015;095941;4144;4;11297659011;S
20241015;095941;4144;3;11297659012;S
20241015;095941;4144;2;11297659013;S
20241015;095941;4144;1;11297659014;S
20241015;095941;4144;1;11297659015;S
20241015;095941;4144;15;11297659016;S
20241015;095941;4144;20;11297659017;S
20241015;095941;4144;118;11297659018;S
20241015;100004;4148;1;11297666162;B
20241015;100004;4145;7;11297666164;S
20241015;100004;4145;5;11297666720;S
20241015;100004;4144;13;11297666721;S
20241015;100004;4148;25;11297667291;B
20241015;100004;4144;35;11297667296;S
20241015;100004;4144;12;11297667299;S
20241015;100004;4148;33;11297667511;B
20241015;100004;4148;3;11297667556;B
20241015;100004;4145;3;11297667598;S
20241015;100004;4145;13;11297667599;S
20241015;100004;4145;1;11297667655;B
20241015;100004;4144;1;11297667787;S
20241015;100005;4145;1;11297668137;B
20241015;100005;4147;3;11297668138;B
20241015;100005;4147;5;11297668139;B
20241015;100005;4147;1;11297668142;B
20241015;100005;4145;9;11297668712;S
20241015;100005;4144;16;11297668713;S
20241015;100005;4144;9;11297669278;S
20241015;100005;4147;13;11297669393;B
20241015;100005;4148;35;11297669394;B
20241015;100005;4144;4;11297669395;S
20241015;100005;4144;2;11297669576;S
20241015;100006;4146;3;11297670037;S
20241015;100006;4146;7;11297670040;S
20241015;100006;4148;3;11297670041;B
20241015;100006;4148;9;11297670042;B
20241015;100006;4148;4;11297670667;B
20241015;100007;4148;5;11297670971;B
20241015;100007;4146;10;11297670973;S
20241015;100007;4146;12;11297670974;S
20241015;100007;4148;1;11297671390;B
20241015;100007;4146;1;11297671468;S
20241015;100007;4145;22;11297671469;S
20241015;100007;4148;1;11297671719;B
20241015;100007;4149;13;11297671720;B
20241015;100007;4149;5;11297671818;S
20241015;100007;4149;1;11297671819;S
20241015;100007;4145;3;11297671820;S
20241015;100007;4145;13;11297671978;S
20241015;100008;4150;1;11297672093;B
20241015;100008;4150;6;11297672094;B
20241015;100008;4150;10;11297672095;B
20241015;100008;4150;1;11297672096;B
20241015;100015;4150;4;11297674814;B
20241015;100015;4150;25;11297674815;B
20241015;100015;4150;1;11297674816;B
20241015;100015;4150;3;11297674817;B
20241015;100015;4150;4;11297674818;B
20241015;100033;4151;2;11297680941;B
20241015;100033;4152;1;11297680942;B
20241015;100033;4152;2;11297680943;B
20241015;100034;4150;9;11297681325;S
20241015;100035;4151;5;11297681704;B
20241015;100037;4151;11;11297682472;B
20241015;100037;4152;1;11297682473;B
20241015;100037;4152;5;11297682474;B
20241015;100037;4154;5;11297682475;B
20241015;100037;4154;8;11297682476;B
20241015;100041;4150;10;11297683732;S
20241015;100045;4150;1;11297684851;S
20241015;100058;4150;1;11297688274;S
20241015;100103;4151;1;11297689480;B
20241015;100113;4150;1;11297691513;S
20241015;100113;4148;13;11297691514;S
20241015;100113;4147;13;11297691515;S
20241015;100113;4147;16;11297691516;S
20241015;100113;4145;4;11297691517;S
20241015;100113;4145;5;11297691518;S
20241015;100113;4145;8;11297691519;S
20241015;100113;4145;12;11297691520;S
20241015;100113;4145;5;11297691521;S
20241015;100113;4145;1;11297691522;S
20241015;100113;4145;2;11297691523;S
20241015;100113;4145;1;11297691524;S
20241015;100113;4145;1;11297691525;S
20241015;100113;4144;394;11297691526;S
20241015;100113;4150;2;11297691550;B
20241015;100128;4148;10;11297694554;B
20241015;100128;4149;2;11297694555;B
20241015;100128;4150;8;11297694556;B
20241015;100143;4149;4;11297698460;B
20241015;100146;4149;7;11297699490;B
20241015;100159;4147;1;11297702726;S
20241015;100210;4148;20;11297705780;B
20241015;100211;4147;2;11297705955;S
20241015;100215;4147;3;11297706798;S
20241015;100217;4147;1;11297707267;S
20241015;100218;4148;20;11297707313;B
20241015;100219;4149;1;11297707797;B
20241015;100219;4150;5;11297707798;B
20241015;100219;4150;1;11297707799;B
20241015;100219;4151;12;11297707800;B
20241015;100219;4151;10;11297707801;B
20241015;100219;4151;5;11297707802;B
20241015;100219;4153;1;11297707803;B
20241015;100230;4149;1;11297709994;S
20241015;100230;4148;3;11297709995;S
20241015;100230;4147;9;11297709996;S
20241015;100230;4147;3;11297709997;S
20241015;100230;4147;8;11297709998;S
20241015;100230;4147;1;11297709999;S
20241015;100237;4152;2;11297711436;B
20241015;100237;4152;3;11297711437;B
20241015;100237;4153;9;11297711438;B
20241015;100237;4153;3;11297711439;B
20241015;100237;4153;13;11297711440;B
20241015;100237;4154;1;11297711441;B
20241015;100237;4154;1;11297711442;B
20241015;100237;4154;5;11297711443;B
20241015;100237;4154;8;11297711444;B
20241015;100237;4154;2;11297711445;B
20241015;100237;4155;3;11297711446;B
20241015;100239;4148;6;11297711859;S
20241015;100239;4147;2;11297711860;S
20241015;100239;4147;13;11297711861;S
20241015;100239;4147;13;11297711862;S
20241015;100239;4147;6;11297711863;S
20241015;100239;4146;1;11297711864;S
20241015;100239;4146;1;11297711865;S
20241015;100239;4146;5;11297711866;S
20241015;100239;4146;35;11297711867;S
20241015;100239;4146;4;11297711868;S
20241015;100239;4146;8;11297711869;S
20241015;100239;4146;5;11297711870;S
20241015;100239;4145;1;11297711871;S
20241015;100240;4147;5;11297712242;S
20241015;100240;4147;2;11297712243;S
20241015;100242;4147;2;11297712524;B
20241015;100244;4147;1;11297712913;B
20241015;100246;4152;2;11297713317;B
20241015;100246;4152;4;11297713318;B
20241015;100246;4153;4;11297713319;B
20241015;100246;4146;1;11297713340;S
20241015;100246;4146;4;11297713341;S
20241015;100246;4146;2;11297713342;S
20241015;100246;4145;11;11297713343;S
20241015;100246;4145;100;11297713344;S
20241015;100246;4145;25;11297713345;S
20241015;100246;4145;4;11297713346;S
20241015;100246;4145;9;11297713347;S
20241015;100246;4144;721;11297713348;S
20241015;100246;4143;3;11297713349;S
20241015;100246;4141;1;11297713350;S
20241015;100246;4140;5;11297713351;S
20241015;100246;4140;1;11297713352;S
20241015;100246;4140;5;11297713353;S
20241015;100246;4140;10;11297713354;S
20241015;100246;4140;10;11297713355;S
20241015;100246;4136;5;11297713356;S
20241015;100246;4136;1;11297713357;S
20241015;100246;4133;3;11297713358;S
20241015;100246;4133;2;11297713359;S
20241015;100246;4131;20;11297713360;S
20241015;100246;4131;1;11297713361;S
20241015;100246;4131;1;11297713362;S
20241015;100246;4131;4;11297713363;S
20241015;100246;4131;5;11297713364;S
20241015;100246;4130;3;11297713365;S
20241015;100246;4130;10;11297713366;S
20241015;100246;4130;2;11297713367;S
20241015;100246;4130;8;11297713368;S
20241015;100246;4130;24;11297713369;S
20241015;100246;4130;5;11297713370;S
20241015;100246;4130;1;11297713371;S
20241015;100246;4130;39;11297713372;S
20241015;100246;4129;20;11297713373;S
20241015;100246;4128;1;11297713374;S
20241015;100246;4126;25;11297713375;S
20241015;100246;4125;40;11297713376;S
20241015;100246;4141;28;11297713380;S
20241015;100246;4141;10;11297713381;S
20241015;100246;4125;3;11297713382;S
20241015;100246;4134;27;11297713438;S
20241015;100246;4125;3;11297713439;S
20241015;100247;4146;1;11297713463;S
20241015;100247;4126;21;11297713493;S
20241015;100247;4126;2;11297713494;S
20241015;100247;4126;1;11297713495;S
20241015;100247;4126;1;11297713496;S
20241015;100247;4125;4;11297713497;S
20241015;100247;4125;1;11297713498;S
20241015;100247;4125;3;11297713499;S
20241015;100247;4134;2;11297713525;B
20241015;100247;4125;1;11297713527;S
20241015;100247;4124;1;11297713528;S
20241015;100247;4123;3;11297713529;S
20241015;100247;4122;1;11297713530;S
20241015;100247;4122;2;11297713531;S
20241015;100247;4121;3;11297713532;S
20241015;100247;4121;10;11297713533;S
20241015;100247;4121;1;11297713534;S
20241015;100247;4121;5;11297713535;S
20241015;100247;4120;2;11297713536;S
20241015;100247;4120;5;11297713537;S
20241015;100247;4120;1;11297713538;S
20241015;100247;4120;7;11297713539;S
20241015;100247;4120;2;11297713540;S
20241015;100247;4120;6;11297713541;S
20241015;100247;4134;13;11297713543;B
20241015;100247;4135;25;11297713544;B
20241015;100247;4135;5;11297713545;B
20241015;100247;4135;7;11297713546;B
20241015;100247;4121;3;11297713575;S
20241015;100247;4121;7;11297713576;S
20241015;100247;4121;6;11297713677;S
20241015;100247;4120;4;11297713678;S
20241015;100247;4120;5;11297713679;S
20241015;100247;4120;5;11297713680;S
20241015;100247;4120;8;11297713681;S
20241015;100247;4120;1;11297713682;S
20241015;100247;4120;1;11297713683;S
20241015;100247;4126;13;11297713689;B
20241015;100247;4126;5;11297713690;B
20241015;100247;4126;1;11297713691;B
20241015;100247;4127;1;11297713692;B
20241015;100248;4124;2;11297713722;S
20241015;100248;4120;3;11297713723;S
20241015;100248;4120;13;11297713724;S
20241015;100248;4119;7;11297713725;S
20241015;100248;4123;9;11297713740;S
20241015;100249;4127;50;11297713873;B
20241015;100249;4127;20;11297714027;B
20241015;100250;4127;10;11297714096;B
20241015;100250;4127;2;11297714100;B
20241015;100252;4127;20;11297714645;B
20241015;100252;4127;4;11297714646;B
20241015;100252;4127;2;11297714647;B
20241015;100259;4128;3;11297715895;B
20241015;100301;4127;3;11297716321;S
20241015;100307;4127;1;11297717563;B
20241015;100309;4129;3;11297718058;B
20241015;100309;4129;1;11297718059;B
20241015;100309;4130;1;11297718060;B
20241015;100309;4131;1;11297718061;B
20241015;100309;4132;3;11297718062;B
20241015;100309;4133;13;11297718063;B
20241015;100309;4133;24;11297718064;B
20241015;100309;4134;20;11297718065;B
20241015;100309;4135;34;11297718066;B
20241015;100312;4135;26;11297718656;B
20241015;100312;4136;60;11297718657;B
20241015;100312;4136;2;11297718658;B
20241015;100312;4137;12;11297718659;B
20241015;100316;4137;38;11297719460;B
20241015;100316;4140;12;11297719461;B
20241015;100325;4140;1;11297721431;B
20241015;100329;4140;10;11297722250;B
20241015;100338;4140;1;11297724023;B
20241015;100338;4141;7;11297724024;B
20241015;100338;4141;2;11297724025;B
20241015;100338;4142;2;11297724026;B
20241015;100338;4145;5;11297724027;B
20241015;100338;4146;10;11297724028;B
20241015;100338;4147;3;11297724029;B
20241015;100338;4147;17;11297724030;B
20241015;100346;4147;8;11297725462;B
20241015;100346;4148;11;11297725463;B
20241015;100350;4148;14;11297726332;B
20241015;100350;4148;5;11297726333;B
20241015;100350;4148;1;11297726334;B
20241015;100350;4149;4;11297726335;B
20241015;100350;4149;1;11297726336;B
20241015;100350;4150;5;11297726337;B
20241015;100350;4143;1;11297726404;S
20241015;100355;4143;1;11297727484;S
20241015;100358;4148;1;11297727868;B
20241015;100423;4143;1;11297732873;S
20241015;100423;4143;2;11297732874;S
20241015;100423;4142;2;11297732875;S
20241015;100423;4142;1;11297732876;S
20241015;100425;4146;1;11297733177;B
20241015;100435;4145;4;11297735344;B
20241015;100435;4145;1;11297735345;B
20241015;100435;4145;1;11297735346;B
20241015;100435;4145;1;11297735353;B
20241015;100435;4146;50;11297735354;B
20241015;100435;4147;1;11297735355;B
20241015;100435;4147;5;11297735356;B
20241015;100435;4147;4;11297735357;B
20241015;100435;4147;1;11297735358;B
20241015;100435;4148;1;11297735359;B
20241015;100435;4148;30;11297735360;B
20241015;100435;4148;40;11297735361;B
20241015;100435;4148;1;11297735362;B
20241015;100435;4149;50;11297735363;B
20241015;100435;4150;5;11297735364;B
20241015;100435;4150;10;11297735365;B
20241015;100441;4150;1;11297736758;S
20241015;100449;4149;1;11297738609;B
20241015;100509;4150;1;11297743422;B
20241015;100509;4150;1;11297743433;B
20241015;100509;4150;1;11297743434;B
20241015;100509;4150;13;11297743435;B
20241015;100509;4150;6;11297743436;B
20241015;100509;4150;1;11297743503;S
20241015;100509;4150;3;11297743504;S
20241015;100511;4150;1;11297743829;S
20241015;100512;4150;1;11297743927;S
20241015;100512;4151;1;11297743980;B
20241015;100522;4150;73;11297745810;S
20241015;100524;4148;1;11297746156;B
20241015;100526;4149;14;11297746524;B
20241015;100534;4148;1;11297747940;B
20241015;100534;4149;21;11297747941;B
20241015;100534;4149;1;11297747942;B
20241015;100534;4150;1;11297747943;B
20241015;100534;4150;1;11297747944;B
20241015;100554;4150;2;11297751938;B
20241015;100607;4144;1;11297754754;S
20241015;100607;4144;3;11297754755;S
20241015;100607;4143;1;11297754756;S
20241015;100607;4142;1;11297754757;S
20241015;100607;4142;3;11297754758;S
20241015;100607;4142;6;11297754759;S
20241015;100607;4142;1;11297754760;S
20241015;100607;4141;1;11297754761;S
20241015;100607;4141;1;11297754762;S
20241015;100607;4141;12;11297754763;S
20241015;100610;4148;1;11297755249;B
20241015;100611;4141;1;11297755407;S
20241015;100623;4148;1;11297757482;B
20241015;100623;4148;1;11297757483;B
20241015;100623;4149;1;11297757484;B
20241015;100623;4149;6;11297757485;B
20241015;100633;4142;1;11297759870;S
20241015;100642;4148;1;11297761943;B
20241015;100658;4144;1;11297764789;S
20241015;100658;4143;6;11297764790;S
20241015;100658;4143;1;11297764791;S
20241015;100658;4143;13;11297764792;S
20241015;100659;4142;2;11297764931;S
20241015;100659;4142;1;11297764993;B
20241015;100702;4141;1;11297765425;S
20241015;100710;4142;5;11297766612;B
20241015;100714;4141;8;11297767311;S
20241015;100714;4140;2;11297767312;S
20241015;100719;4140;1;11297768150;S
20241015;100719;4140;5;11297768151;S
20241015;100719;4139;1;11297768152;S
20241015;100719;4138;1;11297768153;S
20241015;100719;4138;16;11297768154;S
20241015;100731;4141;1;11297770767;B
20241015;100735;4140;4;11297771392;S
20241015;100746;4140;9;11297773490;S
20241015;100746;4140;15;11297773491;S
20241015;100747;4142;1;11297773730;B
20241015;100751;4142;1;11297774555;B
20241015;100800;4142;1;11297776460;S
20241015;100800;4142;2;11297776461;S
20241015;100800;4141;2;11297776462;S
20241015;100800;4141;2;11297776463;S
20241015;100800;4140;18;11297776464;S
20241015;100803;4143;1;11297777071;B
20241015;100810;4141;2;11297778440;S
20241015;100810;4140;7;11297778441;S
20241015;100811;4143;1;11297778853;B
20241015;100813;4144;5;11297779252;B
20241015;100815;4143;2;11297779800;S
20241015;100815;4143;4;11297779801;S
20241015;100819;4144;3;11297780492;B
20241015;100821;4144;10;11297780928;B
20241015;100821;4143;3;11297780989;S
20241015;100821;4143;10;11297780990;S
20241015;100821;4143;2;11297780991;S
20241015;100821;4142;9;11297780992;S
20241015;100825;4143;2;11297781703;S
20241015;100826;4144;4;11297781889;B
20241015;100826;4144;29;11297781890;B
20241015;100830;4144;21;11297782809;B
20241015;100833;4145;16;11297783474;B
20241015;100834;4149;10;11297783497;B
20241015;100835;4149;3;11297783825;B
20241015;100835;4149;1;11297783826;B
20241015;100835;4149;5;11297783827;B
20241015;100835;4149;1;11297783828;B
20241015;100837;4147;5;11297784160;S
20241015;100837;4146;4;11297784161;S
20241015;100837;4146;13;11297784162;S
20241015;100837;4146;2;11297784163;S
20241015;100839;4146;2;11297784606;S
20241015;100841;4149;13;11297785129;B
20241015;100843;4150;1;11297785538;B
20241015;100845;4150;1;11297785828;B
20241015;100846;4150;9;11297786084;B
20241015;100846;4150;50;11297786085;B
20241015;100846;4151;1;11297786193;B
20241015;100849;4150;1;11297786712;S
20241015;100849;4150;1;11297786713;S
20241015;100849;4149;5;11297786714;S
20241015;100849;4148;2;11297786715;S
20241015;100850;4151;1;11297786940;B
20241015;100852;4149;4;11297787651;S
20241015;100852;4149;4;11297787652;S
20241015;100852;4148;16;11297787653;S
20241015;100853;4148;7;11297787858;S
20241015;100853;4147;4;11297787859;S
20241015;100853;4147;4;11297787860;S
20241015;100853;4146;5;11297787861;S
20241015;100855;4151;1;11297788083;B
20241015;100857;4151;1;11297788484;B
20241015;100858;4151;1;11297788912;B
20241015;100909;4151;4;11297791279;B
20241015;100909;4151;1;11297791280;B
20241015;100917;4150;1;11297792945;S
20241015;100917;4148;3;11297792946;S
20241015;100917;4147;3;11297792947;S
20241015;100917;4147;3;11297792948;S
20241015;100917;4146;8;11297792949;S
20241015;100917;4146;2;11297792950;S
20241015;100926;4150;1;11297794916;B
20241015;100927;4150;1;11297795038;B
20241015;100931;4149;1;11297795766;B
20241015;100932;4149;1;11297796089;B
20241015;100936;4148;4;11297796777;B
20241015;100936;4148;4;11297796778;B
20241015;100936;4149;4;11297796779;B
20241015;100937;4149;5;11297796819;B
20241015;100940;4149;5;11297797489;B
20241015;100940;4147;1;11297797495;S
20241015;100941;4147;1;11297797514;S
20241015;100943;4149;90;11297797940;B
20241015;100945;4149;5;11297798384;B
20241015;100959;4148;100;11297801005;B
20241015;101004;4149;1;11297802058;B
20241015;101013;4148;2;11297804171;B
20241015;101013;4148;4;11297804369;B
20241015;101013;4149;16;11297804370;B
20241015;101015;4149;30;11297804712;B
20241015;101026;4148;1;11297806655;S
20241015;101026;4147;3;11297806656;S
20241015;101026;4147;6;11297806657;S
20241015;101026;4147;12;11297806658;S
20241015;101037;4149;1;11297808603;B
20241015;101038;4149;2;11297808723;B
20241015;101047;4149;1;11297810358;B
20241015;101100;4147;1;11297812250;S
20241015;101105;4149;1;11297812809;B
20241015;101115;4149;4;11297814166;B
20241015;101118;4147;1;11297814649;S
20241015;101119;4147;9;11297814719;S
20241015;101126;4149;17;11297815574;B
20241015;101127;4147;5;11297815699;S
20241015;101127;4147;6;11297815700;S
20241015;101127;4147;4;11297815701;S
20241015;101128;4149;1;11297815792;B
20241015;101129;4147;1;11297815996;S
20241015;101133;4147;17;11297816568;S
20241015;101133;4147;1;11297816569;S
20241015;101133;4147;6;11297816570;S
20241015;101133;4146;5;11297816571;S
20241015;101133;4145;134;11297816572;S
20241015;101133;4145;1;11297816573;S
20241015;101137;4149;17;11297817176;B
20241015;101137;4149;7;11297817177;B
20241015;101137;4149;5;11297817178;B
20241015;101140;4148;1;11297817561;B
20241015;101143;4148;14;11297818096;B
20241015;101143;4149;28;11297818097;B
20241015;101143;4149;58;11297818098;B
20241015;101151;4149;9;11297819256;B
20241015;101152;4147;1;11297819324;S
20241015;101159;4148;11;11297820385;B
20241015;101159;4149;34;11297820386;B
20241015;101159;4149;5;11297820387;B
20241015;101205;4149;24;11297821303;B
20241015;101207;4147;2;11297821617;S
20241015;101208;4149;1;11297821796;B
20241015;101213;4149;1;11297822596;B
20241015;101248;4149;1;11297827364;B
20241015;101257;4149;8;11297828464;B
20241015;101258;4147;21;11297828654;S
20241015;101258;4147;14;11297828655;S
20241015;101259;4147;2;11297828692;S
20241015;101301;4149;2;11297828969;B
20241015;101303;4147;2;11297829272;S
20241015;101303;4149;1660;11297829446;B
20241015;101303;4149;100;11297829447;B
20241015;101303;4149;2;11297829448;B
20241015;101303;4149;7;11297829449;B
20241015;101303;4150;100;11297829450;B
20241015;101303;4150;100;11297829451;B
20241015;101303;4150;6;11297829452;B
20241015;101303;4150;50;11297829453;B
20241015;101304;4150;150;11297829576;S
20241015;101309;4151;30;11297830134;B
20241015;101309;4152;5;11297830135;B
20241015;101316;4154;1;11297831283;B
20241015;101316;4154;100;11297831284;B
20241015;101316;4154;5;11297831285;B
20241015;101316;4155;17;11297831419;B
20241015;101316;4155;3;11297831420;B
20241015;101317;4153;1;11297831441;S
20241015;101320;4155;97;11297832298;B
20241015;101320;4155;1;11297832299;B
20241015;101331;4155;10;11297833830;S
20241015;101331;4155;6;11297833831;S
20241015;101341;4155;1;11297835188;B
20241015;101350;4155;10;11297836415;B
20241015;101354;4155;1;11297836931;B
20241015;101358;4154;4;11297837455;S
20241015;101400;4155;9;11297837636;B
20241015;101400;4155;11;11297837637;B
20241015;101407;4154;5;11297838474;S
20241015;101407;4153;1;11297838475;S
20241015;101407;4153;10;11297838476;S
20241015;101407;4153;5;11297838477;S
20241015;101407;4152;10;11297838478;S
20241015;101407;4152;13;11297838479;S
20241015;101407;4152;1;11297838480;S
20241015;101407;4151;10;11297838481;S
20241015;101407;4151;25;11297838482;S
20241015;101407;4151;1;11297838483;S
20241015;101407;4151;25;11297838484;S
20241015;101407;4150;325;11297838485;S
20241015;101407;4150;2;11297838486;S
20241015;101407;4150;67;11297838487;S
20241015;101409;4150;20;11297838742;S
20241015;101415;4152;2;11297839531;B
20241015;101420;4152;23;11297840228;B
20241015;101420;4153;1;11297840229;B
20241015;101420;4153;25;11297840230;B
20241015;101420;4153;11;11297840231;B
20241015;101421;4151;11;11297840287;S
20241015;101421;4151;40;11297840288;S
20241015;101421;4150;163;11297840289;S
20241015;101421;4150;229;11297840290;S
20241015;101444;4153;1;11297843520;B
20241015;101453;4153;1;11297844904;S
20241015;101453;4151;1;11297844905;S
20241015;101453;4151;8;11297844906;S
20241015;101508;4154;11;11297848201;B
20241015;101510;4153;1;11297848693;B
20241015;101510;4153;1;11297848797;B
20241015;101510;4151;4;11297848862;S
20241015;101510;4153;1;11297848895;B
20241015;101510;4153;1;11297849200;B
20241015;101511;4153;3;11297850038;B
20241015;101511;4154;1;11297850039;B
20241015;101512;4154;3;11297850076;B
20241015;101512;4154;1;11297850226;B
20241015;101512;4154;1;11297850246;B
20241015;101513;4154;1;11297850510;B
20241015;101513;4154;1;11297850858;B
20241015;101514;4153;4;11297851335;B
20241015;101515;4153;2;11297851844;B
20241015;101516;4153;2;11297852555;B
20241015;101516;4151;1;11297852559;S
20241015;101516;4152;1;11297852687;B
20241015;101518;4152;1;11297853536;B
20241015;101519;4151;12;11297853922;S
20241015;101520;4153;1;11297854136;B
20241015;101520;4153;3;11297854137;B
20241015;101521;4153;1;11297854716;B
20241015;101522;4153;1;11297854975;B
20241015;101523;4151;1;11297855156;S
20241015;101525;4151;1;11297855826;S
20241015;101526;4153;19;11297856191;B
20241015;101527;4152;1;11297856412;S
20241015;101528;4152;1;11297856821;S
20241015;101530;4153;1;11297857248;B
20241015;101532;4152;1;11297857863;S
20241015;101537;4153;11;11297859090;B
20241015;101539;4152;10;11297859584;S
20241015;101539;4153;78;11297859598;B
20241015;101539;4153;11;11297859599;B
20241015;101540;4153;11;11297859766;S
20241015;101540;4152;12;11297859767;S
20241015;101540;4152;9;11297859768;S
20241015;101540;4151;15;11297859769;S
20241015;101540;4151;13;11297859770;S
20241015;101540;4151;11;11297859771;S
20241015;101540;4150;229;11297859772;S
20241015;101541;4150;1;11297859957;S
20241015;101551;4152;1;11297862158;B
20241015;101551;4150;3;11297862305;S
20241015;101554;4152;1;11297862858;B
20241015;101555;4152;1;11297863068;B
20241015;101557;4152;15;11297863641;B
20241015;101557;4152;22;11297863642;B
20241015;101558;4153;1;11297863680;B
20241015;101600;4153;1;11297864133;B
20241015;101602;4153;1;11297864441;B
20241015;101602;4151;2;11297864472;S
20241015;101603;4153;1;11297864609;B
20241015;101603;4153;13;11297864625;B
20241015;101605;4153;1;11297865216;B
20241015;101607;4153;9;11297865380;B
20241015;101607;4153;1;11297865643;B
20241015;101607;4153;1;11297865644;B
20241015;101609;4153;1;11297866026;B
20241015;101611;4154;1;11297866355;B
20241015;101613;4152;2;11297867250;S
20241015;101613;4153;2;11297867299;B
20241015;101614;4154;1;11297867481;B
20241015;101615;4152;3;11297867673;S
20241015;101620;4153;1;11297868945;B
20241015;101627;4152;20;11297870763;S
20241015;101627;4152;1;11297870764;S
20241015;101627;4151;13;11297870765;S
20241015;101627;4151;1;11297870766;S
20241015;101635;4151;104;11297872286;B
20241015;101635;4151;17;11297872287;B
20241015;101637;4152;13;11297872855;B
20241015;101637;4153;13;11297872856;B
20241015;101637;4153;30;11297872857;B
20241015;101637;4154;878;11297872858;B
20241015;101637;4154;40;11297872859;B
20241015;101637;4154;26;11297872860;B
20241015;101639;4154;25;11297873243;B
20241015;101648;4152;19;11297874796;S
20241015;101649;4152;11;11297874882;B
20241015;101649;4153;4;11297874883;B
20241015;101719;4151;12;11297880219;S
20241015;101726;4153;1;11297881514;B
20241015;101726;4153;2;11297881515;B
20241015;101726;4153;10;11297881516;B
20241015;101727;4151;1;11297881651;S
20241015;101727;4150;4434;11297881652;S
20241015;101727;4150;500;11297881653;S
20241015;101727;4150;1;11297881654;S
20241015;101727;4150;1;11297881655;S
20241015;101727;4150;50;11297881656;S
20241015;101727;4150;1;11297881657;S
20241015;101727;4150;12;11297881658;S
20241015;101739;4150;136;11297883562;S
20241015;101739;4150;2;11297883563;S
20241015;101741;4150;50;11297883812;S
20241015;101749;4150;2418;11297885190;S
20241015;101751;4147;6;11297885573;S
20241015;101751;4147;10;11297885574;S
20241015;101752;4145;10;11297885611;S
20241015;101752;4143;1;11297885612;S
20241015;101752;4143;9;11297885613;S
20241015;101752;4143;15;11297885633;S
20241015;101752;4143;16;11297885748;S
20241015;101752;4143;30;11297885749;S
20241015;101752;4143;1;11297885750;S
20241015;101752;4143;5;11297885751;S
20241015;101756;4142;1;11297886497;S
20241015;101804;4142;2;11297887513;S
20241015;101813;4142;4;11297888641;S
20241015;101822;4145;2;11297890538;B
20241015;101822;4146;2;11297890539;B
20241015;101849;4147;1;11297894851;B
20241015;101932;4147;1;11297902476;B
20241015;101946;4144;1;11297905003;S
20241015;101946;4144;3;11297905004;S
20241015;101946;4143;1;11297905005;S
20241015;101946;4143;7;11297905006;S
20241015;101955;4146;4;11297906785;B
20241015;101955;4147;3;11297906786;B
20241015;101955;4147;8;11297906787;B
20241015;102002;4143;3;11297908084;S
20241015;102002;4143;10;11297908085;S
20241015;102002;4143;4;11297908086;S
20241015;102002;4143;4;11297908140;S
20241015;102002;4143;12;11297908141;S
20241015;102002;4142;9;11297908142;S
20241015;102019;4146;1;11297911546;B
20241015;102021;4142;10;11297912138;S
20241015;102021;4142;4;11297912139;S
20241015;102028;4142;1;11297914998;S
20241015;102038;4145;13;11297921035;B
20241015;102038;4146;5;11297921036;B
20241015;102056;4146;6;11297931683;B
20241015;102057;4145;1;11297932378;S
20241015;102105;4145;8;11297936291;S
20241015;102106;4146;13;11297936938;B
20241015;102106;4146;2;11297936939;B
20241015;102116;4145;1;11297942354;S
20241015;102127;4146;8;11297947661;B
20241015;102127;4147;4;11297947662;B
20241015;102134;4144;1;11297951187;S
20241015;102143;4143;1;11297955193;S
20241015;102155;4143;1;11297960775;S
20241015;102210;4146;1;11297967882;B
20241015;102212;4143;1;11297968891;S
20241015;102225;4143;1;11297970253;S
20241015;102233;4146;1;11297971039;B
20241015;102251;4143;1;11297973897;S
20241015;102251;4143;13;11297973898;S
20241015;102251;4143;65;11297973899;S
20241015;102251;4142;10;11297973900;S
20241015;102251;4142;1;11297973901;S
20241015;102251;4141;10;11297973902;S
20241015;102254;4145;10;11297974619;B
20241015;102257;4143;6;11297975301;B
20241015;102303;4143;6;11297976739;B
20241015;102303;4145;2;11297976740;B
20241015;102309;4145;1;11297977401;B
20241015;102309;4146;99;11297977402;B
20241015;102309;4147;20;11297977403;B
20241015;102309;4147;10;11297977404;B
20241015;102309;4142;1;11297977475;S
20241015;102315;4143;1;11297977998;S
20241015;102327;4142;11;11297979115;S
20241015;102327;4142;13;11297979116;S
20241015;102327;4141;6;11297979117;S
20241015;102327;4141;5;11297979118;S
20241015;102327;4140;25;11297979119;S
20241015;102327;4140;1;11297979120;S
20241015;102327;4140;10;11297979121;S
20241015;102327;4140;16;11297979122;S
20241015;102327;4140;6;11297979123;S
20241015;102327;4139;7;11297979124;S
20241015;102328;4140;5;11297979194;S
20241015;102328;4139;3;11297979195;S
20241015;102328;4138;4;11297979196;S
20241015;102328;4140;3;11297979318;S
20241015;102328;4137;30;11297979319;S
20241015;102328;4136;10;11297979320;S
20241015;102328;4136;1;11297979321;S
20241015;102328;4136;24;11297979322;S
20241015;102328;4136;4;11297979323;S
20241015;102328;4135;1;11297979324;S
20241015;102328;4135;1;11297979325;S
20241015;102328;4135;4;11297979326;S
20241015;102328;4134;5;11297979327;S
20241015;102328;4134;8;11297979328;S
20241015;102328;4133;10;11297979329;S
20241015;102328;4133;10;11297979330;S
20241015;102328;4133;39;11297979331;S
20241015;102329;4143;3;11297979344;B
20241015;102329;4143;1;11297979345;B
20241015;102334;4143;1;11297979874;B
20241015;102345;4143;1;11297980948;B
20241015;102345;4144;1;11297980949;B
20241015;102345;4144;24;11297980950;B
20241015;102349;4140;2;11297981305;S
20241015;102408;4140;1;11297983547;S
20241015;102418;4144;1;11297985247;B
20241015;102426;4140;1;11297986199;S
20241015;102426;4140;1;11297986200;S
20241015;102426;4139;5;11297986201;S
20241015;102426;4139;1;11297986202;S
20241015;102426;4139;10;11297986203;S
20241015;102426;4139;16;11297986204;S
20241015;102426;4138;1;11297986205;S
20241015;102426;4137;1;11297986206;S
20241015;102426;4136;20;11297986207;S
20241015;102426;4136;24;11297986208;S
20241015;102426;4135;8;11297986209;S
20241015;102426;4135;3;11297986210;S
20241015;102426;4134;9;11297986211;S
20241015;102429;4139;3;11297986624;B
20241015;102429;4140;1;11297986625;B
20241015;102438;4141;9;11297987719;S
20241015;102438;4140;491;11297987720;S
20241015;102438;4140;4;11297987724;S
20241015;102438;4140;1;11297987725;S
20241015;102438;4140;1;11297987726;S
20241015;102438;4140;4;11297987727;S
20241015;102438;4140;5;11297987728;S
20241015;102442;4142;1;11297988245;B
20241015;102443;4142;1;11297988457;B
20241015;102445;4142;3;11297988747;B
20241015;102449;4141;3;11297989613;S
20241015;102452;4140;500;11297990142;S
20241015;102452;4141;3;11297990316;S
20241015;102501;4141;3;11297991341;S
20241015;102501;4141;1;11297991342;S
20241015;102501;4141;1;11297991343;S
20241015;102501;4141;3;11297991344;S
20241015;102501;4140;492;11297991345;S
20241015;102501;4141;2;11297991359;S
20241015;102502;4140;3;11297991457;S
20241015;102511;4140;3;11297992996;S
20241015;102515;4140;1000;11297993702;S
20241015;102517;4140;7;11297993971;S
20241015;102531;4140;1000;11297995593;S
20241015;102543;4142;4;11297996814;B
20241015;102543;4142;1;11297996815;B
20241015;102543;4143;5;11297996816;B
20241015;102543;4143;8;11297996817;B
20241015;102543;4144;6;11297996818;B
20241015;102544;4144;1;11297996872;B
20241015;102544;4144;1;11297996875;B
20241015;102544;4144;3;11297996877;B
20241015;102544;4144;1;11297996878;B
20241015;102544;4144;4;11297996879;B
20241015;102544;4145;2;11297996880;B
20241015;102544;4145;3;11297996881;B
20241015;102544;4145;1;11297996882;B
20241015;102544;4145;2;11297996883;B
20241015;102544;4145;2;11297996884;B
20241015;102544;4145;3;11297996885;B
20241015;102544;4145;1;11297996886;B
20241015;102544;4145;1;11297996887;B
20241015;102544;4145;1;11297996888;B
20241015;102544;4144;1;11297996889;B
20241015;102544;4144;4;11297996891;B
20241015;102544;4145;2;11297996892;B
20241015;102544;4146;1;11297996893;B
20241015;102544;4146;1;11297996894;B
20241015;102544;4146;2;11297996895;B
20241015;102544;4146;2;11297996896;B
20241015;102544;4146;5;11297996897;B
20241015;102544;4146;4;11297996898;B
20241015;102544;4146;1;11297996899;B
20241015;102544;4146;3;11297996900;B
20241015;102544;4146;2;11297996903;B
20241015;102544;4146;1;11297996904;B
20241015;102544;4146;3;11297996905;B
20241015;102544;4146;2;11297996906;B
20241015;102544;4146;1;11297996907;B
20241015;102544;4146;3;11297996908;B
20241015;102544;4146;2;11297996910;B
20241015;102544;4146;3;11297996914;B
20241015;102544;4146;7;11297996915;B
20241015;102544;4146;2;11297996916;B
20241015;102544;4146;2;11297996927;B
20241015;102544;4146;4;11297996939;B
20241015;102544;4146;14;11297996954;B
20241015;102544;4146;2;11297996974;B
20241015;102544;4146;1;11297996981;B
20241015;102544;4146;3;11297996982;B
20241015;102544;4146;2;11297996993;B
20241015;102544;4146;1;11297997007;B
20241015;102544;4146;1;11297997008;B
20241015;102544;4146;2;11297997012;B
20241015;102544;4146;9;11297997039;B
20241015;102545;4144;4;11297997157;B
20241015;102545;4142;4;11297997232;S
20241015;102545;4142;4;11297997233;S
20241015;102545;4141;2;11297997234;S
20241015;102547;4141;11;11297997397;S
20241015;102547;4141;25;11297997398;S
20241015;102547;4141;4;11297997399;S
20241015;102547;4141;25;11297997400;S
20241015;102547;4140;435;11297997401;S
20241015;102553;4143;1;11297998306;B
20241015;102603;4141;1;11297999383;S
20241015;102603;4141;1;11297999384;S
20241015;102603;4140;71;11297999385;S
20241015;102603;4140;4;11297999386;S
20241015;102603;4140;4;11297999387;S
20241015;102603;4140;4;11297999388;S
20241015;102603;4140;15;11297999389;S
20241015;102625;4142;1;11298002618;B
20241015;102628;4142;1;11298003024;B
20241015;102628;4142;4;11298003025;B
20241015;102628;4143;2;11298003026;B
20241015;102648;4143;2;11298005233;B
20241015;102705;4145;3;11298017724;B
20241015;102705;4145;1;11298017725;B
20241015;102705;4145;1;11298017726;B
20241015;102705;4145;4;11298017727;B
20241015;102705;4146;3;11298017728;B
20241015;102705;4146;13;11298017729;B
20241015;102722;4146;12;11298034372;B
20241015;102722;4147;90;11298034373;B
20241015;102722;4148;100;11298034374;B
20241015;102722;4148;26;11298034375;B
20241015;102722;4148;40;11298034376;B
20241015;102722;4148;4;11298034377;B
20241015;102722;4148;4;11298034378;B
20241015;102722;4148;4;11298034379;B
20241015;102722;4148;4;11298034380;B
20241015;102722;4149;178;11298034381;B
20241015;102722;4149;1;11298034382;B
20241015;102722;4149;24;11298034383;B
20241015;102722;4149;3;11298034384;B
20241015;102733;4149;2;11298045738;B
20241015;102801;4149;1;11298076269;B
20241015;102801;4149;12;11298076282;B
20241015;102801;4149;1;11298076289;B
20241015;102801;4149;1;11298076311;B
20241015;102801;4149;1;11298076315;B
20241015;102801;4149;1;11298076316;B
20241015;102801;4149;1;11298076317;B
20241015;102801;4149;1;11298076319;B
20241015;102801;4149;1;11298076325;B
20241015;102801;4149;1;11298076326;B
20241015;102801;4149;1;11298076402;B
20241015;102801;4149;1;11298076431;B
20241015;102801;4149;1;11298076432;B
20241015;102801;4149;1;11298076570;B
20241015;102801;4149;2;11298076571;B
20241015;102801;4149;1;11298076581;B
20241015;102807;4147;2;11298082650;S
20241015;102809;4149;3;11298084327;B
20241015;102820;4149;2;11298096594;B
20241015;102820;4149;1;11298096595;B
20241015;102820;4149;1;11298096600;B
20241015;102820;4149;1;11298096647;B
20241015;102820;4149;1;11298096678;B
20241015;102820;4149;11;11298096679;B
20241015;102820;4149;1;11298096680;B
20241015;102820;4149;1;11298096681;B
20241015;102820;4149;1;11298096723;B
20241015;102820;4149;1;11298096739;B
20241015;102831;4149;1;11298107242;B
20241015;102831;4149;1;11298107289;B
20241015;102831;4149;1;11298107305;B
20241015;102831;4149;1;11298107311;B
20241015;102831;4149;1;11298107312;B
20241015;102831;4149;12;11298107318;B
20241015;102831;4149;1;11298107325;B
20241015;102831;4149;1;11298107341;B
20241015;102831;4149;1;11298107342;B
20241015;102831;4149;1;11298107352;B
20241015;102831;4149;1;11298107377;B
20241015;102831;4149;1;11298107396;B
20241015;102831;4149;1;11298107422;B
20241015;102831;4149;1;11298107423;B
20241015;102831;4149;1;11298107426;B
20241015;102831;4149;1;11298107434;B
20241015;102831;4149;2;11298107562;B
20241015;102835;4149;81;11298110773;B
20241015;102835;4149;9;11298110774;B
20241015;102839;4149;50;11298113995;B
20241015;102839;4147;1;11298114793;S
20241015;102844;4149;12;11298118511;B
20241015;102844;4149;8;11298118512;B
20241015;102858;4148;2;11298130563;B
20241015;102906;4148;1;11298137836;B
20241015;102906;4149;1;11298137855;B
20241015;102923;4149;1;11298152784;B
20241015;102929;4148;1;11298160448;S
20241015;102929;4148;6;11298160449;S
20241015;102929;4148;1;11298160450;S
20241015;102929;4147;2;11298160451;S
20241015;102950;4149;1;11298183126;B
20241015;102954;4147;1;11298186756;S
20241015;103000;4149;1;11298193928;B
20241015;103003;4149;1;11298197031;B
20241015;103013;4147;1;11298208013;S
20241015;103019;4147;10;11298212879;S
20241015;103019;4147;10;11298212880;S
20241015;103019;4147;7;11298212881;S
20241015;103019;4146;7;11298212882;S
20241015;103019;4146;45;11298212883;S
20241015;103019;4145;1;11298212884;S
20241015;103019;4145;13;11298212885;S
20241015;103019;4145;1;11298212886;S
20241015;103022;4145;6;11298216491;B
20241015;103022;4145;3;11298216492;B
20241015;103025;4145;10;11298219616;S
20241015;103041;4145;1;11298236883;S
20241015;103041;4145;6;11298236884;S
20241015;103041;4145;1;11298236885;S
20241015;103041;4144;19;11298236886;S
20241015;103045;4148;13;11298240199;B
20241015;103045;4148;6;11298240200;B
20241015;103045;4148;9;11298240201;B
20241015;103119;4148;1;11298278448;B
20241015;103119;4149;1;11298278449;B
20241015;103124;4148;2;11298283842;B
20241015;103126;4149;75;11298285813;B
20241015;103130;4149;16;11298289781;B
20241015;103137;4149;2;11298295529;B
20241015;103148;4149;2;11298305448;B
20241015;103148;4149;21;11298306145;B
20241015;103150;4149;9;11298307766;B
20241015;103204;4149;1;11298320867;B
20241015;103206;4149;1;11298322471;B
20241015;103207;4149;71;11298323741;B
20241015;103208;4148;9;11298324799;S
20241015;103217;4148;4;11298332635;S
20241015;103219;4147;1;11298333659;S
20241015;103225;4148;1;11298340061;B
20241015;103239;4148;13;11298355475;B
20241015;103247;4148;1;11298364308;B
20241015;103253;4148;1;11298370522;B
20241015;103253;4148;4;11298370523;B
20241015;103308;4148;1;11298386029;B
20241015;103323;4148;3;11298399766;B
20241015;103329;4148;5;11298406415;B
20241015;103344;4148;1;11298421537;B
20241015;103344;4148;1;11298421538;B
20241015;103344;4148;7;11298421550;S
20241015;103354;4149;1392;11298431965;B
20241015;103354;4150;2582;11298431966;B
20241015;103354;4150;10;11298431967;B
20241015;103354;4150;86;11298431968;B
20241015;103354;4150;3;11298431969;B
20241015;103354;4150;1;11298431970;B
20241015;103354;4150;1;11298431971;B
20241015;103354;4150;30;11298432578;S
20241015;103355;4151;27;11298432896;B
20241015;103405;4151;100;11298444294;B
20241015;103405;4151;3;11298444295;B
20241015;103406;4153;10;11298445547;B
20241015;103406;4154;90;11298445548;B
20241015;103408;4154;25;11298447325;B
20241015;103409;4154;1;11298448679;B
20241015;103409;4154;10;11298449245;B
20241015;103409;4154;2;11298449246;B
20241015;103410;4151;1;11298449301;S
20241015;103410;4154;250;11298450057;B
20241015;103414;4154;1;11298453771;B
20241015;103414;4154;3;11298453785;B
20241015;103415;4154;5;11298454596;B
20241015;103415;4153;1;11298455428;S
20241015;103421;4154;13;11298461186;B
20241015;103421;4154;50;11298461187;B
20241015;103422;4153;1;11298461685;S
20241015;103422;4153;1;11298462094;S
20241015;103422;4153;8;11298462095;S
20241015;103422;4152;8;11298462096;S
20241015;103422;4152;45;11298462097;S
20241015;103422;4151;24;11298462098;S
20241015;103422;4151;5;11298462099;S
20241015;103422;4151;9;11298462100;S
20241015;103423;4153;2;11298463053;B
20241015;103425;4152;3;11298464844;B
20241015;103429;4152;4;11298469527;B
20241015;103433;4152;21;11298473354;B
20241015;103433;4152;19;11298473355;B
20241015;103433;4152;1;11298473356;B
20241015;103433;4151;6;11298473933;S
20241015;103433;4151;6;11298473934;S
20241015;103433;4151;25;11298473935;S
20241015;103433;4151;17;11298473939;B
20241015;103440;4151;3;11298481628;B
20241015;103441;4151;9;11298481680;B
20241015;103445;4152;1;11298485492;B
20241015;103445;4152;4;11298485493;B
20241015;103445;4152;5;11298485494;B
20241015;103448;4152;1;11298488293;B
20241015;103449;4152;7;11298489471;B
20241015;103451;4152;21;11298491142;B
20241015;103451;4152;13;11298491143;B
20241015;103451;4153;14;11298491147;B
20241015;103451;4152;2;11298491365;S
20241015;103502;4153;1;11298501104;B
20241015;103508;4153;10;11298506474;B
20241015;103508;4153;25;11298506475;B
20241015;103508;4153;15;11298506476;B
20241015;103509;4153;10;11298507586;S
20241015;103513;4153;3;11298510756;B
20241015;103513;4153;1;11298510770;B
20241015;103513;4154;1;11298510771;B
20241015;103513;4154;1;11298510785;B
20241015;103513;4154;33;11298510810;B
20241015;103513;4154;1;11298510858;B
20241015;103513;4154;6;11298510862;B
20241015;103513;4154;1;11298510885;B
20241015;103513;4154;40;11298510889;B
20241015;103513;4154;1;11298510899;B
20241015;103513;4154;1;11298510914;B
20241015;103513;4154;1;11298510916;B
20241015;103513;4154;1;11298510926;B
20241015;103513;4154;1;11298510927;B
20241015;103513;4154;2;11298510928;B
20241015;103513;4154;1;11298510933;B
20241015;103513;4154;3;11298510936;B
20241015;103513;4154;2;11298510952;B
20241015;103513;4154;1;11298510990;B
20241015;103513;4154;1;11298510994;B
20241015;103513;4154;24;11298510998;B
20241015;103513;4154;1;11298511014;B
20241015;103513;4154;1;11298511030;B
20241015;103513;4154;35;11298511050;B
20241015;103513;4154;2;11298511051;B
20241015;103513;4154;1;11298511096;B
20241015;103513;4154;4;11298511097;B
20241015;103513;4154;1;11298511167;B
20241015;103513;4154;1;11298511171;B
20241015;103513;4154;6;11298511195;B
20241015;103513;4154;1;11298511198;B
20241015;103514;4154;1;11298511318;B
20241015;103514;4154;1;11298511653;B
20241015;103514;4154;22;11298511656;B
20241015;103515;4153;5;11298512231;S
20241015;103515;4153;7;11298512232;S
20241015;103515;4152;7;11298512233;S
20241015;103515;4152;7;11298512234;S
20241015;103515;4151;13;11298512235;S
20241015;103515;4151;6;11298512236;S
20241015;103515;4154;3;11298512237;B
20241015;103515;4154;1;11298512764;B
20241015;103519;4152;1;11298516233;S
20241015;103532;4152;5;11298527349;S
20241015;103532;4151;19;11298527350;S
20241015;103545;4153;1;11298540062;B
20241015;103545;4153;4;11298540949;B
20241015;103545;4153;13;11298540950;B
20241015;103545;4154;43;11298540951;B
20241015;103558;4154;1;11298554058;B
20241015;103611;4152;1;11298566995;S
20241015;103616;4154;64;11298571755;B
20241015;103616;4154;25;11298571756;B
20241015;103616;4154;11;11298571757;B
20241015;103625;4154;1;11298579870;B
20241015;103627;4154;9;11298582753;B
20241015;103645;4154;1;11298600216;B
20241015;103646;4154;2;11298601183;B
20241015;103648;4154;5;11298604151;B
20241015;103657;4154;1;11298612677;B
20241015;103722;4152;1;11298638529;S
20241015;103728;4154;15;11298644759;B
20241015;103730;4154;5;11298647292;B
20241015;103730;4152;5;11298647980;S
20241015;103730;4152;15;11298647981;S
20241015;103745;4151;1;11298661473;S
20241015;103800;4151;10;11298674030;S
20241015;103822;4151;1;11298692989;S
20241015;103822;4151;1;11298692990;S
20241015;103822;4151;1;11298692991;S
20241015;103824;4154;2;11298694583;B
20241015;103835;4152;4;11298703607;S
20241015;103837;4154;1;11298705833;B
20241015;103843;4154;1;11298712250;B
20241015;103856;4154;333;11298725508;B
20241015;103856;4154;1;11298725509;B
20241015;103903;4155;2;11298732168;B
20241015;103903;4155;4;11298732169;B
20241015;103904;4156;5;11298733004;B
20241015;103904;4156;45;11298733005;B
20241015;103904;4155;5;11298733056;S
20241015;103904;4155;4;11298733086;S
20241015;103904;4155;1;11298733111;S
20241015;103904;4156;30;11298733414;B
20241015;103904;4156;25;11298733765;B
20241015;103904;4156;5;11298733766;B
20241015;103904;4156;1;11298733776;B
20241015;103905;4157;3;11298733866;B
20241015;103905;4158;5;11298733867;B
20241015;103905;4158;4;11298733868;B
20241015;103905;4158;1;11298733869;B
20241015;103905;4158;17;11298733870;B
20241015;103905;4158;30;11298733884;B
20241015;103905;4156;20;11298733887;S
20241015;103915;4158;3;11298743941;B
20241015;103922;4158;1;11298749545;B
20241015;103925;4158;1;11298752693;B
20241015;103925;4158;3;11298752718;B
20241015;103929;4159;19;11298757072;B
20241015;103929;4159;100;11298757073;B
20241015;103929;4159;28;11298757074;B
20241015;103929;4159;80;11298757075;B
20241015;103929;4159;14;11298757076;B
20241015;103929;4160;10;11298757077;B
20241015;103929;4160;1;11298757078;B
20241015;103929;4160;10;11298757079;B
20241015;103929;4160;10;11298757080;B
20241015;103929;4160;33;11298757081;B
20241015;103929;4160;5;11298757082;B
20241015;103929;4160;100;11298757083;B
20241015;103929;4160;90;11298757084;B
20241015;103929;4160;30;11298757295;B
20241015;103929;4160;50;11298757537;B
20241015;103930;4160;50;11298757661;B
20241015;103930;4160;2;11298757662;B
20241015;103931;4160;28;11298759283;B
20241015;103931;4160;1;11298759284;B
20241015;103931;4160;1;11298759285;B
20241015;103932;4161;4;11298759906;B
20241015;103932;4162;4;11298759907;B
20241015;103932;4164;14;11298760911;B
20241015;103932;4165;26;11298760912;B
20241015;103932;4165;1;11298760913;B
20241015;103932;4165;9;11298760914;B
20241015;103940;4162;3;11298768303;S
20241015;103945;4164;5;11298774048;B
20241015;103945;4162;1;11298774394;S
20241015;103947;4164;1;11298775784;B
20241015;103953;4164;19;11298782334;B
20241015;103953;4165;30;11298783080;B
20241015;103955;4165;1;11298784774;B
20241015;104002;4165;2;11298791563;B
20241015;104002;4165;1;11298792129;B
20241015;104005;4165;7;11298795214;B
20241015;104005;4165;1;11298795215;B
20241015;104005;4165;1;11298795216;B
20241015;104005;4164;1;11298795290;S
20241015;104019;4165;1;11298809697;B
20241015;104025;4165;10;11298815569;B
20241015;104028;4165;7;11298818493;B
20241015;104028;4165;1;11298818494;B
20241015;104037;4166;16;11298827980;B
20241015;104038;4165;2;11298829119;S
20241015;104039;4166;1;11298830052;B
20241015;104044;4166;2;11298835734;B
20241015;104049;4165;1;11298840869;S
20241015;104054;4166;6;11298845050;B
20241015;104054;4167;3;11298845051;B
20241015;104054;4167;75;11298845052;B
20241015;104054;4167;5;11298845053;B
20241015;104054;4168;1;11298845054;B
20241015;104054;4168;17;11298845055;B
20241015;104055;4168;1;11298845917;B
20241015;104059;4168;1;11298849295;B
20241015;104110;4167;10;11298858906;S
20241015;104110;4167;70;11298858907;S
20241015;104112;4167;1;11298860604;B
20241015;104115;4167;1;11298863265;B
20241015;104117;4167;18;11298865474;B
20241015;104124;4167;2;11298870443;S
20241015;104124;4166;13;11298870444;S
20241015;104124;4166;5;11298870445;S
20241015;104125;4166;1;11298871299;B
20241015;104132;4166;19;11298877432;B
20241015;104132;4166;6;11298877433;B
20241015;104132;4167;4;11298877434;B
20241015;104136;4166;4;11298880918;S
20241015;104136;4166;6;11298880920;B
20241015;104137;4166;3;11298882070;S
20241015;104137;4165;3;11298882071;S
20241015;104138;4167;13;11298882243;B
20241015;104139;4168;3;11298883552;B
20241015;104144;4167;2;11298887629;S
20241015;104145;4167;2;11298889113;S
20241015;104146;4168;27;11298890234;B
20241015;104146;4168;23;11298890235;B
20241015;104148;4168;2;11298891603;B
20241015;104148;4168;10;11298891604;B
20241015;104148;4169;10;11298891605;B
20241015;104148;4169;22;11298891606;B
20241015;104148;4169;25;11298891607;B
20241015;104148;4169;15;11298891608;B
20241015;104148;4170;4;11298891743;B
20241015;104148;4170;35;11298891744;B
20241015;104148;4170;2;11298891745;B
20241015;104148;4170;84;11298891746;B
20241015;104148;4170;1;11298891996;B
20241015;104149;4169;5;11298893488;B
20241015;104152;4170;15;11298896440;B
20241015;104152;4170;90;11298896441;B
20241015;104152;4170;10;11298896442;B
20241015;104152;4170;50;11298896443;B
20241015;104152;4170;1;11298896444;B
20241015;104152;4170;15;11298896445;B
20241015;104153;4171;10;11298897302;B
20241015;104153;4171;5;11298897495;B
20241015;104155;4171;5;11298898844;B
20241015;104159;4171;4;11298903482;B
20241015;104159;4171;1;11298903483;B
20241015;104159;4172;1;11298903484;B
20241015;104159;4172;5;11298903485;B
20241015;104200;4171;3;11298904259;S
20241015;104200;4171;1;11298904260;S
20241015;104200;4170;2;11298904261;S
20241015;104201;4170;2;11298905893;S
20241015;104203;4172;5;11298906980;B
20241015;104203;4172;10;11298906981;B
20241015;104203;4172;1;11298906982;B
20241015;104203;4173;25;11298906983;B
20241015;104203;4173;10;11298906984;B
20241015;104203;4174;14;11298906985;B
20241015;104203;4174;2;11298906986;B
20241015;104203;4174;5;11298906987;B
20241015;104203;4174;10;11298906988;B
20241015;104203;4174;50;11298906989;B
20241015;104203;4174;8;11298906990;B
20241015;104203;4172;2;11298907665;S
20241015;104205;4174;10;11298909815;B
20241015;104207;4174;3;11298911190;B
20241015;104207;4175;1;11298911191;B
20241015;104207;4175;10;11298911625;B
20241015;104213;4175;2;11298917474;B
20241015;104214;4173;2;11298918860;S
20241015;104214;4173;10;11298918861;S
20241015;104214;4173;6;11298918862;S
20241015;104214;4173;10;11298918863;S
20241015;104214;4172;2;11298918864;S
20241015;104215;4174;2;11298919270;B
20241015;104219;4174;7;11298923782;B
20241015;104226;4174;2;11298930907;B
20241015;104226;4174;21;11298930908;B
20241015;104232;4174;1;11298936557;B
20241015;104233;4174;3;11298937503;B
20241015;104233;4174;2;11298937504;B
20241015;104233;4174;15;11298937505;B
20241015;104236;4174;1;11298940923;B
20241015;104238;4174;15;11298942557;B
20241015;104238;4174;1;11298942558;B
20241015;104238;4175;5;11298942559;B
20241015;104238;4175;50;11298942560;B
20241015;104238;4175;25;11298942561;B
20241015;104238;4175;1;11298942562;B
20241015;104238;4175;4;11298942563;B
20241015;104238;4175;1;11298942564;B
20241015;104238;4175;4;11298943535;S
20241015;104241;4175;45;11298945878;S
20241015;104241;4175;5;11298945879;S
20241015;104242;4175;10;11298946896;S
20241015;104243;4175;1;11298948141;S
20241015;104245;4176;2;11298949797;B
20241015;104245;4175;3;11298950429;S
20241015;104246;4176;11;11298950937;B
20241015;104254;4176;6;11298959143;B
20241015;104255;4176;1;11298960208;B
20241015;104257;4175;255;11298962435;S
20241015;104257;4175;5;11298962436;S
20241015;104259;4175;25;11298964224;S
20241015;104259;4176;4;11298964233;B
20241015;104300;4175;3;11298965507;S
20241015;104301;4175;30;11298967674;S
20241015;104303;4175;1;11298968898;S
20241015;104303;4175;20;11298969207;S
20241015;104304;4175;10;11298970082;S
20241015;104304;4175;59;11298970200;S
20241015;104305;4175;87;11298970676;S
20241015;104305;4175;4;11298970677;S
20241015;104305;4175;4;11298970678;S
20241015;104305;4175;5;11298970679;S
20241015;104307;4175;10;11298972892;S
20241015;104307;4176;6;11298973464;B
20241015;104307;4176;62;11298973465;B
20241015;104308;4176;38;11298974891;B
20241015;104308;4176;9;11298974892;B
20241015;104314;4175;10;11298980294;S
20241015;104315;4176;6;11298981413;B
20241015;104316;4175;10;11298983080;S
20241015;104316;4176;5;11298983433;B
20241015;104322;4175;50;11298988776;S
20241015;104322;4176;3;11298988779;B
20241015;104323;4175;10;11298989947;S
20241015;104323;4175;3;11298989948;S
20241015;104325;4175;1;11298991761;B
20241015;104325;4174;1;11298992234;S
20241015;104332;4173;1;11299000201;S
20241015;104335;4173;1;11299003084;S
20241015;104335;4173;88;11299003085;S
20241015;104335;4173;97;11299003195;S
20241015;104337;4173;6;11299004853;B
20241015;104341;4171;1;11299008794;S
20241015;104341;4171;2;11299008795;S
20241015;104341;4171;6;11299008796;S
20241015;104341;4171;6;11299008797;S
20241015;104345;4172;1;11299012822;B
20241015;104345;4172;2;11299012823;B
20241015;104346;4171;1;11299014404;S
20241015;104352;4171;2;11299020037;S
20241015;104352;4171;4;11299020059;S
20241015;104356;4171;496;11299023419;B
20241015;104356;4171;1;11299023420;B
20241015;104356;4172;1;11299023421;B
20241015;104356;4172;2;11299023422;B
20241015;104415;4171;1;11299039677;B
20241015;104416;4173;1;11299040786;B
20241015;104425;4173;4;11299048237;B
20241015;104431;4174;2;11299052895;B
20241015;104445;4174;8;11299065537;B
20241015;104445;4174;6;11299065538;B
20241015;104445;4174;8;11299065539;B
20241015;104445;4174;5;11299065540;B
20241015;104445;4174;25;11299065541;B
20241015;104451;4174;47;11299072583;S
20241015;104451;4174;4;11299072584;S
20241015;104451;4174;9;11299072585;S
20241015;104451;4173;40;11299072586;S
20241015;104455;4175;1;11299076099;B
20241015;104500;4175;4;11299080877;B
20241015;104509;4175;1;11299091085;B
20241015;104530;4174;13;11299112054;S
20241015;104530;4174;1;11299112055;S
20241015;104530;4173;60;11299112056;S
20241015;104530;4173;100;11299112057;S
20241015;104530;4173;45;11299112058;S
20241015;104530;4171;25;11299112059;S
20241015;104530;4171;24;11299112060;S
20241015;104530;4170;11;11299112061;S
20241015;104530;4170;1;11299112062;S
20241015;104530;4170;200;11299112063;S
20241015;104542;4168;1;11299124930;S
20241015;104542;4168;5;11299124931;S
20241015;104545;4168;1;11299127215;B
20241015;104550;4170;7;11299127930;B
20241015;104555;4170;6;11299128761;B
20241015;104557;4167;3;11299128991;S
20241015;104557;4167;2;11299128992;S
20241015;104557;4167;19;11299128993;S
20241015;104558;4170;1;11299129308;B
20241015;104601;4167;1;11299129708;S
20241015;104602;4166;6;11299129855;S
20241015;104602;4166;2;11299129856;S
20241015;104602;4166;2;11299129857;S
20241015;104602;4166;30;11299129858;S
20241015;104602;4166;20;11299129859;S
20241015;104602;4165;58;11299129860;S
20241015;104602;4165;2;11299129862;S
20241015;104610;4166;1;11299131213;S
20241015;104614;4165;66;11299131718;S
20241015;104615;4167;1;11299131933;B
20241015;104618;4168;2;11299132383;B
20241015;104621;4165;20;11299132733;S
20241015;104625;4168;1;11299133297;B
20241015;104652;4165;1;11299136883;S
20241015;104703;4165;20;11299138303;S
20241015;104704;4165;83;11299138389;S
20241015;104704;4165;5;11299138390;S
20241015;104704;4165;1;11299138391;S
20241015;104704;4164;12;11299138392;S
20241015;104704;4164;7;11299138393;S
20241015;104705;4167;1;11299138465;B
20241015;104716;4168;3;11299140072;B
20241015;104716;4168;1;11299140073;B
20241015;104716;4169;25;11299140074;B
20241015;104716;4169;11;11299140075;B
20241015;104716;4165;1;11299140082;S
20241015;104725;4168;1;11299141219;B
20241015;104730;4168;3;11299141851;B
20241015;104730;4168;4;11299141852;B
20241015;104730;4169;2;11299141853;B
20241015;104730;4169;25;11299141854;B
20241015;104730;4169;6;11299141855;B
20241015;104739;4168;47;11299143271;B
20241015;104739;4170;6;11299143272;B
20241015;104739;4170;30;11299143273;B
20241015;104739;4170;6;11299143274;B
20241015;104740;4166;2;11299143489;S
20241015;104745;4169;1;11299144094;B
20241015;104800;4169;1;11299146785;B
20241015;104800;4170;16;11299146786;B
20241015;104808;4169;1;11299148174;B
20241015;104808;4170;12;11299148175;B
20241015;104814;4170;16;11299149039;B
20241015;104814;4170;10;11299149040;B
20241015;104814;4170;100;11299149041;B
20241015;104827;4170;9;11299150828;B
20241015;104830;4170;1;11299151377;B
20241015;104841;4170;10;11299153129;B
20241015;104913;4170;25;11299159369;B
20241015;104918;4170;2;11299160204;B
20241015;104918;4170;3;11299160392;B
20241015;104920;4170;10;11299160622;B
20241015;104921;4170;40;11299160805;B
20241015;104921;4170;1;11299160806;B
20241015;104921;4170;59;11299160807;B
20241015;104928;4170;10;11299161621;B
20241015;104928;4170;31;11299161670;B
20241015;104928;4170;69;11299161671;B
20241015;104938;4168;5;11299163085;S
20241015;104949;4170;1;11299164770;B
20241015;104950;4168;1;11299165019;S
20241015;104957;4168;1;11299166239;B
20241015;104959;4166;1;11299166489;S
20241015;105013;4168;3;11299169774;B
20241015;105016;4168;5;11299170294;B
20241015;105018;4166;1;11299170551;S
20241015;105023;4166;1;11299171786;S
20241015;105031;4168;5;11299174659;B
20241015;105052;4166;72;11299178050;S
20241015;105052;4166;1;11299178051;S
20241015;105052;4166;2;11299178052;S
20241015;105052;4165;25;11299178053;S
20241015;105056;4168;23;11299178413;B
20241015;105057;4168;8;11299178509;B
20241015;105105;4168;2;11299179186;S
20241015;105109;4163;1;11299179552;S
20241015;105109;4163;25;11299179553;S
20241015;105109;4162;5;11299179554;S
20241015;105109;4162;2;11299179555;S
20241015;105109;4162;15;11299179556;S
20241015;105109;4162;13;11299179557;S
20241015;105109;4162;25;11299179558;S
20241015;105109;4161;19;11299179559;S
20241015;105109;4161;6;11299179560;S
20241015;105109;4161;5;11299179561;S
20241015;105109;4161;7;11299179562;S
20241015;105109;4161;5;11299179563;S
20241015;105109;4161;8;11299179564;S
20241015;105109;4160;164;11299179565;S
20241015;105114;4166;1;11299180023;B
20241015;105120;4166;1;11299180638;B
20241015;105124;4164;1;11299181095;B
20241015;105131;4161;21;11299181818;S
20241015;105131;4160;9;11299181819;S
20241015;105132;4160;50;11299181911;S
20241015;105132;4160;4;11299181913;S
20241015;105133;4160;10;11299182121;S
20241015;105133;4160;10;11299182146;S
20241015;105133;4160;3;11299182147;S
20241015;105133;4160;1;11299182148;S
20241015;105133;4160;2;11299182149;S
20241015;105139;4158;1;11299182940;S
20241015;105139;4158;9;11299182941;S
20241015;105208;4159;137;11299187610;S
20241015;105208;4159;1;11299187611;S
20241015;105208;4159;2;11299187612;S
20241015;105220;4162;7;11299189560;B
20241015;105220;4162;21;11299189561;B
20241015;105220;4159;1;11299189678;S
20241015;105226;4162;3;11299190644;B
20241015;105226;4162;1;11299190645;B
20241015;105226;4162;7;11299190646;B
20241015;105233;4162;1;11299191485;B
20241015;105233;4162;6;11299191486;B
20241015;105238;4159;1;11299192115;S
20241015;105242;4162;4;11299192712;B
20241015;105242;4162;7;11299192713;B
20241015;105253;4164;25;11299194018;B
20241015;105253;4164;10;11299194019;B
20241015;105253;4164;13;11299194020;B
20241015;105309;4164;3;11299198949;B
20241015;105309;4164;13;11299198950;B
20241015;105309;4164;4;11299198951;B
20241015;105309;4164;1;11299198952;B
20241015;105312;4165;36;11299199324;B
20241015;105325;4165;84;11299201069;B
20241015;105325;4165;5;11299201070;B
20241015;105325;4165;3;11299201071;B
20241015;105330;4167;1;11299201570;B
20241015;105338;4166;7;11299202613;B
20241015;105338;4167;7;11299202614;B
20241015;105338;4167;25;11299202615;B
20241015;105338;4168;9;11299202616;B
20241015;105345;4167;1;11299203586;B
20241015;105350;4166;1;11299204098;B
20241015;105352;4167;25;11299204464;B
20241015;105352;4169;5;11299204465;B
20241015;105352;4169;7;11299204466;B
20241015;105352;4169;5;11299204467;B
20241015;105352;4169;2;11299204468;B
20241015;105400;4168;5;11299205465;B
20241015;105419;4167;40;11299207502;S
20241015;105420;4168;3;11299207629;B
20241015;105422;4168;2;11299207978;B
20241015;105422;4168;14;11299207979;B
20241015;105423;4168;2;11299208098;S
20241015;105430;4169;1;11299208715;B
20241015;105430;4169;4;11299208717;B
20241015;105430;4169;6;11299208718;B
20241015;105430;4169;3;11299208719;B
20241015;105430;4169;11;11299208720;B
20241015;105430;4169;6;11299208765;S
20241015;105431;4168;10;11299208790;S
20241015;105431;4169;4;11299208898;B
20241015;105444;4169;38;11299210231;B
20241015;105444;4169;6;11299210232;B
20241015;105447;4169;1;11299210614;B
20241015;105450;4169;3;11299210839;B
20241015;105450;4169;3;11299210840;B
20241015;105455;4169;2;11299211423;B
20241015;105455;4169;1;11299211424;B
20241015;105500;4169;1;11299211976;B
20241015;105500;4169;2;11299212013;B
20241015;105502;4169;6;11299212404;B
20241015;105502;4169;2;11299212405;B
20241015;105502;4170;30;11299212406;B
20241015;105502;4170;7;11299212407;B
20241015;105510;4170;8;11299213483;B
20241015;105516;4169;5;11299214387;S
20241015;105519;4169;5;11299214880;B
20241015;105520;4170;4;11299215043;B
20241015;105522;4170;939;11299215454;B
20241015;105528;4170;4;11299216250;B
20241015;105530;4170;67;11299216471;B
20241015;105534;4170;5;11299217116;B
20241015;105549;4169;4;11299218761;S
20241015;105550;4170;5;11299218866;B
20241015;105554;4169;25;11299219386;S
20241015;105554;4169;2;11299219387;S
20241015;105554;4169;55;11299219388;S
20241015;105554;4168;3;11299219389;S
20241015;105554;4168;42;11299219390;S
20241015;105554;4167;20;11299219391;S
20241015;105554;4167;1;11299219392;S
20241015;105554;4165;3;11299219393;S
20241015;105554;4164;1;11299219394;S
20241015;105554;4163;1;11299219395;S
20241015;105554;4161;9;11299219396;S
20241015;105554;4160;5;11299219397;S
20241015;105554;4160;8;11299219398;S
20241015;105600;4160;203;11299220144;B
20241015;105601;4160;4;11299220311;B
20241015;105601;4160;2;11299220318;B
20241015;105606;4158;10;11299220923;S
20241015;105609;4158;1;11299221297;B
20241015;105620;4160;39;11299223097;B
20241015;105638;4160;5;11299226147;B
20241015;105641;4160;2;11299226532;B
20241015;105650;4160;1;11299227467;B
20241015;105652;4160;100;11299227811;B
20241015;105654;4160;1;11299227953;B
20241015;105704;4157;7;11299229594;S
20241015;105714;4157;6;11299231737;S
20241015;105714;4157;4;11299231738;S
20241015;105717;4157;1;11299232192;S
20241015;105720;4159;1;11299232540;B
20241015;105720;4159;23;11299232541;B
20241015;105727;4160;8;11299233517;B
20241015;105731;4160;4;11299234036;B
20241015;105732;4160;2;11299234070;B
20241015;105750;4159;1;11299236130;B
20241015;105750;4159;2;11299236131;B
20241015;105805;4158;10;11299237632;S
20241015;105814;4158;1;11299238683;S
20241015;105820;4159;2;11299239272;B
20241015;105829;4159;5;11299240185;B
20241015;105830;4158;1;11299240293;S
20241015;105831;4159;4;11299240410;B
20241015;105831;4159;12;11299240412;B
20241015;105847;4159;2;11299242303;S
20241015;105848;4160;12;11299242366;B
20241015;105850;4160;7;11299242583;B
20241015;105902;4160;22;11299244165;B
20241015;105918;4160;20;11299246416;B
20241015;105920;4160;8;11299246660;B
20241015;105926;4159;10;11299247648;S
20241015;105950;4160;2;11299250814;B
20241015;110000;4159;10;11299252058;S
20241015;110010;4160;4;11299253520;B
20241015;110014;4159;2;11299254066;S
20241015;110014;4159;12;11299254111;S
20241015;110014;4159;1;11299254112;S
20241015;110020;4160;6;11299256432;B
20241015;110029;4159;1;11299257919;S
20241015;110035;4159;10;11299258694;S
20241015;110038;4160;44;11299259114;B
20241015;110039;4160;7;11299259275;B
20241015;110041;4160;1;11299259539;B
20241015;110048;4159;25;11299260330;S
20241015;110048;4159;2;11299260331;S
20241015;110048;4159;5;11299260332;S
20241015;110048;4159;1;11299260333;S
20241015;110048;4159;1;11299260334;S
20241015;110048;4159;67;11299260335;S
20241015;110050;4160;33;11299260538;B
20241015;110100;4159;1;11299261869;B
20241015;110109;4159;1;11299263029;S
20241015;110116;4158;1;11299263979;S
20241015;110117;4158;5;11299264050;S
20241015;110117;4158;15;11299264070;S
20241015;110120;4159;5;11299264443;B
20241015;110123;4160;20;11299264971;B
20241015;110132;4158;3;11299266462;S
20241015;110136;4159;1;11299267177;B
20241015;110139;4158;10;11299268233;S
20241015;110139;4158;13;11299268234;S
20241015;110139;4158;1;11299268235;S
20241015;110149;4158;1;11299270138;B
20241015;110150;4159;9;11299270228;B
20241015;110159;4159;2;11299271801;B
20241015;110214;4159;4;11299274017;B
20241015;110220;4159;2;11299274822;B
20241015;110224;4159;1;11299275790;B
20241015;110234;4158;9;11299277482;S
20241015;110234;4158;15;11299277483;S
20241015;110234;4157;100;11299277484;S
20241015;110234;4157;2;11299277485;S
20241015;110234;4157;1;11299277486;S
20241015;110234;4157;50;11299277487;S
20241015;110234;4156;11;11299277488;S
20241015;110234;4155;3;11299277489;S
20241015;110234;4155;1778;11299277490;S
20241015;110235;4155;1;11299277869;B
20241015;110241;4155;5;11299279060;B
20241015;110243;4155;2;11299279744;B
20241015;110246;4155;1;11299280883;B
20241015;110250;4155;395;11299281381;B
20241015;110253;4154;1;11299281892;S
20241015;110257;4155;2;11299282862;B
20241015;110302;4154;4;11299283939;S
20241015;110302;4154;1;11299283940;S
20241015;110302;4154;9;11299283941;S
20241015;110302;4154;1;11299283942;S
20241015;110302;4153;2;11299283943;S
20241015;110302;4153;12;11299283944;S
20241015;110311;4154;1;11299285706;B
20241015;110320;4154;4;11299287634;B
20241015;110320;4155;3;11299287635;B
20241015;110329;4153;20;11299289389;S
20241015;110333;4153;1;11299290020;S
20241015;110333;4155;1;11299290085;B
20241015;110339;4155;10;11299291146;B
20241015;110350;4155;6;11299292731;B
20241015;110353;4155;1;11299293214;B
20241015;110353;4155;4;11299293291;B
20241015;110353;4155;5;11299293292;B
20241015;110354;4153;20;11299293416;S
20241015;110354;4155;1;11299293443;B
20241015;110406;4155;1;11299295398;B
20241015;110414;4155;1;11299296727;B
20241015;110420;4155;7;11299298371;B
20241015;110430;4154;19;11299301101;B
20241015;110437;4153;1;11299302652;S
20241015;110438;4154;6;11299302780;B
20241015;110441;4154;13;11299303530;B
20241015;110450;4154;8;11299305457;B
20241015;110450;4154;4;11299305458;B
20241015;110504;4154;3;11299308259;S
20241015;110506;4155;2;11299308829;B
20241015;110515;4154;1;11299310858;S
20241015;110520;4155;2;11299311867;B
20241015;110528;4155;10;11299313838;B
20241015;110549;4155;1;11299318716;B
20241015;110550;4155;2;11299318904;B
20241015;110550;4153;2;11299318922;S
20241015;110604;4155;2;11299322492;B
20241015;110607;4155;71;11299323363;B
20241015;110607;4155;29;11299323364;B
20241015;110618;4155;1;11299326033;B
20241015;110620;4155;20;11299326277;B
20241015;110620;4155;1;11299326278;B
20241015;110623;4155;4;11299326738;B
20241015;110623;4155;1;11299326796;B
20241015;110627;4155;3;11299327442;B
20241015;110636;4155;3;11299329014;B
20241015;110644;4155;10;11299330539;B
20241015;110648;4155;7;11299331659;B
20241015;110650;4155;6;11299332025;B
20241015;110740;4155;1;11299341593;B
20241015;110746;4155;15;11299342702;B
20241015;110749;4155;24;11299343120;B
20241015;110750;4155;8;11299343285;B
20241015;110750;4155;1;11299343384;B
20241015;110804;4155;10;11299345703;B
20241015;110810;4155;95;11299346923;B
20241015;110810;4155;5;11299346924;B
20241015;110813;4155;3;11299347411;B
20241015;110814;4154;10;11299347506;S
20241015;110820;4155;24;11299348621;B
20241015;110822;4155;10;11299349060;B
20241015;110836;4155;2;11299352069;B
20241015;110842;4154;8;11299353165;S
20241015;110846;4155;2;11299353958;B
20241015;110847;4154;1;11299354113;S
20241015;110847;4154;1;11299354114;S
20241015;110847;4154;33;11299354115;S
20241015;110850;4155;12;11299354723;B
20241015;110851;4155;2;11299354975;B
20241015;110903;4155;2;11299357521;B
20241015;110913;4154;1;11299359735;S
20241015;110915;4154;1;11299360655;S
20241015;110920;4155;1;11299362227;B
20241015;110920;4155;9;11299362236;B
20241015;110923;4155;10;11299363158;B
20241015;110930;4155;5;11299365045;B
20241015;110932;4155;1;11299365506;B
20241015;110942;4155;1428;11299367505;B
20241015;110942;4159;6;11299367506;B
20241015;110942;4159;1;11299367507;B
20241015;110942;4159;13;11299367508;B
20241015;110942;4159;1;11299367509;B
20241015;110942;4160;1811;11299367510;B
20241015;110942;4160;6;11299367511;B
20241015;110942;4160;1;11299367512;B
20241015;110944;4161;25;11299367999;S
20241015;110944;4161;25;11299368000;S
20241015;110944;4160;832;11299368001;S
20241015;110944;4160;45;11299368002;S
20241015;110944;4160;8;11299368003;S
20241015;110945;4165;1;11299368300;B
20241015;110945;4165;9;11299368301;B
20241015;110950;4166;11;11299369337;B
20241015;110950;4166;31;11299369338;B
20241015;110950;4166;30;11299369339;B
20241015;110959;4168;7;11299371221;B
20241015;110959;4168;10;11299371222;B
20241015;111000;4168;50;11299371349;B
20241015;111004;4162;13;11299372249;S
20241015;111004;4162;24;11299372250;S
20241015;111020;4168;10;11299375799;B
20241015;111023;4163;2;11299376340;S
20241015;111024;4163;1;11299376483;S
20241015;111024;4162;1;11299376484;S
20241015;111024;4162;1;11299376485;S
20241015;111030;4167;1;11299377545;B
20241015;111037;4163;10;11299378569;S
20241015;111037;4162;5;11299378570;S
20241015;111037;4162;6;11299378571;S
20241015;111037;4162;10;11299378572;S
20241015;111037;4161;25;11299378573;S
20241015;111037;4161;5;11299378574;S
20241015;111037;4161;7;11299378575;S
20241015;111037;4160;31;11299378576;S
20241015;111041;4160;8;11299379340;S
20241015;111042;4166;1;11299379465;B
20241015;111042;4167;1;11299379466;B
20241015;111044;4160;28;11299379912;S
20241015;111050;4166;4;11299380945;B
20241015;111104;4161;1;11299383612;S
20241015;111107;4161;1;11299384274;S
20241015;111109;4165;1;11299384678;B
20241015;111109;4165;1;11299384679;B
20241015;111120;4166;1;11299386873;B
20241015;111123;4166;1;11299387719;B
20241015;111123;4166;5;11299387720;B
20241015;111124;4161;1;11299387798;S
20241015;111124;4161;1;11299387799;S
20241015;111127;4166;1;11299388477;B
20241015;111130;4166;1;11299389404;B
20241015;111140;4167;2;11299391554;B
20241015;111140;4167;13;11299391555;B
20241015;111141;4168;1;11299391660;B
20241015;111144;4167;5;11299392205;S
20241015;111145;4168;1;11299392542;B
20241015;111145;4168;1;11299392543;B
20241015;111145;4168;5;11299392544;B
20241015;111149;4168;2;11299393125;B
20241015;111149;4168;25;11299393126;B
20241015;111150;4169;5;11299393381;B
20241015;111154;4167;4;11299394121;S
20241015;111158;4169;71;11299394950;B
20241015;111200;4169;8;11299395237;B
20241015;111201;4169;10;11299395463;B
20241015;111203;4167;6;11299395799;S
20241015;111203;4166;14;11299395800;S
20241015;111204;4162;1;11299395961;S
20241015;111204;4162;1;11299395962;S
20241015;111204;4162;5;11299395963;S
20241015;111204;4161;1;11299395964;S
20241015;111204;4161;13;11299395965;S
20241015;111204;4161;17;11299395966;S
20241015;111209;4167;1;11299397229;B
20241015;111220;4166;1;11299399460;B
20241015;111220;4166;1;11299399461;B
20241015;111221;4165;5;11299399702;S
20241015;111221;4164;2;11299399703;S
20241015;111221;4163;2;11299399704;S
20241015;111221;4162;1;11299399705;S
20241015;111224;4163;1;11299400549;S
20241015;111224;4162;2;11299400550;S
20241015;111230;4166;1;11299401981;B
20241015;111232;4167;1;11299402476;B
20241015;111237;4167;1;11299403581;B
20241015;111244;4163;1;11299405082;S
20241015;111248;4166;1;11299405858;B
20241015;111248;4167;1;11299405859;B
20241015;111250;4167;1;11299406265;B
20241015;111251;4168;1;11299406549;B
20241015;111300;4167;3;11299409936;B
20241015;111304;4165;2;11299411954;S
20241015;111320;4168;1;11299417639;B
20241015;111324;4168;1;11299419075;B
20241015;111334;4168;12;11299422571;B
20241015;111336;4168;2;11299423391;B
20241015;111337;4169;69;11299423724;B
20241015;111337;4169;5;11299423725;B
20241015;111337;4169;10;11299423726;B
20241015;111337;4170;103;11299423727;B
20241015;111340;4170;187;11299424820;B
20241015;111340;4170;4;11299424821;B
20241015;111344;4168;2;11299426211;S
20241015;111344;4168;25;11299426212;S
20241015;111344;4168;43;11299426213;S
20241015;111344;4167;24;11299426214;S
20241015;111344;4167;4;11299426215;S
20241015;111344;4170;661;11299426412;B
20241015;111344;4170;2;11299426413;B
20241015;111344;4170;10;11299426414;B
20241015;111344;4170;48;11299426415;B
20241015;111344;4171;10;11299426416;B
20241015;111344;4171;1;11299426417;B
20241015;111344;4171;44;11299426418;B
20241015;111344;4172;2;11299426419;B
20241015;111344;4172;1;11299426420;B
20241015;111344;4172;4;11299426421;B
20241015;111344;4172;7;11299426422;B
20241015;111344;4173;2;11299426423;B
20241015;111344;4173;1;11299426424;B
20241015;111344;4173;1;11299426425;B
20241015;111344;4173;1;11299426426;B
20241015;111344;4173;100;11299426427;B
20241015;111344;4174;2;11299426428;B
20241015;111344;4174;10;11299426429;B
20241015;111344;4175;10;11299426430;B
20241015;111344;4175;1;11299426431;B
20241015;111344;4175;37;11299426432;B
20241015;111344;4175;1;11299426433;B
20241015;111344;4175;5;11299426434;B
20241015;111344;4175;10;11299426435;B
20241015;111344;4175;1;11299426436;B
20241015;111344;4176;452;11299426437;B
20241015;111344;4176;30;11299426438;B
20241015;111344;4176;2;11299426439;B
20241015;111344;4177;100;11299426440;B
20241015;111344;4177;1;11299426441;B
20241015;111344;4177;5;11299426442;B
20241015;111344;4177;20;11299426443;B
20241015;111344;4178;1;11299426444;B
20241015;111344;4178;20;11299426445;B
20241015;111344;4179;30;11299426446;B
20241015;111344;4179;1;11299426447;B
20241015;111344;4180;2;11299426448;B
20241015;111344;4180;19;11299426449;B
20241015;111344;4180;10;11299426450;B
20241015;111344;4180;10;11299426451;B
20241015;111344;4180;14;11299426452;B
20241015;111344;4180;1;11299426453;B
20241015;111344;4180;10;11299426454;B
20241015;111344;4181;2;11299426455;B
20241015;111344;4181;15;11299426456;B
20241015;111344;4181;25;11299426457;B
20241015;111344;4182;1;11299426458;B
20241015;111344;4182;1;11299426459;B
20241015;111344;4182;30;11299426460;B
20241015;111344;4182;50;11299426461;B
20241015;111344;4183;176;11299426462;B
20241015;111350;4173;1;11299428460;S
20241015;111350;4173;2;11299428461;S
20241015;111350;4172;1;11299428462;S
20241015;111350;4172;6;11299428463;S
20241015;111352;4177;2;11299429054;B
20241015;111352;4177;1;11299429055;B
20241015;111352;4179;7;11299429056;B
20241015;111357;4180;1;11299431571;B
20241015;111357;4180;20;11299431572;B
20241015;111357;4180;150;11299431573;B
20241015;111358;4180;5;11299432044;S
20241015;111400;4182;1;11299432845;B
20241015;111404;4183;64;11299433815;B
20241015;111404;4183;5;11299433816;B
20241015;111404;4180;1;11299433834;S
20241015;111404;4179;10;11299433835;S
20241015;111404;4179;5;11299433836;S
20241015;111404;4179;5;11299433837;S
20241015;111404;4174;2;11299433838;S
20241015;111404;4173;2;11299433839;S
20241015;111404;4173;2;11299433840;S
20241015;111404;4173;1;11299433841;S
20241015;111404;4172;6;11299433842;S
20241015;111404;4171;3;11299433843;S
20241015;111404;4167;7;11299433844;S
20241015;111404;4166;25;11299433845;S
20241015;111404;4166;13;11299433846;S
20241015;111404;4166;5;11299433847;S
20241015;111404;4166;8;11299433848;S
20241015;111404;4165;60;11299433849;S
20241015;111404;4165;5;11299433850;S
20241015;111404;4165;7;11299433851;S
20241015;111404;4164;3;11299433852;S
20241015;111404;4164;35;11299433853;S
20241015;111404;4164;21;11299433857;B
20241015;111404;4164;5;11299433858;B
20241015;111404;4164;5;11299433891;B
20241015;111404;4164;2;11299433892;B
20241015;111405;4164;20;11299434130;B
20241015;111405;4164;50;11299434165;B
20241015;111405;4164;75;11299434221;B
20241015;111405;4164;25;11299434224;B
20241015;111405;4164;30;11299434234;B
20241015;111405;4164;24;11299434235;B
20241015;111405;4164;40;11299434236;B
20241015;111405;4164;50;11299434262;B
20241015;111405;4164;15;11299434264;B
20241015;111405;4164;2;11299434265;B
20241015;111405;4164;2;11299434266;B
20241015;111410;4170;2;11299435693;B
20241015;111410;4170;2;11299435780;B
20241015;111412;4170;2;11299436764;B
20241015;111413;4170;2;11299437298;B
20241015;111420;4170;12;11299440040;B
20241015;111421;4172;1;11299440626;B
20241015;111421;4172;1;11299440801;B
20241015;111422;4172;1;11299440820;B
20241015;111422;4172;1;11299440844;B
20241015;111422;4172;1;11299440902;B
20241015;111422;4172;1;11299440932;B
20241015;111422;4173;1;11299440934;B
20241015;111422;4173;1;11299441007;B
20241015;111424;4172;4;11299441447;S
20241015;111424;4168;4;11299441448;S
20241015;111427;4172;1;11299442379;B
20241015;111445;4169;2;11299447968;S
20241015;111446;4170;2;11299448426;B
20241015;111446;4171;3;11299448427;B
20241015;111447;4171;5;11299448510;B
20241015;111454;4169;2;11299450029;S
20241015;111454;4168;8;11299450030;S
20241015;111459;4170;1;11299451106;B
20241015;111500;4170;1;11299451140;B
20241015;111500;4171;1;11299451328;B
20241015;111501;4172;1;11299451608;B
20241015;111504;4170;6;11299452242;S
20241015;111504;4169;2;11299452357;S
20241015;111504;4169;2;11299452358;S
20241015;111504;4168;13;11299452359;S
20241015;111504;4168;10;11299452360;S
20241015;111504;4168;5;11299452361;S
20241015;111504;4165;1;11299452362;S
20241015;111504;4165;1;11299452363;S
20241015;111504;4164;1;11299452364;S
20241015;111504;4164;10;11299452365;S
20241015;111504;4163;1;11299452366;S
20241015;111504;4163;1;11299452367;S
20241015;111504;4163;25;11299452368;S
20241015;111504;4163;10;11299452369;S
20241015;111504;4162;1;11299452370;S
20241015;111504;4162;25;11299452371;S
20241015;111504;4161;5;11299452372;S
20241015;111504;4161;5;11299452373;S
20241015;111504;4161;1;11299452374;S
20241015;111504;4161;2;11299452375;S
20241015;111504;4161;1;11299452376;S
20241015;111504;4161;1;11299452377;S
20241015;111504;4161;30;11299452378;S
20241015;111504;4161;10;11299452379;S
20241015;111504;4161;5;11299452380;S
20241015;111504;4161;5;11299452381;S
20241015;111504;4160;834;11299452382;S
20241015;111504;4160;1;11299452383;S
20241015;111504;4160;75;11299452384;S
20241015;111504;4160;1;11299452385;S
20241015;111504;4160;1;11299452386;S
20241015;111504;4160;218;11299452387;S
20241015;111504;4157;3;11299452388;S
20241015;111504;4157;3;11299452389;S
20241015;111504;4157;25;11299452390;S
20241015;111504;4156;1;11299452391;S
20241015;111504;4156;10;11299452392;S
20241015;111504;4155;1;11299452393;S
20241015;111504;4155;10;11299452394;S
20241015;111504;4155;5;11299452395;S
20241015;111504;4155;2;11299452396;S
20241015;111504;4155;5;11299452397;S
20241015;111504;4155;15;11299452398;S
20241015;111504;4155;2;11299452399;S
20241015;111504;4155;2;11299452400;S
20241015;111504;4154;1;11299452401;S
20241015;111504;4154;100;11299452402;S
20241015;111504;4153;69;11299452403;S
20241015;111504;4153;200;11299452404;S
20241015;111504;4153;1;11299452405;S
20241015;111504;4153;50;11299452406;S
20241015;111504;4152;1;11299452407;S
20241015;111504;4152;5;11299452408;S
20241015;111504;4151;1;11299452409;S
20241015;111504;4151;22;11299452410;S
20241015;111504;4151;1;11299452411;S
20241015;111504;4151;3;11299452412;S
20241015;111504;4151;1;11299452413;S
20241015;111504;4151;50;11299452414;S
20241015;111504;4151;50;11299452415;S
20241015;111504;4150;50;11299452416;S
20241015;111504;4150;1;11299452417;S
20241015;111504;4150;1;11299452418;S
20241015;111504;4150;6;11299452419;S
20241015;111505;4158;2;11299452568;S
20241015;111510;4165;2;11299454024;B
20241015;111510;4165;3;11299454025;B
20241015;111511;4163;2;11299454099;B
20241015;111511;4159;2;11299454208;S
20241015;111511;4159;1;11299454209;S
20241015;111511;4158;3;11299454210;S
20241015;111511;4156;2;11299454211;S
20241015;111511;4155;2;11299454212;S
20241015;111516;4159;2;11299455280;B
20241015;111516;4160;2;11299455281;B
20241015;111516;4160;5;11299455282;B
20241015;111520;4160;10;11299456140;B
20241015;111520;4161;1;11299456141;B
20241015;111520;4161;2;11299456142;B
20241015;111520;4162;1;11299456143;B
20241015;111520;4162;13;11299456144;B
20241015;111530;4162;2;11299458261;B
20241015;111548;4164;1;11299461565;B
20241015;111550;4164;1;11299461813;B
20241015;111559;4165;1;11299463482;B
20241015;111559;4166;5;11299463483;B
20241015;111559;4167;5;11299463484;B
20241015;111559;4167;2;11299463485;B
20241015;111559;4168;8;11299463486;B
20241015;111559;4168;5;11299463487;B
20241015;111559;4168;48;11299463488;B
20241015;111559;4169;7;11299463489;B
20241015;111559;4170;30;11299463490;B
20241015;111559;4171;1;11299463491;B
20241015;111559;4172;48;11299463492;B
20241015;111559;4172;2;11299463493;B
20241015;111559;4173;1;11299463494;B
20241015;111559;4174;24;11299463495;B
20241015;111559;4175;25;11299463496;B
20241015;111559;4175;25;11299463497;B
20241015;111559;4176;5;11299463498;B
20241015;111559;4176;8;11299463499;B
20241015;111604;4172;1;11299464362;S
20241015;111604;4171;1;11299464363;S
20241015;111604;4170;10;11299464364;S
20241015;111604;4170;8;11299464365;S
20241015;111604;4169;2;11299464366;S
20241015;111604;4168;1;11299464367;S
20241015;111604;4167;1;11299464368;S
20241015;111604;4166;2;11299464369;S
20241015;111604;4166;24;11299464370;S
20241015;111604;4165;25;11299464371;S
20241015;111604;4165;13;11299464372;S
20241015;111604;4164;8;11299464373;S
20241015;111604;4163;7;11299464374;S
20241015;111604;4163;5;11299464375;S
20241015;111604;4163;10;11299464376;S
20241015;111604;4163;5;11299464377;S
20241015;111604;4163;1;11299464457;B
20241015;111605;4163;10;11299464716;B
20241015;111605;4163;25;11299464746;B
20241015;111606;4163;25;11299464764;B
20241015;111606;4163;25;11299464935;B
20241015;111606;4163;1;11299464973;B
20241015;111606;4162;1;11299464997;S
20241015;111606;4163;50;11299465017;B
20241015;111606;4163;100;11299465021;B
20241015;111607;4163;50;11299465090;B
20241015;111607;4163;1;11299465102;B
20241015;111607;4163;25;11299465181;B
20241015;111607;4163;1;11299465236;B
20241015;111607;4163;2;11299465261;B
20241015;111607;4163;25;11299465262;B
20241015;111607;4163;12;11299465286;B
20241015;111607;4163;2;11299465295;B
20241015;111607;4163;1;11299465300;B
20241015;111607;4163;1;11299465387;B
20241015;111607;4163;2;11299465437;B
20241015;111607;4163;25;11299465453;B
20241015;111607;4163;10;11299465456;B
20241015;111607;4163;1;11299465468;B
20241015;111608;4163;1;11299465522;B
20241015;111608;4163;1;11299465525;B
20241015;111608;4163;1;11299465607;B
20241015;111608;4163;1;11299465660;B
20241015;111608;4163;1;11299465744;B
20241015;111608;4163;1;11299465811;B
20241015;111608;4163;1;11299465813;B
20241015;111609;4163;2;11299465944;B
20241015;111609;4163;5;11299466089;B
20241015;111610;4163;1;11299466382;B
20241015;111612;4163;1;11299466911;B
20241015;111613;4163;15;11299467208;B
20241015;111613;4163;1;11299467291;B
20241015;111614;4162;1;11299467532;S
20241015;111619;4162;2;11299468562;S
20241015;111619;4162;1;11299468563;S
20241015;111619;4161;2;11299468564;S
20241015;111620;4163;28;11299469064;B
20241015;111624;4166;1;11299469972;B
20241015;111624;4166;1;11299470150;B
20241015;111626;4166;1;11299470400;B
20241015;111626;4165;1;11299470401;S
20241015;111626;4162;2;11299470402;S
20241015;111626;4162;1;11299470403;S
20241015;111626;4162;6;11299470404;S
20241015;111626;4161;1;11299470405;S
20241015;111626;4161;5;11299470406;S
20241015;111626;4161;25;11299470407;S
20241015;111626;4161;1;11299470408;S
20241015;111626;4160;1;11299470409;S
20241015;111626;4160;3;11299470410;S
20241015;111626;4160;4;11299470411;S
20241015;111626;4160;2;11299470412;S
20241015;111626;4160;2;11299470413;S
20241015;111626;4160;20;11299470414;S
20241015;111626;4160;20;11299470415;S
20241015;111626;4160;20;11299470416;S
20241015;111626;4159;25;11299470417;S
20241015;111626;4159;261;11299470418;S
20241015;111627;4166;1;11299470670;B
20241015;111627;4165;1;11299470800;S
20241015;111628;4165;1;11299470820;B
20241015;111629;4165;1;11299471330;B
20241015;111630;4165;1;11299471701;B
20241015;111630;4165;4;11299471702;B
20241015;111630;4165;5;11299471703;B
20241015;111630;4165;3;11299471704;B
20241015;111633;4165;2;11299472804;B
20241015;111633;4165;1;11299472805;B
20241015;111644;4165;1;11299476875;B
20241015;111650;4166;2;11299478603;B
20241015;111650;4166;2;11299478604;B
20241015;111650;4166;1;11299478605;B
20241015;111650;4166;1;11299478606;B
20241015;111650;4166;2;11299478607;B
20241015;111651;4165;1;11299478903;S
20241015;111654;4165;2;11299479525;S
20241015;111654;4165;1;11299479526;S
20241015;111654;4164;5;11299479527;S
20241015;111654;4163;2;11299479528;S
20241015;111655;4163;2;11299479801;B
20241015;111700;4163;95;11299481218;B
20241015;111704;4163;3;11299482050;S
20241015;111720;4165;1;11299485622;B
20241015;111722;4167;1;11299486227;B
20241015;111729;4167;1;11299487576;B
20241015;111729;4167;2;11299487580;B
20241015;111729;4167;1;11299487581;B
20241015;111729;4167;6;11299487582;B
20241015;111730;4167;4;11299487704;B
20241015;111730;4167;2;11299487705;B
20241015;111737;4165;1;11299489306;S
20241015;111738;4168;2;11299489478;B
20241015;111738;4168;2;11299489479;B
20241015;111738;4168;2;11299489480;B
20241015;111738;4168;13;11299489481;B
20241015;111738;4169;5;11299489482;B
20241015;111738;4169;5;11299489483;B
20241015;111738;4169;7;11299489484;B
20241015;111738;4169;8;11299489485;B
20241015;111738;4169;5;11299489486;B
20241015;111738;4169;10;11299489487;B
20241015;111738;4169;21;11299489488;B
20241015;111744;4166;1;11299490651;S
20241015;111744;4165;1;11299490652;S
20241015;111744;4165;2;11299490653;S
20241015;111744;4165;6;11299490654;S
20241015;111744;4165;5;11299490655;S
20241015;111744;4164;1;11299490656;S
20241015;111744;4164;4;11299490657;S
20241015;111744;4164;2;11299490658;S
20241015;111744;4164;1;11299490659;S
20241015;111744;4164;1;11299490660;S
20241015;111746;4163;2;11299490950;S
20241015;111747;4168;2;11299491334;B
20241015;111750;4168;1;11299491770;B
20241015;111750;4168;1;11299491771;B
20241015;111750;4168;1;11299491772;B
20241015;111750;4168;1;11299491773;B
20241015;111750;4168;2;11299491774;B
20241015;111750;4168;10;11299491775;B
20241015;111750;4168;2;11299491776;B
20241015;111752;4168;1;11299492145;S
20241015;111754;4167;1;11299492656;S
20241015;111800;4168;9;11299493781;B
20241015;111800;4168;50;11299493782;B
20241015;111800;4168;11;11299493783;B
20241015;111801;4169;19;11299493983;B
20241015;111801;4169;2;11299493984;B
20241015;111801;4169;28;11299493985;B
20241015;111804;4166;1;11299494487;S
20241015;111804;4166;5;11299494488;S
20241015;111804;4165;1;11299494489;S
20241015;111804;4164;1;11299494490;S
20241015;111804;4164;1;11299494491;S
20241015;111804;4164;2;11299494492;S
20241015;111804;4164;13;11299494493;S
20241015;111804;4163;1;11299494494;S
20241015;111804;4163;1;11299494495;S
20241015;111804;4163;10;11299494496;S
20241015;111806;4168;2;11299495089;B
20241015;111806;4169;1;11299495090;B
20241015;111820;4167;1;11299497875;B
20241015;111820;4167;1;11299497876;B
20241015;111820;4167;2;11299497877;B
20241015;111820;4167;10;11299497878;B
20241015;111820;4168;1;11299497879;B
20241015;111820;4168;1;11299497880;B
20241015;111820;4168;1;11299497881;B
20241015;111820;4168;1;11299497882;B
20241015;111820;4168;4;11299497883;B
20241015;111822;4168;1;11299498207;B
20241015;111824;4164;2;11299498633;S
20241015;111824;4164;1;11299498634;S
20241015;111824;4163;1;11299498635;S
20241015;111824;4163;3;11299498636;S
20241015;111824;4163;3;11299498758;S
20241015;111828;4166;1;11299499541;B
20241015;111829;4166;1;11299499708;B
20241015;111829;4166;4;11299499709;B
20241015;111830;4166;6;11299499874;B
20241015;111836;4167;6;11299500811;B
20241015;111839;4167;4;11299501277;B
20241015;111839;4167;6;11299501278;B
20241015;111844;4166;3;11299502300;S
20241015;111844;4165;4;11299502301;S
20241015;111850;4166;2;11299503181;B
20241015;111850;4167;1;11299503182;B
20241015;111850;4167;1;11299503183;B
20241015;111850;4167;1;11299503184;B
20241015;111850;4167;1;11299503185;B
20241015;111850;4167;50;11299503186;B
20241015;111850;4167;6;11299503187;B
20241015;111850;4167;10;11299503188;B
20241015;111850;4167;14;11299503189;B
20241015;111855;4167;5;11299504354;B
20241015;111900;4167;45;11299505005;B
20241015;111904;4168;1;11299505580;B
20241015;111904;4166;1;11299505648;S
20241015;111904;4165;1;11299505649;S
20241015;111904;4165;5;11299505650;S
20241015;111904;4164;1;11299505651;S
20241015;111904;4164;2;11299505652;S
20241015;111904;4164;1;11299505653;S
20241015;111904;4164;4;11299505654;S
20241015;111904;4163;1;11299505655;S
20241015;111904;4163;2;11299505656;S
20241015;111904;4163;2;11299505657;S
20241015;111904;4163;1;11299505658;S
20241015;111904;4163;13;11299505659;S
20241015;111904;4163;1;11299505660;S
20241015;111904;4167;1;11299505663;B
20241015;111920;4166;2;11299508874;B
20241015;111926;4164;2;11299510143;S
20241015;111926;4164;2;11299510144;S
20241015;111926;4163;1;11299510145;S
20241015;111926;4163;25;11299510146;S
20241015;111926;4163;2;11299510147;S
20241015;111926;4163;5;11299510148;S
20241015;111926;4162;1;11299510149;S
20241015;111926;4162;200;11299510150;S
20241015;111926;4162;15;11299510151;S
20241015;111926;4162;10;11299510152;S
20241015;111926;4162;28;11299510153;S
20241015;111926;4161;2;11299510154;S
20241015;111926;4161;2;11299510155;S
20241015;111926;4161;8;11299510156;S
20241015;111926;4161;2;11299510157;S
20241015;111926;4160;1;11299510158;S
20241015;111926;4160;1;11299510159;S
20241015;111926;4160;4;11299510160;S
20241015;111926;4160;4;11299510161;S
20241015;111926;4160;3;11299510162;S
20241015;111926;4160;2;11299510163;S
20241015;111926;4160;5;11299510164;S
20241015;111926;4160;2;11299510165;S
20241015;111926;4160;2;11299510166;S
20241015;111926;4160;5;11299510167;S
20241015;111926;4160;15;11299510168;S
20241015;111926;4160;5;11299510169;S
20241015;111926;4160;2;11299510170;S
20241015;111926;4160;5;11299510171;S
20241015;111926;4160;7;11299510172;S
20241015;111926;4160;1;11299510173;S
20241015;111926;4159;2282;11299510174;S
20241015;111926;4159;1;11299510175;S
20241015;111926;4159;1;11299510176;S
20241015;111929;4158;5;11299510751;S
20241015;111930;4158;5;11299510947;B
20241015;111930;4158;5;11299510948;B
20241015;111930;4158;1;11299510949;B
20241015;111930;4159;1735;11299510950;B
20241015;111930;4156;1;11299511004;S
20241015;111930;4156;1;11299511005;S
20241015;111935;4156;2;11299511810;B
20241015;111935;4157;2;11299511811;B
20241015;111935;4157;8;11299511812;B
20241015;111935;4158;5;11299511813;B
20241015;111935;4158;25;11299511814;B
20241015;111935;4158;5;11299511815;B
20241015;111935;4158;7;11299511816;B
20241015;111943;4156;2;11299513964;B
20241015;111943;4156;2;11299513965;B
20241015;111943;4157;2;11299513966;B
20241015;111943;4157;1;11299513967;B
20241015;111943;4157;1;11299513968;B
20241015;111944;4155;4;11299514159;S
20241015;111944;4155;20;11299514160;S
20241015;111944;4155;1;11299514161;S
20241015;111944;4155;106;11299514162;S
20241015;111944;4155;12;11299514163;S
20241015;111945;4154;2;11299514409;B
20241015;111945;4155;41;11299514410;B
20241015;111945;4155;12;11299514411;B
20241015;111945;4156;25;11299514412;B
20241015;111945;4156;2;11299514439;S
20241015;111950;4157;66;11299515387;B
20241015;111950;4158;2;11299515388;B
20241015;111950;4158;2;11299515389;B
20241015;111950;4158;2;11299515390;B
20241015;111950;4158;3;11299515391;B
20241015;111950;4158;13;11299515392;B
20241015;111950;4159;501;11299515393;B
20241015;111950;4159;6;11299515397;B
20241015;111954;4157;2;11299516357;S
20241015;111958;4157;58;11299517267;B
20241015;112004;4157;17;11299518703;S
20241015;112005;4157;5;11299518866;B
20241015;112006;4157;12;11299519226;B
20241015;112011;4157;1;11299520158;B
20241015;112016;4159;86;11299521381;B
20241015;112020;4159;19;11299522401;B
20241015;112020;4160;15;11299522402;B
20241015;112020;4161;2;11299522403;B
20241015;112020;4162;1;11299522404;B
20241015;112020;4162;4;11299522412;B
20241015;112020;4162;2;11299522413;B
20241015;112020;4162;2;11299522414;B
20241015;112020;4163;5;11299522415;B
20241015;112020;4163;1;11299522416;B
20241015;112024;4159;1;11299523427;S
20241015;112031;4159;5;11299524587;B
20241015;112034;4158;2;11299525119;S
20241015;112034;4158;1;11299525120;S
20241015;112034;4158;2;11299525121;S
20241015;112034;4158;25;11299525122;S
20241015;112040;4158;1;11299526057;B
20241015;112040;4158;18;11299526183;B
20241015;112040;4160;2;11299526184;B
20241015;112040;4162;1;11299526185;B
20241015;112040;4162;2;11299526186;B
20241015;112040;4163;7;11299526187;B
20241015;112040;4163;2;11299526188;B
20241015;112040;4163;10;11299526189;B
20241015;112040;4163;8;11299526190;B
20241015;112044;4158;2;11299526960;S
20241015;112044;4158;1;11299526961;S
20241015;112044;4158;1;11299526962;S
20241015;112044;4158;2;11299526963;S
20241015;112050;4158;1;11299528600;B
20241015;112050;4161;1;11299528601;B
20241015;112050;4161;1;11299528602;B
20241015;112050;4161;2;11299528603;B
20241015;112050;4161;2;11299528604;B
20241015;112050;4162;10;11299528605;B
20241015;112054;4159;1;11299529329;S
20241015;112100;4158;1;11299530265;S
20241015;112100;4158;3;11299530266;S
20241015;112100;4157;1;11299530267;S
20241015;112100;4157;13;11299530268;S
20241015;112100;4157;1;11299530269;S
20241015;112102;4162;1;11299530647;B
20241015;112102;4162;8;11299530648;B
20241015;112103;4162;2;11299530799;B
20241015;112103;4162;1;11299530800;B
20241015;112103;4163;7;11299530801;B
20241015;112104;4161;1;11299530937;S
20241015;112107;4160;1;11299531449;B
20241015;112107;4161;16;11299531450;B
20241015;112107;4161;2;11299531451;B
20241015;112107;4162;10;11299531452;B
20241015;112107;4162;1;11299531453;B
20241015;112118;4162;10;11299533432;B
20241015;112118;4162;1;11299533433;B
20241015;112120;4162;10;11299533713;B
20241015;112124;4159;1;11299534374;S
20241015;112125;4161;1;11299534531;B
20241015;112125;4162;2;11299534532;B
20241015;112127;4162;4;11299534964;B
20241015;112134;4162;4;11299536292;B
20241015;112135;4163;10;11299536400;B
20241015;112135;4163;10;11299536401;B
20241015;112135;4163;1;11299536402;B
20241015;112135;4163;13;11299536403;B
20241015;112135;4163;1;11299536404;B
20241015;112135;4164;2;11299536405;B
20241015;112135;4164;4;11299536406;B
20241015;112135;4164;7;11299536407;B
20241015;112150;4163;10;11299539501;B
20241015;112150;4163;4;11299539502;B
20241015;112150;4164;3;11299539517;B
20241015;112153;4164;1;11299540597;B
20241015;112156;4164;39;11299540949;B
20241015;112156;4164;4;11299540950;B
20241015;112156;4164;3;11299540951;B
20241015;112156;4164;24;11299540952;B
20241015;112156;4165;2;11299540953;B
20241015;112156;4165;100;11299540954;B
20241015;112156;4165;1;11299540955;B
20241015;112156;4165;1;11299540956;B
20241015;112156;4165;1;11299540957;B
20241015;112156;4165;1;11299540958;B
20241015;112156;4165;1;11299540959;B
20241015;112156;4165;1;11299540960;B
20241015;112203;4165;1;11299542218;S
20241015;112204;4166;1;11299542273;B
20241015;112204;4165;71;11299542349;S
20241015;112204;4164;25;11299542350;S
20241015;112204;4164;300;11299542351;S
20241015;112206;4162;1;11299542917;B
20241015;112214;4160;1;11299546799;S
20241015;112220;4160;121;11299548587;B
20241015;112224;4159;1;11299549937;S
20241015;112227;4159;1;11299550947;B
20241015;112227;4159;1;11299551023;B
20241015;112228;4159;1;11299551118;B
20241015;112231;4159;24;11299551781;B
20241015;112241;4159;1;11299554301;S
20241015;112244;4159;2;11299555073;S
20241015;112247;4159;6;11299555658;B
20241015;112250;4159;7;11299556391;B
20241015;112254;4158;1;11299557237;S
20241015;112254;4158;1;11299557238;S
20241015;112254;4158;2;11299557239;S
20241015;112254;4158;1;11299557240;S
20241015;112254;4158;13;11299557241;S
20241015;112257;4158;1;11299557853;B
20241015;112258;4158;50;11299558071;B
20241015;112304;4159;7;11299559676;S
20241015;112312;4159;1;11299561070;B
20241015;112314;4158;1;11299561532;S
20241015;112314;4158;22;11299561533;S
20241015;112315;4160;1;11299561719;B
20241015;112315;4160;1;11299561720;B
20241015;112315;4161;1;11299561721;B
20241015;112315;4162;1;11299561722;B
20241015;112315;4162;1;11299561723;B
20241015;112315;4162;1;11299561724;B
20241015;112315;4162;7;11299561725;B
20241015;112315;4163;2;11299561726;B
20241015;112315;4163;1;11299561727;B
20241015;112315;4164;2;11299561728;B
20241015;112315;4164;1;11299561729;B
20241015;112315;4164;13;11299561730;B
20241015;112315;4165;1;11299561731;B
20241015;112315;4165;17;11299561732;B
20241015;112318;4159;1;11299562200;S
20241015;112318;4159;2;11299562256;S
20241015;112319;4165;1;11299562417;B
20241015;112320;4164;2;11299562763;B
20241015;112320;4165;7;11299562764;B
20241015;112320;4165;5;11299562765;B
20241015;112320;4165;17;11299562766;B
20241015;112324;4162;5;11299563474;S
20241015;112324;4162;1;11299563475;S
20241015;112328;4162;50;11299564001;B
20241015;112328;4161;1;11299564060;S
20241015;112328;4161;1;11299564061;S
20241015;112330;4161;11;11299564494;B
20241015;112330;4162;86;11299564495;B
20241015;112331;4161;1;11299564532;B
20241015;112334;4164;1;11299564984;B
20241015;112334;4164;1;11299564985;B
20241015;112334;4165;1;11299564986;B
20241015;112341;4164;1;11299566396;B
20241015;112341;4164;1;11299566475;B
20241015;112343;4163;5;11299566739;B
20241015;112343;4164;6;11299566740;B
20241015;112350;4164;32;11299568299;B
20241015;112350;4164;2;11299568300;B
20241015;112353;4163;1;11299569012;B
20241015;112353;4163;48;11299569051;B
20241015;112353;4164;28;11299569052;B
20241015;112353;4165;32;11299569083;B
20241015;112353;4166;1;11299569084;B
20241015;112353;4167;25;11299569085;B
20241015;112353;4167;1;11299569086;B
20241015;112353;4167;1;11299569087;B
20241015;112353;4167;1;11299569088;B
20241015;112353;4168;339;11299569089;B
20241015;112354;4164;24;11299569396;S
20241015;112354;4164;24;11299569397;S
20241015;112354;4163;20;11299569398;S
20241015;112354;4163;24;11299569399;S
20241015;112401;4161;1;11299570782;S
20241015;112409;4166;1;11299572051;B
20241015;112410;4166;1;11299572123;B
20241015;112410;4166;1;11299572147;B
20241015;112415;4167;1;11299573374;B
20241015;112418;4166;1;11299573930;S
20241015;112418;4165;5;11299573931;S
20241015;112420;4165;116;11299574284;B
20241015;112422;4165;1;11299574647;B
20241015;112426;4164;25;11299575644;B
20241015;112426;4164;11;11299575645;B
20241015;112429;4164;2;11299576316;B
20241015;112435;4164;37;11299577314;B
20241015;112435;4164;5;11299577315;B
20241015;112435;4164;50;11299577316;B
20241015;112439;4164;8;11299577944;S
20241015;112444;4163;1;11299578891;S
20241015;112444;4162;5;11299578892;S
20241015;112444;4162;5;11299578893;B
20241015;112450;4162;30;11299580033;B
20241015;112452;4162;2;11299580416;B
20241015;112456;4161;1;11299581094;S
20241015;112507;4164;2;11299583021;B
20241015;112512;4162;2;11299583818;S
20241015;112512;4161;1;11299583819;S
20241015;112512;4161;1;11299583820;S
20241015;112512;4161;5;11299583821;S
20241015;112518;4161;1;11299584879;B
20241015;112518;4163;28;11299584880;B
20241015;112518;4163;1;11299584881;B
20241015;112518;4164;20;11299584882;B
20241015;112520;4161;1;11299585152;S
20241015;112520;4164;13;11299585196;B
20241015;112522;4164;2;11299585655;B
20241015;112531;4164;1;11299587115;B
20241015;112532;4161;1;11299587285;S
20241015;112540;4161;25;11299588672;S
20241015;112540;4161;8;11299588673;S
20241015;112549;4163;1;11299591013;B
20241015;112549;4163;25;11299591014;B
20241015;112549;4164;12;11299591015;B
20241015;112549;4164;15;11299591016;B
20241015;112549;4164;10;11299591017;B
20241015;112549;4164;47;11299591018;B
20241015;112550;4164;26;11299591173;B
20241015;112558;4162;4;11299592874;S
20241015;112619;4165;1;11299596063;B
20241015;112620;4165;5;11299596204;B
