<DATE>;<TIME>;<LAST>;<VOL>;<ID>;<OPER>
20241224;095945;3540;2;11802910950;B
20241224;095945;3540;1;11802910951;B
20241224;095945;3540;1;11802910952;B
20241224;095945;3540;3;11802910953;B
20241224;095945;3540;2;11802910954;B
20241224;095945;3540;8;11802910955;B
20241224;095945;3540;1;11802910956;B
20241224;095945;3540;1;11802910957;B
20241224;095945;3540;9;11802910958;B
20241224;095945;3540;5;11802910959;B
20241224;095945;3540;14;11802910960;S
20241224;095945;3540;1;11802910961;S
20241224;095945;3540;1;11802910962;S
20241224;095945;3540;1;11802910963;S
20241224;095945;3540;1;11802910964;S
20241224;095945;3540;1;11802910965;B
20241224;095945;3540;2;11802910966;B
20241224;095945;3540;20;11802910967;B
20241224;095945;3540;26;11802910968;B
20241224;095945;3540;73;11802910969;S
20241224;095945;3540;1;11802910970;S
20241224;095945;3540;29;11802910971;S
20241224;095945;3540;3;11802910972;S
20241224;095945;3540;2;11802910973;S
20241224;095945;3540;10;11802910974;S
20241224;095945;3540;1;11802910975;S
20241224;095945;3540;4;11802910976;S
20241224;095945;3540;4;11802910977;S
20241224;095945;3540;6;11802910978;B
20241224;095945;3540;2;11802910979;B
20241224;095945;3540;1;11802910980;B
20241224;095945;3540;25;11802910981;B
20241224;095945;3540;1;11802910982;B
20241224;100001;3540;17;11802914238;B
20241224;100002;3540;25;11802914737;B
20241224;100002;3540;43;11802915075;B
20241224;100002;3540;3;11802915076;B
20241224;100002;3540;10;11802915077;B
20241224;100002;3540;25;11802915078;B
20241224;100002;3540;12;11802915079;B
20241224;100003;3541;6;11802915279;B
20241224;100004;3541;2;11802915782;B
20241224;100004;3541;1;11802916126;B
20241224;100004;3541;1;11802916368;B
20241224;100005;3541;1;11802916893;B
20241224;100005;3541;3;11802917160;B
20241224;100006;3539;2;11802918264;S
20241224;100007;3539;4;11802919882;S
20241224;100007;3539;1;11802920044;B
20241224;100008;3539;1;11802920603;B
20241224;100008;3539;6;11802920922;S
20241224;100008;3538;2;11802920923;S
20241224;100008;3538;7;11802920924;S
20241224;100009;3541;1;11802921377;B
20241224;100009;3541;4;11802921380;B
20241224;100010;3541;1;11802921936;B
20241224;100011;3539;1;11802922291;S
20241224;100011;3539;4;11802922317;S
20241224;100012;3539;1;11802922582;S
20241224;100013;3539;2;11802922795;S
20241224;100014;3539;1;11802922919;S
20241224;100015;3539;3;11802923215;S
20241224;100015;3539;6;11802923273;S
20241224;100015;3538;1;11802923274;S
20241224;100017;3540;1;11802924149;B
20241224;100017;3540;1;11802924150;B
20241224;100017;3541;3;11802924151;B
20241224;100018;3541;2;11802924221;B
20241224;100018;3541;2;11802924241;B
20241224;100018;3541;2;11802924244;B
20241224;100021;3541;4;11802925483;B
20241224;100025;3539;6;11802926806;S
20241224;100025;3538;8;11802926807;S
20241224;100025;3538;6;11802926808;S
20241224;100025;3538;1;11802926809;S
20241224;100025;3537;1;11802926810;S
20241224;100025;3540;1;11802926909;B
20241224;100039;3540;1;11802930577;S
20241224;100046;3538;2;11802932884;B
20241224;100046;3539;28;11802932885;B
20241224;100047;3539;1;11802933025;B
20241224;100049;3537;1;11802933626;S
20241224;100050;3539;1;11802933862;B
20241224;100054;3539;18;11802935238;B
20241224;100054;3539;2;11802935239;B
20241224;100106;3539;2;11802938194;B
20241224;100106;3540;30;11802938195;B
20241224;100106;3540;2;11802938196;B
20241224;100106;3540;70;11802938197;B
20241224;100106;3541;2;11802938198;B
20241224;100106;3541;2;11802938199;B
20241224;100106;3541;6;11802938200;B
20241224;100106;3542;2;11802938201;B
20241224;100106;3542;6;11802938202;B
20241224;100106;3543;2;11802938203;B
20241224;100106;3543;6;11802938204;B
20241224;100106;3543;4;11802938205;B
20241224;100107;3540;72;11802938596;S
20241224;100108;3539;10;11802938776;S
20241224;100111;3538;1;11802939621;S
20241224;100112;3538;1;11802940114;S
20241224;100117;3537;5;11802942835;S
20241224;100117;3537;5;11802942836;S
20241224;100119;3536;1;11802943464;S
20241224;100120;3536;1;11802943757;S
20241224;100120;3536;24;11802943758;S
20241224;100120;3537;6;11802943763;S
20241224;100120;3538;3;11802943888;B
20241224;100120;3538;4;11802943889;B
20241224;100120;3539;3;11802943890;B
20241224;100121;3538;15;11802944485;B
20241224;100121;3538;5;11802944486;B
20241224;100122;3539;1;11802944656;B
20241224;100126;3536;22;11802946476;S
20241224;100128;3538;2;11802947545;B
20241224;100128;3536;1;11802947644;S
20241224;100130;3538;6;11802948219;B
20241224;100130;3539;22;11802948220;B
20241224;100133;3538;12;11802949158;B
20241224;100133;3539;31;11802949159;B
20241224;100133;3539;6;11802949160;B
20241224;100133;3540;1;11802949161;B
20241224;100138;3536;1;11802951028;S
20241224;100139;3537;1;11802951298;B
20241224;100145;3535;1;11802953689;S
20241224;100145;3535;2;11802953690;S
20241224;100145;3535;1;11802953691;S
20241224;100145;3535;1;11802953692;S
20241224;100145;3535;5;11802953693;S
20241224;100145;3535;1;11802953694;S
20241224;100145;3535;2;11802953695;S
20241224;100145;3534;2;11802953696;S
20241224;100146;3533;6;11802954285;S
20241224;100146;3533;32;11802954286;S
20241224;100146;3532;2;11802954287;S
20241224;100150;3535;2;11802955768;B
20241224;100151;3535;1;11802955920;B
20241224;100151;3535;1;11802955986;B
20241224;100151;3532;28;11802956167;S
20241224;100151;3532;2;11802956168;S
20241224;100152;3536;1;11802956454;B
20241224;100152;3533;13;11802956554;S
20241224;100152;3533;1;11802956555;S
20241224;100152;3532;36;11802956556;S
20241224;100153;3532;40;11802956901;S
20241224;100156;3532;3;11802958049;S
20241224;100156;3532;19;11802958050;S
20241224;100156;3531;3;11802958051;S
20241224;100156;3531;1;11802958115;S
20241224;100156;3530;3;11802958116;S
20241224;100156;3530;1;11802958117;S
20241224;100156;3530;5;11802958118;S
20241224;100156;3530;5;11802958119;S
20241224;100156;3530;5;11802958120;S
20241224;100156;3529;37;11802958121;S
20241224;100156;3530;5;11802958297;S
20241224;100157;3530;1;11802958347;S
20241224;100158;3529;1;11802958884;S
20241224;100158;3529;15;11802959012;S
20241224;100158;3533;1;11802959067;B
20241224;100159;3529;2;11802959427;S
20241224;100159;3528;2;11802959428;S
20241224;100159;3528;1;11802959429;S
20241224;100159;3528;5;11802959430;S
20241224;100159;3533;1;11802959461;B
20241224;100159;3528;5;11802959518;S
20241224;100159;3528;1;11802959519;S
20241224;100159;3528;6;11802959520;S
20241224;100159;3533;1;11802959566;B
20241224;100159;3533;1;11802959718;B
20241224;100200;3528;1;11802959830;S
20241224;100203;3529;5;11802961061;S
20241224;100203;3528;58;11802961062;S
20241224;100203;3528;2;11802961063;S
20241224;100203;3528;7;11802961064;S
20241224;100204;3533;2;11802961312;B
20241224;100204;3533;1;11802961313;B
20241224;100204;3534;1;11802961314;B
20241224;100207;3528;4;11802962322;S
20241224;100207;3527;6;11802962323;S
20241224;100207;3527;1;11802962324;S
20241224;100207;3527;1;11802962325;S
20241224;100207;3527;4;11802962326;S
20241224;100207;3526;4;11802962327;S
20241224;100210;3527;4;11802963681;S
20241224;100210;3527;15;11802963818;S
20241224;100211;3530;1;11802963920;B
20241224;100211;3531;2;11802963921;B
20241224;100212;3531;1;11802964485;B
20241224;100215;3527;1;11802965259;S
20241224;100216;3531;3;11802965629;B
20241224;100216;3531;5;11802965630;B
20241224;100219;3528;1;11802966528;S
20241224;100223;3528;1;11802967666;S
20241224;100223;3527;19;11802967667;S
20241224;100223;3531;1;11802967825;B
20241224;100223;3532;1;11802967852;B
20241224;100225;3527;2;11802968323;S
20241224;100225;3527;6;11802968324;S
20241224;100225;3526;6;11802968325;S
20241224;100225;3526;1;11802968326;S
20241224;100225;3531;1;11802968425;B
20241224;100225;3531;5;11802968426;B
20241224;100231;3531;1;11802971504;B
20241224;100231;3532;6;11802971505;B
20241224;100231;3533;3;11802971506;B
20241224;100237;3528;1;11802974251;S
20241224;100237;3528;5;11802974252;S
20241224;100237;3528;6;11802974253;S
20241224;100237;3528;3;11802974254;S
20241224;100241;3531;1;11802975054;B
20241224;100246;3530;20;11802976466;S
20241224;100246;3528;2;11802976467;S
20241224;100246;3527;6;11802976468;S
20241224;100246;3527;13;11802976469;S
20241224;100246;3526;5;11802976470;S
20241224;100246;3526;80;11802976471;S
20241224;100246;3526;3;11802976472;S
20241224;100249;3525;1;11802976934;S
20241224;100249;3525;1;11802976935;S
20241224;100249;3525;5;11802976936;S
20241224;100249;3525;1;11802976937;S
20241224;100249;3525;6;11802976938;S
20241224;100249;3525;1;11802976939;S
20241224;100249;3525;9;11802977005;S
20241224;100249;3525;6;11802977006;S
20241224;100249;3524;10;11802977014;S
20241224;100249;3525;50;11802977015;B
20241224;100249;3524;3;11802977020;S
20241224;100252;3524;12;11802977883;S
20241224;100252;3524;6;11802977884;S
20241224;100252;3524;3;11802977885;S
20241224;100252;3523;1;11802977886;S
20241224;100252;3523;1;11802977887;S
20241224;100252;3523;1;11802977888;S
20241224;100252;3523;1;11802977889;S
20241224;100252;3523;6;11802977890;S
20241224;100252;3523;7;11802977891;S
20241224;100252;3524;5;11802978101;S
20241224;100256;3523;3;11802979531;S
20241224;100256;3523;16;11802979532;S
20241224;100256;3523;1;11802979793;S
20241224;100300;3524;3;11802980785;B
20241224;100300;3525;25;11802980786;B
20241224;100300;3523;2;11802980852;S
20241224;100300;3525;5;11802980853;B
20241224;100304;3523;3;11802981779;S
20241224;100305;3523;1;11802981975;S
20241224;100307;3523;17;11802982630;S
20241224;100307;3523;8;11802982631;S
20241224;100308;3524;14;11802982842;B
20241224;100311;3523;100;11802983664;S
20241224;100314;3524;2;11802984504;B
20241224;100316;3523;3;11802985444;S
20241224;100318;3523;1;11802985798;S
20241224;100318;3523;15;11802985840;S
20241224;100320;3524;20;11802986373;B
20241224;100320;3523;6;11802986381;S
20241224;100327;3524;4;11802988508;B
20241224;100330;3525;1;11802989293;B
20241224;100332;3524;11;11802989750;S
20241224;100332;3523;4;11802989751;S
20241224;100333;3525;3;11802990066;B
20241224;100333;3525;2;11802990067;B
20241224;100337;3525;2;11802991780;B
20241224;100337;3525;1;11802991781;B
20241224;100338;3525;9;11802992031;B
20241224;100338;3526;3;11802992032;B
20241224;100338;3526;2;11802992033;B
20241224;100339;3526;6;11802992567;B
20241224;100339;3527;5;11802992568;B
20241224;100339;3527;6;11802992569;B
20241224;100340;3527;6;11802992807;B
20241224;100342;3524;100;11802993386;S
20241224;100342;3523;1;11802993387;S
20241224;100342;3523;5;11802993388;S
20241224;100342;3523;4;11802993389;S
20241224;100344;3523;1;11802993911;S
20241224;100344;3523;4;11802993912;S
20241224;100344;3523;1;11802993913;S
20241224;100344;3523;2;11802993914;S
20241224;100344;3523;5;11802993915;S
20241224;100344;3523;1;11802993916;S
20241224;100344;3523;50;11802993917;S
20241224;100344;3523;4;11802993918;S
20241224;100344;3523;50;11802993919;S
20241224;100344;3523;50;11802993920;S
20241224;100344;3522;10;11802993921;S
20241224;100344;3522;1;11802993922;S
20241224;100344;3522;21;11802993923;S
20241224;100344;3522;2;11802993924;S
20241224;100344;3522;148;11802993925;S
20241224;100344;3525;1;11802994072;B
20241224;100344;3525;5;11802994238;B
20241224;100344;3525;7;11802994239;B
20241224;100345;3523;1;11802994401;S
20241224;100345;3525;1;11802994460;B
20241224;100345;3525;4;11802994500;B
20241224;100346;3525;3;11802994825;B
20241224;100346;3525;1;11802994872;B
20241224;100346;3525;5;11802994988;B
20241224;100346;3523;1;11802995058;S
20241224;100347;3525;2;11802995335;B
20241224;100347;3523;10;11802995403;S
20241224;100347;3525;1;11802995431;B
20241224;100347;3525;1;11802995487;B
20241224;100351;3523;13;11802996464;S
20241224;100351;3523;25;11802996465;S
20241224;100351;3522;9;11802996466;S
20241224;100351;3522;100;11802996467;S
20241224;100351;3522;1;11802996468;S
20241224;100351;3522;5;11802996469;S
20241224;100351;3522;5;11802996470;S
20241224;100351;3522;1;11802996471;S
20241224;100351;3522;1;11802996472;S
20241224;100351;3522;1;11802996473;S
20241224;100351;3521;1000;11802996474;S
20241224;100351;3521;6;11802996475;S
20241224;100351;3521;2;11802996476;S
20241224;100351;3521;5;11802996477;S
20241224;100351;3521;326;11802996478;S
20241224;100351;3523;13;11802996547;S
20241224;100351;3521;2;11802996548;S
20241224;100352;3521;20;11802996703;S
20241224;100354;3524;2;11802997183;B
20241224;100355;3523;1;11802997811;B
20241224;100356;3523;1;11802998047;B
20241224;100356;3523;1;11802998163;B
20241224;100358;3523;1;11802998952;B
20241224;100358;3523;2;11802998953;B
20241224;100359;3522;11;11802998984;S
20241224;100359;3521;4;11802998985;S
20241224;100359;3523;2;11802999078;B
20241224;100359;3523;1;11802999291;B
20241224;100400;3521;3;11802999466;S
20241224;100400;3523;1;11802999612;B
20241224;100401;3523;1;11802999932;B
20241224;100401;3521;3;11803000076;S
20241224;100401;3521;10;11803000077;S
20241224;100401;3521;19;11803000078;S
20241224;100402;3520;1;11803000137;S
20241224;100402;3520;4;11803000138;S
20241224;100402;3520;10;11803000150;S
20241224;100402;3521;1;11803000235;B
20241224;100402;3520;10;11803000375;S
20241224;100403;3521;1;11803000535;B
20241224;100403;3520;1;11803000654;S
20241224;100403;3520;4;11803000655;S
20241224;100403;3520;8;11803000656;S
20241224;100404;3521;1;11803000836;B
20241224;100406;3521;1;11803001383;B
20241224;100407;3521;1;11803001800;B
20241224;100408;3521;1;11803002181;B
20241224;100409;3521;1;11803002586;B
20241224;100409;3522;1;11803002600;B
20241224;100410;3522;1;11803002955;B
20241224;100410;3520;2;11803003031;S
20241224;100410;3520;1;11803003032;S
20241224;100410;3520;5;11803003033;S
20241224;100411;3522;1;11803003250;B
20241224;100414;3521;1;11803004037;B
20241224;100414;3522;15;11803004038;B
20241224;100415;3522;1;11803004502;B
20241224;100417;3522;1;11803004901;B
20241224;100422;3520;5;11803006191;S
20241224;100422;3520;10;11803006192;S
20241224;100422;3520;40;11803006193;S
20241224;100422;3520;10;11803006194;S
20241224;100422;3519;1;11803006195;S
20241224;100422;3518;2;11803006274;S
20241224;100423;3519;1;11803006305;B
20241224;100423;3518;1;11803006419;S
20241224;100423;3518;30;11803006420;S
20241224;100423;3517;1;11803006421;S
20241224;100423;3516;3;11803006422;S
20241224;100423;3516;1;11803006436;S
20241224;100423;3516;4;11803006437;S
20241224;100423;3516;6;11803006468;S
20241224;100425;3516;2;11803006791;S
20241224;100426;3519;1;11803007025;B
20241224;100427;3518;5;11803007403;B
20241224;100427;3518;5;11803007404;B
20241224;100430;3519;1;11803008110;B
20241224;100432;3519;1;11803008743;B
20241224;100433;3518;1;11803009139;B
20241224;100433;3516;28;11803009248;S
20241224;100433;3516;41;11803009249;S
20241224;100433;3515;1;11803009250;S
20241224;100433;3515;31;11803009251;S
20241224;100433;3515;5;11803009252;S
20241224;100433;3514;1;11803009253;S
20241224;100433;3514;12;11803009254;S
20241224;100433;3513;6;11803009255;S
20241224;100433;3513;5;11803009256;S
20241224;100433;3512;3;11803009257;S
20241224;100433;3512;6;11803009280;S
20241224;100433;3512;2;11803009352;S
20241224;100433;3512;7;11803009410;S
20241224;100433;3511;2;11803009411;S
20241224;100433;3511;6;11803009412;S
20241224;100433;3511;5;11803009413;S
20241224;100433;3511;2;11803009414;S
20241224;100433;3510;1;11803009415;S
20241224;100433;3510;16;11803009416;S
20241224;100433;3512;1;11803009441;B
20241224;100434;3510;1;11803009618;S
20241224;100434;3510;4;11803009620;S
20241224;100434;3510;8;11803009621;S
20241224;100434;3510;1;11803009622;S
20241224;100434;3510;1;11803009623;S
20241224;100434;3510;1;11803009624;S
20241224;100434;3510;6;11803009625;S
20241224;100434;3510;5;11803009626;S
20241224;100434;3510;30;11803009627;S
20241224;100434;3510;1;11803009628;S
20241224;100434;3510;29;11803009629;S
20241224;100434;3514;6;11803009630;B
20241224;100434;3515;28;11803009631;B
20241224;100434;3510;7;11803009632;S
20241224;100434;3511;3;11803009633;S
20241224;100434;3511;25;11803009657;S
20241224;100434;3510;5;11803009658;S
20241224;100434;3514;1;11803009702;B
20241224;100434;3514;1;11803009769;B
20241224;100435;3513;4;11803010048;S
20241224;100435;3514;1;11803010146;B
20241224;100436;3514;1;11803010399;B
20241224;100438;3514;1;11803011006;B
20241224;100439;3514;3;11803011496;B
20241224;100439;3514;1;11803011504;B
20241224;100440;3514;1;11803011802;B
20241224;100440;3513;15;11803011963;S
20241224;100440;3510;5;11803011964;S
20241224;100440;3514;1;11803012087;B
20241224;100440;3514;2;11803012090;B
20241224;100441;3514;3;11803012448;B
20241224;100441;3514;1;11803012464;B
20241224;100441;3514;1;11803012488;B
20241224;100442;3516;1;11803012870;B
20241224;100442;3515;2;11803012940;S
20241224;100442;3511;4;11803012941;S
20241224;100442;3511;4;11803012942;S
20241224;100443;3513;3;11803013211;B
20241224;100443;3514;5;11803013212;B
20241224;100443;3514;1;11803013403;B
20241224;100444;3516;1;11803013771;B
20241224;100444;3513;1;11803014041;B
20241224;100445;3513;1;11803014547;B
20241224;100446;3513;1;11803014790;B
20241224;100447;3513;1;11803015109;B
20241224;100447;3512;4;11803015119;S
20241224;100447;3513;1;11803015220;B
20241224;100447;3512;2;11803015371;S
20241224;100447;3511;6;11803015372;S
20241224;100447;3511;6;11803015373;S
20241224;100447;3511;3;11803015374;S
20241224;100447;3511;18;11803015375;S
20241224;100447;3510;25;11803015376;S
20241224;100448;3513;2;11803015388;B
20241224;100448;3513;3;11803015389;B
20241224;100450;3513;1;11803016013;B
20241224;100451;3513;1;11803016596;B
20241224;100453;3513;10;11803017219;B
20241224;100454;3513;28;11803017301;B
20241224;100454;3513;1;11803017302;B
20241224;100454;3514;4;11803017303;B
20241224;100454;3515;6;11803017304;B
20241224;100454;3515;1;11803017305;B
20241224;100455;3512;1;11803017692;B
20241224;100456;3512;1;11803018031;B
20241224;100456;3512;2;11803018040;B
20241224;100457;3512;1;11803018462;B
20241224;100457;3512;1;11803018719;B
20241224;100458;3511;2;11803018914;S
20241224;100458;3512;23;11803019000;B
20241224;100458;3512;3;11803019001;B
20241224;100458;3515;29;11803019002;B
20241224;100458;3516;64;11803019003;B
20241224;100458;3516;6;11803019004;B
20241224;100458;3517;6;11803019005;B
20241224;100458;3517;5;11803019006;B
20241224;100458;3518;4;11803019007;B
20241224;100458;3518;5;11803019008;B
20241224;100458;3518;1;11803019081;B
20241224;100459;3512;5;11803019313;S
20241224;100459;3512;1;11803019327;S
20241224;100459;3517;1;11803019527;B
20241224;100501;3512;2;11803020088;S
20241224;100501;3512;6;11803020089;S
20241224;100501;3512;2;11803020272;B
20241224;100505;3511;1;11803021435;S
20241224;100507;3512;1;11803022052;B
20241224;100508;3511;3;11803022288;S
20241224;100508;3511;5;11803022289;S
20241224;100508;3511;30;11803022290;S
20241224;100508;3511;1;11803022291;S
20241224;100508;3511;5;11803022292;S
20241224;100508;3510;1;11803022293;S
20241224;100508;3510;6;11803022294;S
20241224;100508;3510;92;11803022295;S
20241224;100514;3512;9;11803024083;B
20241224;100514;3512;10;11803024084;B
20241224;100518;3513;5;11803025746;B
20241224;100518;3512;1;11803026016;S
20241224;100520;3512;13;11803026543;B
20241224;100520;3513;12;11803026544;B
20241224;100520;3513;11;11803026754;B
20241224;100520;3513;5;11803026755;B
20241224;100520;3513;29;11803026756;B
20241224;100523;3511;1;11803027559;S
20241224;100523;3511;1;11803027560;S
20241224;100523;3511;18;11803027561;S
20241224;100525;3512;20;11803028066;S
20241224;100527;3512;20;11803028945;S
20241224;100527;3510;40;11803028946;S
20241224;100527;3510;5;11803029130;S
20241224;100527;3513;1;11803029161;B
20241224;100527;3513;3;11803029202;B
20241224;100528;3511;6;11803029469;B
20241224;100528;3511;3;11803029521;B
20241224;100528;3511;5;11803029571;B
20241224;100531;3511;4;11803030458;B
20241224;100531;3511;6;11803030674;B
20241224;100533;3511;2;11803031045;B
20241224;100533;3511;2;11803031231;B
20241224;100533;3511;10;11803031275;B
20241224;100533;3511;4;11803031323;B
20241224;100533;3511;7;11803031374;B
20241224;100533;3513;4;11803031375;B
20241224;100538;3511;11;11803032670;S
20241224;100538;3510;89;11803032671;S
20241224;100540;3513;1;11803033084;B
20241224;100540;3510;20;11803033227;S
20241224;100540;3513;10;11803033269;B
20241224;100540;3513;3;11803033338;B
20241224;100543;3511;13;11803034018;S
20241224;100543;3510;54;11803034019;S
20241224;100543;3510;5;11803034020;S
20241224;100543;3510;2;11803034021;S
20241224;100543;3509;5;11803034022;S
20241224;100543;3509;6;11803034023;S
20241224;100543;3509;9;11803034024;S
20241224;100543;3508;1;11803034025;S
20241224;100543;3508;6;11803034026;S
20241224;100543;3508;3;11803034027;S
20241224;100543;3508;1;11803034028;S
20241224;100543;3508;4;11803034029;S
20241224;100543;3507;5;11803034030;S
20241224;100543;3507;100;11803034031;S
20241224;100543;3507;2;11803034032;S
20241224;100543;3507;1;11803034033;S
20241224;100543;3507;6;11803034034;S
20241224;100543;3506;6;11803034035;S
20241224;100543;3506;1;11803034036;S
20241224;100543;3506;6;11803034037;S
20241224;100543;3506;50;11803034038;S
20241224;100543;3505;1;11803034039;S
20241224;100543;3505;6;11803034040;S
20241224;100543;3505;7;11803034041;S
20241224;100543;3506;1;11803034122;S
20241224;100543;3511;2;11803034185;B
20241224;100543;3506;5;11803034290;S
20241224;100543;3506;5;11803034297;S
20241224;100543;3508;40;11803034300;B
20241224;100543;3508;8;11803034301;B
20241224;100543;3509;2;11803034302;B
20241224;100543;3512;1;11803034340;B
20241224;100543;3512;5;11803034526;B
20241224;100543;3512;1;11803034556;S
20241224;100543;3513;6;11803034630;B
20241224;100543;3513;6;11803034641;B
20241224;100543;3513;16;11803034642;B
20241224;100543;3507;6;11803034685;S
20241224;100543;3506;4;11803034686;S
20241224;100544;3508;15;11803034743;B
20241224;100545;3508;5;11803035331;B
20241224;100545;3512;6;11803035512;B
20241224;100545;3512;6;11803035515;B
20241224;100546;3513;5;11803035740;B
20241224;100550;3509;4;11803037166;S
20241224;100553;3509;1;11803038147;S
20241224;100555;3512;1;11803038763;B
20241224;100556;3509;4;11803038916;S
20241224;100556;3509;6;11803038917;S
20241224;100558;3510;1;11803039753;B
20241224;100558;3510;4;11803039929;B
20241224;100558;3512;4;11803039930;B
20241224;100600;3509;5;11803040790;S
20241224;100600;3509;3;11803040791;S
20241224;100600;3509;2;11803040792;S
20241224;100600;3509;10;11803040793;S
20241224;100601;3512;3;11803041295;B
20241224;100601;3512;6;11803041296;B
20241224;100601;3512;20;11803041589;S
20241224;100602;3513;1;11803041836;B
20241224;100602;3514;4;11803041837;B
20241224;100604;3512;3;11803042691;S
20241224;100606;3513;6;11803043396;B
20241224;100606;3514;14;11803043397;B
20241224;100609;3514;16;11803044093;B
20241224;100609;3514;1;11803044094;B
20241224;100609;3514;1;11803044128;B
20241224;100610;3514;4;11803044426;B
20241224;100610;3515;5;11803044427;B
20241224;100611;3512;1;11803044601;S
20241224;100611;3514;6;11803044629;B
20241224;100612;3512;8;11803044814;S
20241224;100612;3514;6;11803044856;B
20241224;100612;3515;16;11803044857;B
20241224;100612;3515;6;11803044858;B
20241224;100612;3516;6;11803044859;B
20241224;100612;3517;5;11803044860;B
20241224;100612;3517;28;11803044861;B
20241224;100612;3518;6;11803044862;B
20241224;100612;3518;27;11803044863;B
20241224;100614;3517;4;11803045086;B
20241224;100619;3513;2;11803046302;S
20241224;100621;3515;1;11803047207;B
20241224;100621;3516;1;11803047208;B
20241224;100622;3514;1;11803047263;S
20241224;100622;3513;2;11803047264;S
20241224;100622;3512;1;11803047265;S
20241224;100624;3512;8;11803047944;S
20241224;100624;3512;1;11803047945;S
20241224;100624;3512;6;11803047946;S
20241224;100624;3512;1;11803047947;S
20241224;100624;3512;2;11803047948;S
20241224;100624;3511;6;11803047949;S
20241224;100624;3511;1;11803047950;S
20241224;100624;3511;30;11803047951;S
20241224;100624;3510;1;11803047952;S
20241224;100624;3510;6;11803047953;S
20241224;100624;3510;1;11803047954;S
20241224;100624;3510;27;11803047955;S
20241224;100624;3509;6;11803047956;S
20241224;100624;3509;1;11803047957;S
20241224;100624;3509;3;11803047958;S
20241224;100626;3514;1;11803048477;B
20241224;100628;3514;2;11803048957;B
20241224;100630;3513;1;11803049397;B
20241224;100630;3514;4;11803049398;B
20241224;100630;3514;9;11803049399;B
20241224;100631;3510;4;11803049556;S
20241224;100632;3514;21;11803049627;B
20241224;100632;3514;6;11803049628;B
20241224;100632;3515;6;11803049629;B
20241224;100632;3515;23;11803049630;B
20241224;100632;3515;1;11803049631;B
20241224;100632;3516;6;11803049632;B
20241224;100632;3517;6;11803049633;B
20241224;100632;3517;29;11803049634;B
20241224;100632;3518;2;11803049635;B
20241224;100639;3517;1;11803051348;B
20241224;100639;3517;1;11803051361;B
20241224;100640;3516;1;11803051590;B
20241224;100640;3517;10;11803051659;B
20241224;100641;3515;7;11803051789;S
20241224;100641;3516;7;11803051873;B
20241224;100641;3517;27;11803051874;B
20241224;100641;3517;16;11803051875;B
20241224;100643;3517;1;11803052281;B
20241224;100646;3517;4;11803053802;B
20241224;100649;3515;20;11803054490;S
20241224;100649;3515;5;11803054491;S
20241224;100649;3514;5;11803054492;S
20241224;100651;3515;30;11803055089;S
20241224;100651;3514;95;11803055090;S
20241224;100651;3514;6;11803055091;S
20241224;100651;3513;6;11803055092;S
20241224;100652;3512;8;11803055251;B
20241224;100652;3513;63;11803055260;B
20241224;100652;3514;6;11803055261;B
20241224;100652;3515;6;11803055262;B
20241224;100652;3515;35;11803055263;B
20241224;100657;3514;5;11803056428;B
20241224;100657;3515;6;11803056429;B
20241224;100658;3514;5;11803056556;B
20241224;100659;3510;2;11803056798;S
20241224;100659;3510;5;11803056799;S
20241224;100659;3513;30;11803056804;B
20241224;100659;3514;30;11803056805;B
20241224;100659;3515;18;11803056806;B
20241224;100659;3515;80;11803056807;B
20241224;100659;3515;6;11803056808;B
20241224;100659;3515;19;11803056809;B
20241224;100701;3515;1;11803057442;S
20241224;100702;3515;3;11803057665;S
20241224;100703;3515;8;11803057816;S
20241224;100704;3515;12;11803058119;S
20241224;100705;3512;1;11803058366;S
20241224;100706;3512;5;11803058661;S
20241224;100706;3511;6;11803058662;S
20241224;100706;3511;30;11803058663;S
20241224;100706;3510;9;11803058664;S
20241224;100706;3515;4;11803058851;B
20241224;100706;3516;6;11803058852;B
20241224;100706;3516;20;11803058853;B
20241224;100707;3515;1;11803059168;S
20241224;100708;3516;7;11803059519;B
20241224;100708;3517;1;11803059520;B
20241224;100709;3517;9;11803059628;B
20241224;100709;3517;6;11803059629;B
20241224;100709;3518;5;11803059630;B
20241224;100715;3512;1;11803061505;S
20241224;100715;3515;2;11803061530;S
20241224;100722;3515;1;11803063655;S
20241224;100723;3515;1;11803064068;S
20241224;100723;3513;6;11803064300;S
20241224;100723;3512;5;11803064301;S
20241224;100723;3512;9;11803064302;S
20241224;100732;3512;1;11803067046;S
20241224;100734;3514;1;11803067522;B
20241224;100735;3512;2;11803068009;S
20241224;100736;3512;1;11803068456;S
20241224;100736;3514;1;11803068506;B
20241224;100737;3516;1;11803068978;B
20241224;100738;3515;1;11803069508;B
20241224;100738;3514;1;11803069608;B
20241224;100738;3512;2;11803069701;S
20241224;100738;3511;6;11803069789;S
20241224;100738;3511;12;11803069790;S
20241224;100739;3512;1;11803070208;B
20241224;100739;3511;1;11803070288;S
20241224;100740;3512;1;11803070585;B
20241224;100741;3512;1;11803070989;B
20241224;100741;3512;1;11803071298;B
20241224;100742;3512;1;11803071672;B
20241224;100742;3512;1;11803071712;B
20241224;100743;3512;1;11803072150;B
20241224;100744;3512;2;11803072323;B
20241224;100744;3512;1;11803072558;B
20241224;100745;3512;1;11803072872;B
20241224;100746;3512;1;11803073275;B
20241224;100747;3512;1;11803073504;B
20241224;100747;3512;1;11803073542;B
20241224;100748;3512;1;11803073940;B
20241224;100748;3512;1;11803074316;B
20241224;100748;3512;6;11803074416;B
20241224;100749;3512;1;11803074722;B
20241224;100750;3512;75;11803075106;B
20241224;100750;3512;4;11803075107;B
20241224;100750;3512;1;11803075108;B
20241224;100750;3515;6;11803075109;B
20241224;100750;3515;14;11803075110;B
20241224;100750;3515;1;11803075181;B
20241224;100751;3515;1;11803075438;B
20241224;100752;3516;1;11803075734;B
20241224;100752;3512;6;11803075963;S
20241224;100752;3512;1;11803075964;S
20241224;100752;3513;1;11803076109;B
20241224;100753;3514;1;11803076442;B
20241224;100754;3514;1;11803076938;B
20241224;100755;3513;17;11803077231;B
20241224;100755;3513;1;11803077410;B
20241224;100756;3513;1;11803077860;B
20241224;100757;3513;1;11803078189;B
20241224;100757;3513;1;11803078537;B
20241224;100758;3513;1;11803079103;B
20241224;100759;3514;1;11803079486;B
20241224;100800;3514;1;11803080070;B
20241224;100802;3515;1;11803080552;B
20241224;100802;3513;30;11803080882;S
20241224;100802;3514;1;11803080984;B
20241224;100803;3514;1;11803081262;B
20241224;100804;3514;1;11803081658;B
20241224;100805;3514;1;11803081978;B
20241224;100805;3514;1;11803082394;B
20241224;100806;3513;5;11803082401;S
20241224;100806;3514;1;11803082713;B
20241224;100806;3514;5;11803082752;B
20241224;100807;3514;1;11803083084;B
20241224;100808;3514;1;11803083571;B
20241224;100809;3514;1;11803083807;B
20241224;100809;3513;2;11803083853;S
20241224;100809;3513;2;11803083854;S
20241224;100809;3513;9;11803083855;S
20241224;100809;3512;10;11803083856;S
20241224;100809;3512;3;11803083857;S
20241224;100809;3512;2;11803083858;S
20241224;100810;3514;1;11803084229;B
20241224;100811;3514;1;11803084556;B
20241224;100812;3514;1;11803084854;B
20241224;100812;3513;3;11803085082;S
20241224;100812;3514;1;11803085133;B
20241224;100813;3514;1;11803085561;B
20241224;100814;3513;2;11803085902;S
20241224;100814;3512;19;11803085903;S
20241224;100814;3514;1;11803086010;B
20241224;100815;3514;1;11803086401;B
20241224;100816;3513;2;11803086705;S
20241224;100816;3515;1;11803086760;B
20241224;100817;3514;1;11803087257;B
20241224;100818;3514;1;11803087662;B
20241224;100819;3514;1;11803088077;B
20241224;100819;3514;1;11803088448;B
20241224;100820;3513;1;11803088761;S
20241224;100820;3514;1;11803089091;B
20241224;100821;3514;1;11803089523;B
20241224;100822;3514;1;11803089903;B
20241224;100823;3514;1;11803090180;B
20241224;100824;3514;1;11803090592;B
20241224;100825;3514;1;11803090842;B
20241224;100825;3514;7;11803091012;B
20241224;100826;3514;10;11803091146;B
20241224;100826;3514;1;11803091227;B
20241224;100827;3514;1;11803091598;B
20241224;100828;3514;1;11803091918;B
20241224;100828;3514;1;11803092165;B
20241224;100829;3514;1;11803092486;B
20241224;100830;3514;1;11803092709;B
20241224;100831;3514;1;11803093328;B
20241224;100831;3514;1;11803093708;B
20241224;100831;3514;2;11803093711;B
20241224;100831;3514;2;11803093783;B
20241224;100832;3514;1;11803094253;B
20241224;100833;3514;5;11803094381;B
20241224;100833;3514;1;11803094586;B
20241224;100834;3514;1;11803094941;B
20241224;100835;3514;1;11803095280;B
20241224;100836;3514;1;11803095620;B
20241224;100837;3514;1;11803095866;B
20241224;100838;3514;1;11803096162;B
20241224;100838;3514;1;11803096625;B
20241224;100839;3512;22;11803097117;S
20241224;100839;3514;1;11803097132;B
20241224;100840;3514;1;11803097507;B
20241224;100841;3514;1;11803097766;B
20241224;100841;3512;7;11803097876;S
20241224;100841;3512;7;11803097877;S
20241224;100841;3512;30;11803097878;S
20241224;100841;3511;97;11803097879;S
20241224;100841;3511;1;11803097880;S
20241224;100841;3511;1;11803097881;S
20241224;100841;3511;27;11803097882;S
20241224;100842;3514;1;11803098120;B
20241224;100842;3511;1;11803098212;S
20241224;100843;3514;1;11803098415;B
20241224;100844;3514;1;11803098706;B
20241224;100845;3514;3;11803099064;B
20241224;100845;3514;1;11803099065;B
20241224;100845;3514;6;11803099066;B
20241224;100845;3514;1;11803099087;B
20241224;100846;3514;2;11803099285;B
20241224;100847;3514;1;11803099655;B
20241224;100851;3514;1;11803100636;B
20241224;100851;3514;15;11803100954;B
20241224;100851;3514;1;11803101024;B
20241224;100852;3514;1;11803101325;B
20241224;100854;3514;1;11803101857;B
20241224;100856;3512;1;11803102545;S
20241224;100856;3511;4;11803102546;S
20241224;100856;3514;1;11803102590;B
20241224;100857;3514;1;11803103292;B
20241224;100859;3514;1;11803103785;B
20241224;100859;3511;16;11803103837;S
20241224;100859;3511;10;11803103838;S
20241224;100859;3511;5;11803103839;S
20241224;100859;3511;28;11803103840;S
20241224;100859;3514;1;11803104010;B
20241224;100900;3513;1;11803104442;B
20241224;100900;3513;1;11803104500;B
20241224;100901;3513;1;11803104746;B
20241224;100902;3513;1;11803105012;B
20241224;100903;3513;1;11803105331;B
20241224;100903;3513;1;11803105642;B
20241224;100904;3514;1;11803105919;B
20241224;100905;3514;1;11803106227;B
20241224;100906;3514;1;11803106516;B
20241224;100906;3514;1;11803106867;B
20241224;100907;3514;1;11803107222;B
20241224;100908;3511;2;11803107330;S
20241224;100908;3514;1;11803107546;B
20241224;100908;3512;1;11803107719;S
20241224;100909;3514;1;11803107931;B
20241224;100910;3514;1;11803108478;B
20241224;100911;3514;1;11803108911;B
20241224;100911;3512;4;11803109126;S
20241224;100911;3511;5;11803109127;S
20241224;100911;3511;8;11803109128;S
20241224;100911;3511;8;11803109129;S
20241224;100911;3510;2;11803109259;S
20241224;100911;3510;3;11803109260;S
20241224;100911;3510;10;11803109261;S
20241224;100911;3510;15;11803109262;S
20241224;100912;3511;1;11803109308;B
20241224;100913;3511;1;11803109728;B
20241224;100914;3511;1;11803110062;B
20241224;100914;3511;1;11803110427;B
20241224;100915;3511;1;11803110709;B
20241224;100916;3511;1;11803111038;B
20241224;100916;3511;93;11803111219;B
20241224;100917;3511;5;11803111304;B
20241224;100917;3511;3;11803111319;B
20241224;100917;3511;5;11803111348;B
20241224;100917;3511;5;11803111378;B
20241224;100917;3511;5;11803111436;B
20241224;100919;3512;1;11803111780;S
20241224;100920;3514;1;11803112057;B
20241224;100922;3512;50;11803112919;S
20241224;100925;3514;1;11803114005;B
20241224;100926;3514;1;11803114400;B
20241224;100926;3514;1;11803114421;B
20241224;100927;3514;1;11803114693;B
20241224;100928;3514;15;11803114926;B
20241224;100928;3514;30;11803114927;B
20241224;100928;3514;5;11803114928;B
20241224;100928;3515;1;11803115019;B
20241224;100938;3515;1;11803117214;B
20241224;100940;3515;1;11803117667;B
20241224;100941;3515;1;11803118105;B
20241224;100942;3515;1;11803118414;B
20241224;100942;3515;1;11803118664;B
20241224;100943;3515;1;11803118908;B
20241224;100944;3515;1;11803119307;B
20241224;100947;3515;100;11803119713;B
20241224;100948;3515;5;11803119893;B
20241224;100949;3515;8;11803120032;B
20241224;100950;3515;177;11803120173;B
20241224;100950;3515;13;11803120174;B
20241224;100950;3515;10;11803120175;B
20241224;100950;3515;1;11803120378;B
20241224;100951;3515;6;11803120610;B
20241224;100951;3518;25;11803120611;B
20241224;100952;3518;1;11803120682;B
20241224;100952;3514;1;11803120722;S
20241224;100952;3514;4;11803120723;S
20241224;100952;3518;4;11803120894;B
20241224;100952;3518;1;11803120895;B
20241224;100954;3518;1;11803121114;B
20241224;100954;3518;1;11803121305;B
20241224;100955;3518;1;11803121692;B
20241224;100956;3518;1;11803121936;B
20241224;100956;3515;1;11803122118;S
20241224;100959;3518;1;11803122579;B
20241224;100959;3518;1;11803122829;B
20241224;101000;3518;1;11803123239;B
20241224;101004;3518;1;11803123980;B
20241224;101006;3518;2;11803124531;B
20241224;101010;3518;18;11803125166;B
20241224;101010;3518;1;11803125167;B
20241224;101010;3518;1;11803125168;B
20241224;101010;3519;6;11803125169;B
20241224;101010;3519;9;11803125170;B
20241224;101010;3519;14;11803125171;B
20241224;101010;3520;1;11803125172;B
20241224;101010;3520;6;11803125173;B
20241224;101010;3520;5;11803125174;B
20241224;101010;3520;10;11803125175;B
20241224;101010;3520;5;11803125176;B
20241224;101010;3520;24;11803125177;B
20241224;101011;3521;1;11803125438;B
20241224;101014;3517;6;11803126286;S
20241224;101014;3517;2;11803126287;S
20241224;101014;3520;4;11803126414;B
20241224;101014;3520;1;11803126554;B
20241224;101016;3518;1;11803127117;S
20241224;101016;3517;6;11803127118;S
20241224;101016;3516;2;11803127119;S
20241224;101023;3519;1;11803128874;B
20241224;101028;3516;1;11803131390;S
20241224;101028;3518;24;11803131622;B
20241224;101035;3515;6;11803134182;S
20241224;101035;3515;30;11803134183;S
20241224;101035;3515;1;11803134184;S
20241224;101035;3515;1;11803134185;S
20241224;101035;3515;12;11803134186;S
20241224;101044;3517;6;11803137289;B
20241224;101044;3518;14;11803137290;B
20241224;101044;3518;10;11803137291;B
20241224;101045;3515;1;11803137603;S
20241224;101047;3517;6;11803138188;B
20241224;101047;3517;4;11803138189;B
20241224;101056;3515;1;11803140256;S
20241224;101057;3515;3;11803140344;S
20241224;101057;3515;1;11803140345;S
20241224;101057;3515;5;11803140346;S
20241224;101057;3515;8;11803140347;S
20241224;101057;3515;32;11803140367;S
20241224;101057;3514;1;11803140449;S
20241224;101057;3513;2;11803140450;S
20241224;101057;3513;33;11803140451;S
20241224;101057;3512;45;11803140452;S
20241224;101057;3512;6;11803140453;S
20241224;101057;3512;5;11803140454;S
20241224;101057;3511;1;11803140455;S
20241224;101057;3511;1;11803140456;S
20241224;101057;3511;6;11803140457;S
20241224;101057;3511;10;11803140458;S
20241224;101057;3511;4;11803140459;S
20241224;101057;3511;10;11803140460;S
20241224;101057;3511;4;11803140461;S
20241224;101057;3511;30;11803140462;S
20241224;101057;3510;34;11803140463;S
20241224;101057;3510;1;11803140464;S
20241224;101057;3510;4;11803140465;S
20241224;101057;3510;22;11803140466;S
20241224;101057;3510;6;11803140467;S
20241224;101057;3510;5;11803140468;S
20241224;101057;3510;3;11803140469;S
20241224;101057;3510;20;11803140470;S
20241224;101057;3510;30;11803140471;S
20241224;101057;3510;25;11803140472;S
20241224;101057;3510;5;11803140473;S
20241224;101057;3510;44;11803140474;S
20241224;101057;3510;10;11803140475;S
20241224;101057;3510;50;11803140476;S
20241224;101057;3510;41;11803140477;S
20241224;101057;3510;1;11803140478;S
20241224;101057;3510;5;11803140479;S
20241224;101057;3510;18;11803140480;S
20241224;101057;3510;24;11803140481;S
20241224;101057;3509;6;11803140482;S
20241224;101057;3509;10;11803140483;S
20241224;101057;3509;2;11803140484;S
20241224;101057;3509;2;11803140485;S
20241224;101057;3509;1500;11803140486;S
20241224;101057;3509;1;11803140487;S
20241224;101057;3509;3;11803140488;S
20241224;101057;3508;6;11803140489;S
20241224;101057;3508;1;11803140490;S
20241224;101057;3508;3;11803140491;S
20241224;101057;3508;400;11803140492;S
20241224;101057;3507;5;11803140493;S
20241224;101057;3507;40;11803140494;S
20241224;101057;3507;55;11803140495;S
20241224;101057;3507;5;11803140496;S
20241224;101057;3507;6;11803140497;S
20241224;101057;3506;1;11803140498;S
20241224;101057;3506;30;11803140499;S
20241224;101057;3506;6;11803140500;S
20241224;101057;3506;100;11803140501;S
20241224;101057;3506;80;11803140502;S
20241224;101057;3506;80;11803140503;S
20241224;101057;3505;194;11803140504;S
20241224;101057;3505;2;11803140505;S
20241224;101057;3505;1;11803140506;S
20241224;101057;3505;1;11803140507;S
20241224;101057;3505;5;11803140508;S
20241224;101057;3505;5;11803140509;S
20241224;101057;3505;6;11803140510;S
20241224;101057;3504;1;11803140511;S
20241224;101057;3504;10;11803140512;S
20241224;101057;3504;6;11803140513;S
20241224;101057;3503;1;11803140514;S
20241224;101057;3503;1;11803140515;S
20241224;101057;3503;5;11803140516;S
20241224;101057;3503;1;11803140517;S
20241224;101057;3503;2;11803140518;S
20241224;101057;3503;2;11803140519;S
20241224;101057;3503;6;11803140520;S
20241224;101057;3502;1;11803140521;S
20241224;101057;3502;55;11803140522;S
20241224;101057;3502;5;11803140523;S
20241224;101057;3502;115;11803140524;S
20241224;101057;3501;3;11803140525;S
20241224;101057;3501;1;11803140526;S
20241224;101057;3501;1;11803140527;S
20241224;101057;3501;1;11803140528;S
20241224;101057;3501;10;11803140529;S
20241224;101057;3501;30;11803140530;S
20241224;101057;3501;6;11803140531;S
20241224;101057;3501;100;11803140532;S
20241224;101057;3501;5;11803140533;S
20241224;101057;3501;1;11803140534;S
20241224;101057;3501;3;11803140535;S
20241224;101057;3501;1;11803140536;S
20241224;101057;3501;4;11803140537;S
20241224;101057;3501;1;11803140538;S
20241224;101057;3501;5;11803140539;S
20241224;101057;3501;1;11803140540;S
20241224;101057;3501;1;11803140541;S
20241224;101057;3501;1;11803140542;S
20241224;101057;3501;6;11803140543;S
20241224;101057;3500;10;11803140544;S
20241224;101057;3500;10;11803140545;S
20241224;101057;3500;1;11803140546;S
20241224;101057;3500;1;11803140547;S
20241224;101057;3500;2;11803140548;S
20241224;101057;3500;1;11803140549;S
20241224;101057;3500;10;11803140550;S
20241224;101057;3500;10;11803140551;S
20241224;101057;3500;1;11803140552;S
20241224;101057;3500;120;11803140553;S
20241224;101057;3500;20;11803140554;S
20241224;101057;3500;1;11803140555;S
20241224;101057;3500;2;11803140556;S
20241224;101057;3500;2;11803140557;S
20241224;101057;3500;1;11803140558;S
20241224;101057;3500;1;11803140559;S
20241224;101057;3500;5;11803140560;S
20241224;101057;3500;10;11803140561;S
20241224;101057;3500;1;11803140562;S
20241224;101057;3500;2;11803140563;S
20241224;101057;3500;29;11803140564;S
20241224;101057;3500;20;11803140565;S
20241224;101057;3500;13;11803140566;S
20241224;101057;3500;50;11803140567;S
20241224;101057;3500;1;11803140568;S
20241224;101057;3500;1;11803140569;S
20241224;101057;3500;3;11803140570;S
20241224;101057;3500;1;11803140571;S
20241224;101057;3500;1;11803140572;S
20241224;101057;3500;1;11803140573;S
20241224;101057;3500;1;11803140574;S
20241224;101057;3500;100;11803140575;S
20241224;101057;3500;1;11803140576;S
20241224;101057;3500;2;11803140577;S
20241224;101057;3500;2;11803140578;S
20241224;101057;3500;1;11803140579;S
20241224;101057;3500;3;11803140580;S
20241224;101057;3500;10;11803140581;S
20241224;101057;3500;1;11803140582;S
20241224;101057;3500;130;11803140583;S
20241224;101057;3500;7;11803140584;S
20241224;101057;3500;227;11803140585;S
20241224;101057;3500;1;11803140586;S
20241224;101057;3500;1;11803140587;S
20241224;101057;3500;1;11803140588;S
20241224;101057;3500;1;11803140589;S
20241224;101057;3500;1;11803140590;S
20241224;101057;3500;1;11803140591;S
20241224;101057;3500;5;11803140592;S
20241224;101057;3500;1;11803140593;S
20241224;101057;3500;1;11803140594;S
20241224;101057;3500;1;11803140595;S
20241224;101057;3500;2;11803140596;S
20241224;101057;3500;100;11803140597;S
20241224;101057;3500;10;11803140598;S
20241224;101057;3500;47;11803140599;S
20241224;101057;3500;5;11803140600;S
20241224;101057;3500;38;11803140601;S
20241224;101057;3500;1;11803140602;S
20241224;101057;3500;1;11803140603;S
20241224;101057;3500;2;11803140604;S
20241224;101057;3500;1;11803140605;S
20241224;101057;3500;16;11803140606;S
20241224;101057;3500;1;11803140607;S
20241224;101057;3500;2;11803140608;S
20241224;101057;3500;18;11803140609;S
20241224;101057;3500;5;11803140610;S
20241224;101057;3500;5;11803140611;S
20241224;101057;3500;10;11803140612;S
20241224;101057;3500;10;11803140613;S
20241224;101057;3500;100;11803140614;S
20241224;101057;3500;2;11803140615;S
20241224;101057;3500;2;11803140616;S
20241224;101057;3500;4;11803140617;S
20241224;101057;3499;1;11803140618;S
20241224;101057;3498;1;11803140619;S
20241224;101057;3498;2;11803140620;S
20241224;101057;3498;1;11803140621;S
20241224;101057;3497;1;11803140622;S
20241224;101057;3497;1;11803140623;S
20241224;101057;3497;1;11803140624;S
20241224;101057;3497;29;11803140625;S
20241224;101057;3496;1;11803140626;S
20241224;101057;3496;10;11803140627;S
20241224;101057;3495;2;11803140628;S
20241224;101057;3495;4;11803140629;S
20241224;101057;3495;1;11803140630;S
20241224;101057;3495;15;11803140631;S
20241224;101057;3494;50;11803140632;S
20241224;101057;3493;2;11803140633;S
20241224;101057;3493;10;11803140634;S
20241224;101057;3493;1;11803140635;S
20241224;101057;3492;1;11803140636;S
20241224;101057;3492;1;11803140637;S
20241224;101057;3492;2;11803140638;S
20241224;101057;3492;4;11803140639;S
20241224;101057;3492;1;11803140640;S
20241224;101057;3491;5;11803140641;S
20241224;101057;3491;5;11803140642;S
20241224;101057;3491;5;11803140643;S
20241224;101057;3491;30;11803140644;S
20241224;101057;3491;1;11803140645;S
20241224;101057;3491;1;11803140646;S
20241224;101057;3490;3;11803140647;S
20241224;101057;3490;1;11803140648;S
20241224;101057;3490;2;11803140649;S
20241224;101057;3490;1;11803140650;S
20241224;101057;3490;1;11803140651;S
20241224;101057;3490;255;11803140652;S
20241224;101057;3490;1;11803140653;S
20241224;101057;3490;1;11803140654;S
20241224;101057;3490;50;11803140655;S
20241224;101057;3490;10;11803140656;S
20241224;101057;3490;1;11803140657;S
20241224;101057;3490;100;11803140658;S
20241224;101057;3488;1;11803140659;S
20241224;101057;3488;1;11803140660;S
20241224;101057;3486;20;11803140661;S
20241224;101057;3486;1;11803140662;S
20241224;101057;3486;1;11803140663;S
20241224;101057;3485;1;11803140664;S
20241224;101057;3485;15;11803140665;S
20241224;101057;3483;2;11803140666;S
20241224;101057;3483;400;11803140667;S
20241224;101057;3482;10;11803140668;S
20241224;101057;3481;2;11803140669;S
20241224;101057;3481;1;11803140670;S
20241224;101057;3481;10;11803140671;S
20241224;101057;3481;100;11803140672;S
20241224;101057;3481;3;11803140673;S
20241224;101057;3481;1;11803140674;S
20241224;101057;3480;7;11803140675;S
20241224;101057;3480;1;11803140676;S
20241224;101057;3480;1;11803140677;S
20241224;101057;3480;3;11803140678;S
20241224;101057;3480;3;11803140679;S
20241224;101057;3480;30;11803140680;S
20241224;101057;3480;1;11803140681;S
20241224;101057;3480;1;11803140682;S
20241224;101057;3480;1;11803140683;S
20241224;101057;3480;2;11803140684;S
20241224;101057;3480;2;11803140685;S
20241224;101057;3480;22;11803140686;S
20241224;101057;3480;1;11803140687;S
20241224;101057;3480;1;11803140688;S
20241224;101057;3480;1;11803140689;S
20241224;101057;3480;5;11803140690;S
20241224;101057;3480;20;11803140691;S
20241224;101057;3480;15;11803140692;S
20241224;101057;3480;100;11803140693;S
20241224;101057;3480;1;11803140694;S
20241224;101057;3480;2;11803140695;S
20241224;101057;3480;1;11803140696;S
20241224;101057;3480;100;11803140697;S
20241224;101057;3480;64;11803140698;S
20241224;101057;3480;80;11803140699;S
20241224;101057;3479;1;11803140700;S
20241224;101057;3479;100;11803140701;S
20241224;101057;3479;10;11803140702;S
20241224;101057;3479;1;11803140703;S
20241224;101057;3479;1;11803140704;S
20241224;101057;3479;1;11803140705;S
20241224;101057;3479;2;11803140706;S
20241224;101057;3479;1;11803140707;S
20241224;101057;3479;1;11803140708;S
20241224;101057;3478;20;11803140709;S
20241224;101057;3478;20;11803140710;S
20241224;101057;3478;1;11803140711;S
20241224;101057;3477;75;11803140712;S
20241224;101057;3476;1;11803140713;S
20241224;101057;3476;5;11803140714;S
20241224;101057;3475;3;11803140715;S
20241224;101057;3475;40;11803140716;S
20241224;101057;3474;20;11803140717;S
20241224;101057;3473;1;11803140718;S
20241224;101057;3472;4;11803140719;S
20241224;101057;3471;10;11803140720;S
20241224;101057;3471;3;11803140721;S
20241224;101057;3470;1;11803140722;S
20241224;101057;3470;1;11803140723;S
20241224;101057;3470;1;11803140724;S
20241224;101057;3470;1;11803140725;S
20241224;101057;3470;1;11803140726;S
20241224;101057;3470;30;11803140727;S
20241224;101057;3467;5;11803140728;S
20241224;101057;3467;84;11803140729;S
20241224;101057;3466;3;11803140730;S
20241224;101057;3466;1;11803140731;S
20241224;101057;3466;1;11803140732;S
20241224;101057;3466;150;11803140733;S
20241224;101057;3465;5;11803140734;S
20241224;101057;3464;150;11803140735;S
20241224;101057;3463;140;11803140736;S
20241224;101057;3462;75;11803140737;S
20241224;101057;3461;50;11803140738;S
20241224;101057;3461;1;11803140739;S
20241224;101057;3461;20;11803140740;S
20241224;101057;3460;1;11803140741;S
20241224;101057;3460;1;11803140742;S
20241224;101057;3460;360;11803140743;S
20241224;101057;3459;1;11803140744;S
20241224;101057;3458;84;11803140745;S
20241224;101057;3457;100;11803140746;S
20241224;101057;3457;1;11803140747;S
20241224;101057;3456;1;11803140748;S
20241224;101057;3456;10;11803140749;S
20241224;101057;3456;1;11803140750;S
20241224;101057;3456;300;11803140751;S
20241224;101057;3456;210;11803140752;S
20241224;101057;3455;2;11803140753;S
20241224;101057;3455;1;11803140754;S
20241224;101057;3454;5;11803140755;S
20241224;101057;3453;1;11803140756;S
20241224;101057;3452;1;11803140757;S
20241224;101057;3452;4;11803140758;S
20241224;101057;3451;1;11803140759;S
20241224;101057;3450;1;11803140760;S
20241224;101057;3450;1;11803140761;S
20241224;101057;3450;5;11803140762;S
20241224;101057;3450;1;11803140763;S
20241224;101057;3450;2;11803140764;S
20241224;101057;3450;1;11803140765;S
20241224;101057;3450;1;11803140766;S
20241224;101057;3450;1;11803140767;S
20241224;101057;3450;5;11803140768;S
20241224;101057;3450;280;11803140769;S
20241224;101057;3450;34;11803140770;S
20241224;101057;3450;1;11803140771;S
20241224;101057;3450;2;11803140772;S
20241224;101057;3450;75;11803140773;S
20241224;101057;3450;1;11803140774;S
20241224;101057;3450;100;11803140775;S
20241224;101057;3450;30;11803140776;S
20241224;101057;3450;10;11803140777;S
20241224;101057;3448;1;11803140778;S
20241224;101057;3448;200;11803140779;S
20241224;101057;3447;1;11803140780;S
20241224;101057;3445;1;11803140781;S
20241224;101057;3444;1;11803140782;S
20241224;101057;3442;29;11803140783;S
20241224;101057;3441;200;11803140784;S
20241224;101057;3441;1;11803140785;S
20241224;101057;3440;100;11803140786;S
20241224;101057;3440;1;11803140787;S
20241224;101057;3437;1;11803140788;S
20241224;101057;3436;4;11803140789;S
20241224;101057;3436;200;11803140790;S
20241224;101057;3435;215;11803140791;S
20241224;101057;3433;1;11803140792;S
20241224;101057;3432;3;11803140793;S
20241224;101057;3430;1;11803140794;S
20241224;101057;3430;1;11803140795;S
20241224;101057;3430;1;11803140796;S
20241224;101057;3428;46;11803140797;S
20241224;101057;3486;1;11803140803;B
20241224;101057;3476;1;11803140813;S
20241224;101057;3475;6;11803140815;S
20241224;101057;3475;20;11803140816;S
20241224;101057;3475;29;11803140817;S
20241224;101057;3471;22;11803140818;S
20241224;101057;3469;64;11803140819;S
20241224;101057;3468;52;11803140820;S
20241224;101057;3468;10;11803140821;S
20241224;101057;3465;86;11803140822;S
20241224;101057;3465;2;11803140823;S
20241224;101057;3465;201;11803140824;S
20241224;101057;3464;6;11803140826;S
20241224;101057;3463;1;11803140827;S
20241224;101057;3480;20;11803140828;B
20241224;101057;3488;6;11803140829;B
20241224;101057;3489;10;11803140830;B
20241224;101057;3489;30;11803140831;B
20241224;101057;3490;4;11803140832;B
20241224;101057;3494;1;11803140833;B
20241224;101057;3462;1;11803140834;S
20241224;101057;3455;3;11803140836;S
20241224;101057;3466;8;11803140838;S
20241224;101057;3470;5;11803140839;S
20241224;101057;3470;10;11803140840;S
20241224;101057;3470;2;11803140841;S
20241224;101057;3470;2;11803140842;S
20241224;101057;3470;92;11803140843;S
20241224;101057;3466;21;11803140844;S
20241224;101057;3452;39;11803140845;S
20241224;101057;3445;15;11803140846;S
20241224;101057;3445;120;11803140847;S
20241224;101057;3444;13;11803140848;S
20241224;101057;3446;30;11803140853;S
20241224;101057;3445;29;11803140854;S
20241224;101057;3444;5;11803140855;S
20241224;101057;3444;50;11803140856;S
20241224;101057;3444;5;11803140857;S
20241224;101057;3445;8;11803140860;S
20241224;101057;3457;6;11803140889;B
20241224;101057;3458;6;11803140890;B
20241224;101057;3458;5;11803140891;B
20241224;101057;3460;4;11803140895;B
20241224;101057;3445;29;11803140896;S
20241224;101057;3444;95;11803140897;S
20241224;101057;3444;4;11803140898;S
20241224;101057;3457;6;11803140899;B
20241224;101057;3458;63;11803140900;B
20241224;101057;3472;33;11803140904;S
20241224;101057;3445;3;11803140905;S
20241224;101057;3457;6;11803140910;B
20241224;101057;3458;30;11803140911;B
20241224;101057;3458;6;11803140912;B
20241224;101057;3459;6;11803140913;B
20241224;101057;3460;6;11803140914;B
20241224;101057;3460;89;11803140915;B
20241224;101057;3456;5;11803140916;B
20241224;101057;3456;24;11803140917;B
20241224;101057;3455;4;11803140918;S
20241224;101057;3449;29;11803140920;S
20241224;101057;3447;22;11803140921;S
20241224;101057;3447;7;11803140922;S
20241224;101057;3444;3;11803140923;S
20241224;101057;3455;49;11803140924;S
20241224;101057;3444;51;11803140925;S
20241224;101057;3463;6;11803140926;B
20241224;101057;3466;6;11803140927;B
20241224;101057;3467;6;11803140928;B
20241224;101057;3468;6;11803140929;B
20241224;101057;3469;6;11803140930;B
20241224;101057;3445;2;11803140931;S
20241224;101057;3452;6;11803140950;B
20241224;101057;3453;30;11803140951;B
20241224;101057;3453;6;11803140952;B
20241224;101057;3454;6;11803140953;B
20241224;101057;3455;1;11803140954;B
20241224;101057;3448;5;11803140966;S
20241224;101057;3458;1;11803140983;B
20241224;101057;3456;1;11803140987;B
20241224;101057;3458;5;11803140990;B
20241224;101057;3458;1;11803140991;B
20241224;101057;3458;1;11803140992;B
20241224;101057;3455;2;11803140995;S
20241224;101057;3455;5;11803140996;S
20241224;101057;3457;1;11803140999;S
20241224;101057;3455;6;11803141000;S
20241224;101057;3455;1;11803141001;S
20241224;101057;3455;85;11803141002;S
20241224;101057;3447;6;11803141003;S
20241224;101057;3447;23;11803141004;S
20241224;101057;3447;26;11803141005;S
20241224;101057;3446;9;11803141006;S
20241224;101057;3446;5;11803141007;S
20241224;101057;3446;3;11803141008;S
20241224;101057;3446;53;11803141009;S
20241224;101057;3444;20;11803141010;S
20241224;101057;3441;28;11803141011;S
20241224;101057;3438;100;11803141012;S
20241224;101057;3437;199;11803141013;S
20241224;101057;3455;1;11803141014;B
20241224;101057;3446;10;11803141015;S
20241224;101057;3446;20;11803141016;S
20241224;101057;3446;2;11803141017;S
20241224;101057;3446;2;11803141018;S
20241224;101057;3437;8;11803141019;S
20241224;101057;3437;21;11803141021;S
20241224;101057;3436;9;11803141022;S
20241224;101057;3436;10;11803141023;S
20241224;101057;3436;20;11803141024;S
20241224;101057;3436;6;11803141026;S
20241224;101057;3436;2;11803141027;S
20241224;101057;3436;1;11803141029;S
20241224;101057;3446;1;11803141030;B
20241224;101057;3437;1;11803141031;S
20241224;101057;3450;30;11803141032;B
20241224;101057;3437;2;11803141037;S
20241224;101057;3437;1;11803141039;S
20241224;101058;3446;25;11803141054;B
20241224;101058;3446;1;11803141055;B
20241224;101058;3452;6;11803141058;B
20241224;101058;3453;6;11803141059;B
20241224;101058;3454;6;11803141060;B
20241224;101058;3455;6;11803141061;B
20241224;101058;3456;6;11803141062;B
20241224;101058;3457;6;11803141063;B
20241224;101058;3458;6;11803141064;B
20241224;101058;3459;6;11803141065;B
20241224;101058;3460;6;11803141066;B
20241224;101058;3461;6;11803141067;B
20241224;101058;3462;29;11803141068;B
20241224;101058;3463;50;11803141069;B
20241224;101058;3467;61;11803141070;B
20241224;101058;3467;5;11803141071;B
20241224;101058;3441;3;11803141073;S
20241224;101058;3451;8;11803141077;B
20241224;101058;3451;6;11803141078;B
20241224;101058;3451;1;11803141079;B
20241224;101058;3441;2;11803141080;S
20241224;101058;3440;2;11803141081;S
20241224;101058;3437;25;11803141082;S
20241224;101058;3437;30;11803141083;S
20241224;101058;3436;41;11803141084;S
20241224;101058;3451;25;11803141092;B
20241224;101058;3437;2;11803141093;S
20241224;101058;3451;5;11803141094;B
20241224;101058;3463;2;11803141095;B
20241224;101058;3463;3;11803141096;B
20241224;101058;3437;8;11803141097;S
20241224;101058;3440;5;11803141100;B
20241224;101058;3461;15;11803141101;B
20241224;101058;3437;19;11803141111;S
20241224;101058;3436;23;11803141112;S
20241224;101058;3436;6;11803141114;S
20241224;101058;3448;4;11803141115;B
20241224;101058;3436;3;11803141116;S
20241224;101058;3448;25;11803141117;B
20241224;101058;3437;12;11803141119;S
20241224;101058;3437;8;11803141122;S
20241224;101058;3437;9;11803141123;S
20241224;101058;3437;17;11803141124;S
20241224;101058;3436;24;11803141125;S
20241224;101058;3453;1;11803141128;B
20241224;101058;3452;18;11803141129;B
20241224;101058;3459;1;11803141130;B
20241224;101058;3459;29;11803141131;B
20241224;101058;3460;21;11803141132;B
20241224;101058;3459;20;11803141135;B
20241224;101058;3460;1;11803141138;B
20241224;101058;3450;10;11803141145;S
20241224;101058;3448;1;11803141146;S
20241224;101058;3448;70;11803141147;S
20241224;101058;3446;1;11803141148;S
20241224;101058;3442;18;11803141149;S
20241224;101058;3453;5;11803141161;B
20241224;101058;3461;1;11803141191;B
20241224;101058;3461;1;11803141193;B
20241224;101058;3449;9;11803141208;S
20241224;101058;3449;10;11803141209;S
20241224;101058;3449;1;11803141214;S
20241224;101058;3449;8;11803141216;S
20241224;101058;3449;2;11803141218;S
20241224;101058;3448;14;11803141219;S
20241224;101058;3448;44;11803141221;S
20241224;101058;3448;12;11803141223;S
20241224;101058;3438;11;11803141224;S
20241224;101058;3437;29;11803141225;S
20241224;101058;3437;30;11803141226;S
20241224;101058;3436;43;11803141227;S
20241224;101058;3436;4;11803141228;S
20241224;101058;3436;1;11803141230;S
20241224;101058;3448;1;11803141238;B
20241224;101058;3448;7;11803141239;B
20241224;101058;3453;1;11803141241;B
20241224;101058;3446;1;11803141246;B
20241224;101058;3445;4;11803141253;S
20241224;101058;3455;1;11803141256;B
20241224;101058;3445;3;11803141260;S
20241224;101058;3454;2;11803141262;B
20241224;101058;3445;4;11803141271;S
20241224;101058;3444;26;11803141272;S
20241224;101058;3444;10;11803141273;S
20241224;101058;3450;5;11803141280;B
20241224;101058;3450;5;11803141283;B
20241224;101058;3444;34;11803141293;S
20241224;101058;3444;6;11803141294;S
20241224;101058;3444;11;11803141312;S
20241224;101058;3444;13;11803141336;S
20241224;101058;3443;1;11803141337;S
20241224;101058;3439;1;11803141338;S
20241224;101058;3439;4;11803141339;S
20241224;101058;3439;1;11803141343;S
20241224;101058;3438;17;11803141344;S
20241224;101058;3438;6;11803141345;S
20241224;101058;3438;1;11803141346;S
20241224;101058;3438;30;11803141347;S
20241224;101058;3438;33;11803141348;S
20241224;101058;3438;17;11803141349;S
20241224;101058;3437;29;11803141350;S
20241224;101058;3436;164;11803141351;S
20241224;101058;3436;50;11803141352;S
20241224;101058;3434;7;11803141353;S
20241224;101058;3434;15;11803141354;S
20241224;101058;3448;150;11803141355;B
20241224;101058;3438;70;11803141359;S
20241224;101058;3435;3;11803141360;S
20241224;101058;3434;57;11803141361;S
20241224;101058;3434;120;11803141362;S
20241224;101058;3438;2;11803141364;S
20241224;101058;3449;10;11803141365;B
20241224;101058;3450;10;11803141369;B
20241224;101058;3438;1;11803141373;S
20241224;101058;3450;1;11803141374;B
20241224;101058;3438;5;11803141377;S
20241224;101058;3438;20;11803141383;S
20241224;101058;3435;1;11803141388;S
20241224;101058;3433;2;11803141389;S
20241224;101058;3443;20;11803141394;B
20241224;101058;3434;1;11803141398;S
20241224;101058;3434;1;11803141406;S
20241224;101058;3434;1;11803141408;S
20241224;101058;3441;1;11803141411;B
20241224;101058;3447;3;11803141412;B
20241224;101058;3435;1;11803141413;S
20241224;101058;3434;17;11803141414;S
20241224;101058;3434;3;11803141415;S
20241224;101058;3433;68;11803141416;S
20241224;101058;3432;11;11803141417;S
20241224;101058;3445;1;11803141418;B
20241224;101058;3444;1;11803141419;B
20241224;101058;3447;10;11803141420;B
20241224;101058;3434;2;11803141422;S
20241224;101058;3445;1;11803141433;B
20241224;101058;3450;1;11803141447;B
20241224;101058;3444;3;11803141448;S
20241224;101058;3444;9;11803141449;S
20241224;101058;3450;3;11803141452;B
20241224;101058;3450;1;11803141453;B
20241224;101058;3450;1;11803141454;B
20241224;101058;3450;1;11803141455;B
20241224;101058;3451;21;11803141456;B
20241224;101058;3451;23;11803141457;B
20241224;101058;3444;88;11803141458;S
20241224;101058;3436;1;11803141459;S
20241224;101058;3434;9;11803141460;S
20241224;101058;3433;32;11803141461;S
20241224;101058;3451;7;11803141464;B
20241224;101058;3451;13;11803141465;B
20241224;101058;3445;2;11803141466;B
20241224;101058;3451;9;11803141467;B
20241224;101058;3451;242;11803141468;B
20241224;101058;3452;1;11803141469;B
20241224;101058;3452;60;11803141470;B
20241224;101058;3452;100;11803141471;B
20241224;101058;3453;50;11803141472;B
20241224;101058;3457;36;11803141473;B
20241224;101058;3462;4;11803141474;B
20241224;101058;3452;1;11803141475;S
20241224;101058;3442;89;11803141476;S
20241224;101058;3436;1;11803141477;S
20241224;101058;3436;1;11803141479;S
20241224;101058;3436;2;11803141480;S
20241224;101058;3436;10;11803141482;S
20241224;101058;3436;1;11803141484;S
20241224;101058;3444;2;11803141485;B
20241224;101058;3436;1;11803141486;S
20241224;101058;3435;5;11803141495;S
20241224;101058;3444;1;11803141499;B
20241224;101058;3444;1;11803141504;B
20241224;101058;3444;1;11803141506;B
20241224;101058;3435;15;11803141507;S
20241224;101058;3435;10;11803141508;S
20241224;101058;3435;20;11803141509;S
20241224;101058;3444;1;11803141511;B
20241224;101058;3448;4;11803141512;B
20241224;101058;3447;20;11803141513;B
20241224;101058;3446;1;11803141515;B
20241224;101058;3435;12;11803141517;S
20241224;101058;3434;27;11803141518;S
20241224;101058;3434;1;11803141525;S
20241224;101058;3433;49;11803141526;S
20241224;101058;3445;1;11803141533;B
20241224;101058;3440;2;11803141536;S
20241224;101058;3433;2;11803141537;S
20241224;101058;3433;25;11803141541;S
20241224;101058;3449;4;11803141544;B
20241224;101058;3443;2;11803141550;S
20241224;101058;3443;2;11803141559;S
20241224;101058;3443;12;11803141564;S
20241224;101058;3443;50;11803141566;S
20241224;101058;3443;3;11803141581;S
20241224;101058;3443;31;11803141585;S
20241224;101058;3443;9;11803141586;S
20241224;101058;3450;1;11803141613;B
20241224;101058;3450;24;11803141614;B
20241224;101058;3443;19;11803141620;S
20241224;101058;3437;28;11803141621;S
20241224;101058;3436;53;11803141622;S
20241224;101058;3436;1;11803141627;S
20241224;101058;3444;1;11803141642;B
20241224;101058;3451;3;11803141657;B
20241224;101058;3448;13;11803141658;S
20241224;101058;3448;1;11803141663;S
20241224;101058;3450;1;11803141665;B
20241224;101058;3451;1;11803141668;B
20241224;101058;3448;86;11803141671;S
20241224;101058;3445;1;11803141672;S
20241224;101058;3436;15;11803141673;S
20241224;101058;3435;70;11803141674;S
20241224;101058;3435;60;11803141675;S
20241224;101058;3435;158;11803141676;S
20241224;101058;3436;3;11803141682;S
20241224;101058;3437;3;11803141692;S
20241224;101058;3437;1;11803141696;S
20241224;101058;3437;5;11803141699;S
20241224;101058;3437;16;11803141701;S
20241224;101058;3434;2;11803141702;S
20241224;101058;3434;22;11803141703;S
20241224;101058;3434;33;11803141704;S
20241224;101058;3433;27;11803141705;S
20241224;101058;3433;10;11803141708;S
20241224;101058;3433;2;11803141709;S
20241224;101058;3433;11;11803141711;S
20241224;101058;3432;4;11803141712;S
20241224;101058;3444;10;11803141716;B
20241224;101059;3447;1;11803141721;B
20241224;101059;3438;50;11803141725;S
20241224;101059;3446;30;11803141726;B
20241224;101059;3447;70;11803141727;B
20241224;101059;3438;2;11803141733;S
20241224;101059;3438;7;11803141739;S
20241224;101059;3442;1;11803141756;B
20241224;101059;3438;11;11803141759;S
20241224;101059;3438;4;11803141760;S
20241224;101059;3437;10;11803141761;S
20241224;101059;3431;3;11803141762;S
20241224;101059;3441;1;11803141766;B
20241224;101059;3441;3;11803141776;B
20241224;101059;3441;5;11803141780;B
20241224;101059;3437;6;11803141782;S
20241224;101059;3437;10;11803141783;S
20241224;101059;3437;1;11803141784;S
20241224;101059;3437;2;11803141786;S
20241224;101059;3437;5;11803141787;S
20241224;101059;3441;21;11803141788;B
20241224;101059;3441;4;11803141789;B
20241224;101059;3437;3;11803141790;S
20241224;101059;3437;2;11803141791;S
20241224;101059;3437;31;11803141793;S
20241224;101059;3437;5;11803141800;S
20241224;101059;3441;1;11803141803;B
20241224;101059;3441;24;11803141847;B
20241224;101059;3441;30;11803141848;B
20241224;101059;3442;46;11803141849;B
20241224;101059;3442;100;11803141857;B
20241224;101059;3442;2;11803141866;B
20241224;101059;3440;17;11803141878;S
20241224;101059;3442;10;11803141884;B
20241224;101059;3442;247;11803141908;B
20241224;101059;3442;5;11803141927;B
20241224;101059;3442;178;11803141946;B
20241224;101059;3445;1;11803141947;B
20241224;101059;3448;21;11803141948;B
20241224;101059;3448;39;11803141957;B
20241224;101059;3451;11;11803141958;B
20241224;101059;3454;1;11803141968;B
20241224;101059;3459;2;11803142005;B
20241224;101059;3457;5;11803142034;S
20241224;101059;3454;1;11803142035;S
20241224;101059;3452;5;11803142036;S
20241224;101059;3459;20;11803142058;B
20241224;101100;3459;5;11803142121;B
20241224;101100;3459;2;11803142124;B
20241224;101100;3459;20;11803142126;B
20241224;101100;3459;2;11803142139;B
20241224;101100;3459;50;11803142170;B
20241224;101100;3459;2;11803142171;B
20241224;101100;3459;32;11803142172;B
20241224;101100;3460;1;11803142182;B
20241224;101100;3460;49;11803142193;B
20241224;101100;3462;79;11803142197;S
20241224;101100;3463;32;11803142233;B
20241224;101100;3463;50;11803142236;B
20241224;101100;3463;1;11803142238;B
20241224;101100;3463;10;11803142319;B
20241224;101101;3463;10;11803142411;B
20241224;101101;3463;20;11803142416;B
20241224;101101;3463;10;11803142422;B
20241224;101101;3463;9;11803142518;B
20241224;101101;3463;2;11803142580;B
20241224;101101;3463;2;11803142581;B
20241224;101101;3463;3;11803142582;B
20241224;101101;3463;1;11803142584;B
20241224;101101;3463;2;11803142602;B
20241224;101101;3464;25;11803142612;B
20241224;101102;3463;6;11803142621;S
20241224;101102;3462;1;11803142622;S
20241224;101102;3462;12;11803142623;S
20241224;101102;3463;6;11803142627;S
20241224;101102;3463;40;11803142645;B
20241224;101102;3463;14;11803142662;B
20241224;101102;3462;12;11803142670;S
20241224;101102;3462;6;11803142671;S
20241224;101102;3461;6;11803142672;S
20241224;101102;3461;2;11803142678;B
20241224;101102;3460;6;11803142692;S
20241224;101102;3460;1;11803142830;B
20241224;101102;3460;1;11803142831;B
20241224;101102;3460;17;11803142872;B
20241224;101102;3461;22;11803142873;B
20241224;101102;3461;10;11803142874;B
20241224;101102;3463;15;11803142875;B
20241224;101102;3464;1;11803142876;B
20241224;101102;3465;4;11803142877;B
20241224;101102;3466;4;11803142878;B
20241224;101102;3466;29;11803142879;B
20241224;101102;3467;48;11803142880;B
20241224;101102;3460;6;11803142885;S
20241224;101102;3460;30;11803142886;S
20241224;101103;3460;2;11803142937;B
20241224;101103;3459;3;11803142980;S
20241224;101103;3459;5;11803143084;B
20241224;101103;3459;24;11803143130;B
20241224;101103;3460;4;11803143131;B
20241224;101104;3456;1;11803143282;S
20241224;101105;3458;5;11803143368;B
20241224;101105;3459;29;11803143369;B
20241224;101105;3459;30;11803143370;B
20241224;101105;3460;58;11803143371;B
20241224;101105;3460;12;11803143372;B
20241224;101105;3459;8;11803143394;B
20241224;101105;3460;8;11803143529;B
20241224;101106;3458;8;11803143588;S
20241224;101106;3457;10;11803143589;S
20241224;101106;3457;1;11803143590;S
20241224;101106;3456;2;11803143591;S
20241224;101106;3456;6;11803143592;S
20241224;101106;3455;6;11803143593;S
20241224;101106;3455;27;11803143594;S
20241224;101108;3455;9;11803143984;S
20241224;101108;3455;1;11803143985;S
20241224;101108;3458;1;11803144103;B
20241224;101108;3458;5;11803144144;B
20241224;101108;3458;11;11803144153;B
20241224;101109;3455;5;11803144286;S
20241224;101109;3454;1;11803144287;S
20241224;101109;3454;6;11803144288;S
20241224;101109;3454;22;11803144289;S
20241224;101109;3454;6;11803144290;S
20241224;101109;3453;6;11803144291;S
20241224;101109;3453;4;11803144292;S
20241224;101109;3452;6;11803144293;S
20241224;101109;3452;28;11803144294;S
20241224;101109;3455;5;11803144458;S
20241224;101109;3457;1;11803144472;B
20241224;101111;3456;1;11803144999;B
20241224;101111;3456;1;11803145024;B
20241224;101111;3456;28;11803145030;B
20241224;101112;3457;1;11803145296;B
20241224;101112;3457;1;11803145345;B
20241224;101112;3453;1;11803145494;S
20241224;101112;3453;1;11803145495;S
20241224;101112;3452;2;11803145496;S
20241224;101112;3452;3;11803145497;S
20241224;101112;3452;6;11803145498;S
20241224;101112;3452;1;11803145499;S
20241224;101112;3451;2;11803145500;S
20241224;101113;3457;1;11803145591;B
20241224;101113;3457;2;11803145985;B
20241224;101113;3457;10;11803145986;B
20241224;101113;3458;7;11803145987;B
20241224;101113;3458;6;11803145988;B
20241224;101113;3458;30;11803145989;B
20241224;101113;3458;5;11803145990;B
20241224;101113;3458;2;11803145991;B
20241224;101113;3459;6;11803145992;B
20241224;101113;3459;2;11803145993;B
20241224;101113;3460;6;11803145994;B
20241224;101113;3460;1;11803145995;B
20241224;101113;3460;29;11803145996;B
20241224;101113;3460;30;11803145997;B
20241224;101113;3460;108;11803145998;S
20241224;101113;3461;1;11803146109;B
20241224;101114;3460;50;11803146112;S
20241224;101114;3460;25;11803146125;S
20241224;101114;3461;1;11803146512;B
20241224;101115;3461;1;11803146798;B
20241224;101116;3461;6;11803146993;B
20241224;101116;3461;1;11803147082;B
20241224;101118;3461;1;11803147455;B
20241224;101118;3460;200;11803147458;S
20241224;101119;3461;1;11803147601;B
20241224;101119;3461;1;11803147611;B
20241224;101119;3460;1;11803147668;S
20241224;101120;3461;28;11803147747;B
20241224;101120;3461;72;11803147748;B
20241224;101120;3461;28;11803147802;B
20241224;101120;3461;20;11803147803;B
20241224;101120;3462;25;11803147804;B
20241224;101120;3463;50;11803147805;B
20241224;101120;3463;29;11803147806;B
20241224;101120;3464;150;11803147807;B
20241224;101120;3465;6;11803147808;B
20241224;101120;3465;15;11803147809;B
20241224;101120;3465;224;11803147810;B
20241224;101120;3466;100;11803147811;B
20241224;101120;3466;6;11803147812;B
20241224;101120;3466;100;11803147813;B
20241224;101120;3467;37;11803147814;B
20241224;101120;3467;6;11803147815;B
20241224;101120;3468;168;11803147816;B
20241224;101120;3468;36;11803147817;B
20241224;101121;3462;3;11803147986;S
20241224;101121;3462;3;11803147988;S
20241224;101121;3462;30;11803147989;S
20241224;101121;3461;16;11803147990;S
20241224;101121;3462;6;11803148071;S
20241224;101121;3462;4;11803148072;S
20241224;101122;3465;1;11803149067;B
20241224;101122;3463;6;11803149068;S
20241224;101122;3463;6;11803149070;S
20241224;101122;3463;6;11803149071;S
20241224;101122;3463;6;11803149074;S
20241224;101122;3464;1;11803149340;B
20241224;101123;3464;1;11803150501;B
20241224;101124;3462;1;11803150705;S
20241224;101124;3462;1;11803150706;S
20241224;101124;3462;5;11803150715;S
20241224;101124;3462;2;11803150716;S
20241224;101124;3461;7;11803150999;S
20241224;101124;3464;20;11803151071;B
20241224;101124;3462;6;11803151072;S
20241224;101124;3462;6;11803151073;S
20241224;101124;3462;6;11803151074;S
20241224;101125;3464;1;11803151178;B
20241224;101125;3464;23;11803151179;B
20241224;101125;3464;29;11803151180;B
20241224;101125;3465;49;11803151181;B
20241224;101125;3466;30;11803151182;B
20241224;101125;3466;50;11803151183;B
20241224;101125;3466;18;11803151184;B
20241224;101125;3462;6;11803151335;S
20241224;101125;3461;6;11803151665;S
20241224;101125;3461;4;11803151666;S
20241224;101126;3462;1;11803151846;B
20241224;101126;3462;1;11803151939;B
20241224;101126;3462;1;11803152336;B
20241224;101127;3463;3;11803152504;B
20241224;101127;3461;6;11803152575;S
20241224;101127;3461;3;11803152576;S
20241224;101127;3463;1;11803153198;B
20241224;101128;3461;3;11803153219;S
20241224;101128;3462;1;11803153848;B
20241224;101129;3461;5;11803154049;S
20241224;101129;3462;1;11803154349;B
20241224;101129;3461;4;11803154351;S
20241224;101130;3463;1;11803154741;B
20241224;101130;3461;3;11803154863;S
20241224;101130;3463;1;11803154957;B
20241224;101131;3461;1;11803155023;S
20241224;101131;3461;14;11803155181;S
20241224;101131;3461;2;11803155182;S
20241224;101131;3461;5;11803155294;B
20241224;101133;3460;100;11803155727;S
20241224;101133;3460;38;11803155732;S
20241224;101133;3461;1;11803155763;B
20241224;101134;3461;50;11803155836;B
20241224;101135;3461;1;11803156073;B
20241224;101135;3460;2;11803156156;S
20241224;101136;3461;27;11803156362;B
20241224;101136;3461;1;11803156363;B
20241224;101136;3461;20;11803156364;B
20241224;101136;3462;30;11803156365;B
20241224;101136;3462;22;11803156366;B
20241224;101136;3460;5;11803156367;S
20241224;101136;3461;1;11803156593;B
20241224;101136;3460;2;11803156594;S
20241224;101136;3461;1;11803156611;S
20241224;101136;3460;1;11803156612;S
20241224;101136;3460;29;11803156643;S
20241224;101137;3462;1;11803156885;B
20241224;101137;3462;10;11803156959;B
20241224;101137;3462;4;11803156960;B
20241224;101137;3460;1;11803157094;S
20241224;101138;3460;1;11803157211;S
20241224;101138;3462;1;11803157224;B
20241224;101138;3462;3;11803157372;B
20241224;101138;3460;2;11803157486;S
20241224;101139;3462;1;11803157575;B
20241224;101139;3462;1;11803157897;B
20241224;101140;3460;3;11803157988;S
20241224;101141;3460;20;11803158232;S
20241224;101141;3460;44;11803158265;S
20241224;101141;3461;40;11803158267;B
20241224;101141;3462;7;11803158268;B
20241224;101141;3462;10;11803158269;B
20241224;101141;3463;28;11803158270;B
20241224;101141;3463;6;11803158271;B
20241224;101141;3464;6;11803158272;B
20241224;101141;3464;3;11803158273;B
20241224;101141;3461;1;11803158345;S
20241224;101142;3461;3;11803158609;S
20241224;101143;3461;3;11803158742;S
20241224;101143;3461;30;11803158743;S
20241224;101143;3461;17;11803158744;S
20241224;101143;3463;12;11803158887;S
20241224;101144;3464;1;11803159152;B
20241224;101146;3462;1;11803159444;S
20241224;101147;3464;10;11803159794;B
20241224;101148;3464;2;11803160141;B
20241224;101148;3464;5;11803160221;B
20241224;101149;3462;1;11803160682;S
20241224;101149;3462;1;11803160849;S
20241224;101151;3464;10;11803161054;B
20241224;101151;3464;1;11803161204;B
20241224;101151;3464;28;11803161251;B
20241224;101151;3464;6;11803161252;B
20241224;101151;3464;8;11803161253;B
20241224;101152;3464;2;11803161590;B
20241224;101153;3464;2;11803161692;B
20241224;101154;3463;30;11803162090;S
20241224;101154;3462;48;11803162091;S
20241224;101154;3461;16;11803162092;S
20241224;101154;3461;6;11803162093;S
20241224;101154;3461;10;11803162094;S
20241224;101154;3460;232;11803162095;S
20241224;101154;3460;1;11803162096;S
20241224;101154;3460;1;11803162097;S
20241224;101154;3460;1;11803162098;S
20241224;101154;3460;6;11803162099;S
20241224;101154;3460;95;11803162100;S
20241224;101154;3463;6;11803162275;B
20241224;101154;3464;25;11803162276;B
20241224;101154;3464;6;11803162277;B
20241224;101154;3464;13;11803162278;B
20241224;101155;3462;5;11803162474;B
20241224;101156;3461;13;11803162870;S
20241224;101157;3461;29;11803163050;B
20241224;101158;3463;4;11803163341;B
20241224;101158;3464;6;11803163342;B
20241224;101158;3464;4;11803163343;B
20241224;101158;3464;30;11803163344;B
20241224;101158;3464;6;11803163345;B
20241224;101158;3463;1;11803163525;S
20241224;101159;3463;20;11803163592;S
20241224;101200;3462;50;11803164356;S
20241224;101200;3463;10;11803164506;B
20241224;101201;3464;30;11803164914;B
20241224;101202;3463;5;11803165113;S
20241224;101204;3464;5;11803165737;B
20241224;101204;3463;25;11803165829;S
20241224;101204;3462;100;11803165830;S
20241224;101204;3461;6;11803165831;S
20241224;101204;3461;1;11803165832;S
20241224;101204;3460;32;11803165833;S
20241224;101205;3460;6;11803166109;S
20241224;101205;3462;1;11803166126;B
20241224;101205;3462;1;11803166127;B
20241224;101205;3463;16;11803166128;B
20241224;101206;3463;8;11803166372;B
20241224;101206;3463;1;11803166418;B
20241224;101206;3463;1;11803166573;B
20241224;101206;3463;2;11803166604;B
20241224;101206;3463;109;11803166732;B
20241224;101206;3464;23;11803166733;B
20241224;101206;3464;49;11803166734;B
20241224;101206;3464;6;11803166735;B
20241224;101206;3464;328;11803166736;B
20241224;101206;3465;6;11803166737;B
20241224;101206;3465;1;11803166738;B
20241224;101206;3465;150;11803166739;B
20241224;101206;3466;6;11803166740;B
20241224;101206;3467;6;11803166741;B
20241224;101206;3467;10;11803166742;B
20241224;101206;3467;11;11803166743;B
20241224;101206;3468;6;11803166744;B
20241224;101206;3468;1;11803166745;B
20241224;101206;3468;30;11803166746;B
20241224;101206;3468;29;11803166747;B
20241224;101206;3469;5;11803166748;B
20241224;101206;3469;80;11803166749;B
20241224;101206;3469;65;11803166750;B
20241224;101206;3469;20;11803166751;B
20241224;101206;3469;6;11803166752;B
20241224;101206;3469;3;11803166753;B
20241224;101206;3469;40;11803166754;B
20241224;101206;3469;10;11803166755;B
20241224;101206;3470;3;11803166756;B
20241224;101206;3470;1;11803166757;B
20241224;101206;3470;1;11803166758;B
20241224;101206;3470;19;11803166759;B
20241224;101206;3470;169;11803166760;B
20241224;101206;3470;169;11803166761;B
20241224;101206;3470;2;11803166762;B
20241224;101206;3470;6;11803166763;B
20241224;101206;3470;1;11803166764;B
20241224;101206;3471;1;11803166765;B
20241224;101206;3471;120;11803166766;B
20241224;101206;3471;6;11803166767;B
20241224;101206;3471;400;11803166768;B
20241224;101206;3472;1;11803166769;B
20241224;101206;3472;15;11803166770;B
20241224;101206;3472;6;11803166771;B
20241224;101206;3473;90;11803166772;B
20241224;101206;3473;13;11803166773;B
20241224;101206;3473;15;11803166774;B
20241224;101206;3473;6;11803166775;B
20241224;101206;3474;130;11803166776;B
20241224;101206;3474;1;11803166777;B
20241224;101206;3475;150;11803166778;B
20241224;101206;3476;410;11803166779;B
20241224;101206;3477;64;11803166780;B
20241224;101206;3478;10;11803166781;B
20241224;101206;3478;62;11803166782;B
20241224;101206;3480;3;11803166783;B
20241224;101206;3480;10;11803166784;B
20241224;101206;3480;86;11803166785;B
20241224;101206;3480;2;11803166786;B
20241224;101206;3480;1;11803166787;B
20241224;101206;3480;1;11803166788;B
20241224;101206;3480;5;11803166789;B
20241224;101206;3481;2;11803166790;B
20241224;101206;3481;80;11803166791;B
20241224;101206;3481;80;11803166792;B
20241224;101206;3482;5;11803166793;B
20241224;101206;3482;3;11803166794;B
20241224;101206;3482;40;11803166795;B
20241224;101206;3483;1;11803166796;B
20241224;101206;3484;5;11803166797;B
20241224;101206;3484;6;11803166798;B
20241224;101206;3484;50;11803166799;B
20241224;101206;3485;10;11803166800;B
20241224;101206;3485;52;11803166801;B
20241224;101206;3486;1;11803166802;B
20241224;101206;3487;2;11803166803;B
20241224;101206;3488;250;11803166804;B
20241224;101206;3489;22;11803166805;B
20241224;101206;3489;75;11803166806;B
20241224;101206;3489;1;11803166807;B
20241224;101206;3490;4;11803166808;B
20241224;101206;3490;30;11803166809;B
20241224;101206;3490;143;11803166810;B
20241224;101206;3490;1;11803166811;B
20241224;101206;3490;10;11803166812;B
20241224;101206;3490;30;11803166813;B
20241224;101206;3490;1;11803166814;B
20241224;101206;3490;1;11803166815;B
20241224;101206;3491;3;11803166816;B
20241224;101206;3491;1;11803166817;B
20241224;101206;3492;2;11803166818;B
20241224;101206;3493;6;11803166819;B
20241224;101206;3493;33;11803166820;B
20241224;101206;3493;2;11803166821;B
20241224;101206;3495;1;11803166822;B
20241224;101206;3495;242;11803166823;B
20241224;101206;3495;1;11803166824;B
20241224;101206;3496;140;11803166825;B
20241224;101206;3496;400;11803166826;B
20241224;101206;3497;2;11803166827;B
20241224;101206;3497;5;11803166828;B
20241224;101206;3499;1;11803166829;B
20241224;101206;3500;1;11803166830;B
20241224;101206;3500;1;11803166831;B
20241224;101206;3500;1;11803166832;B
20241224;101206;3501;2;11803166833;B
20241224;101206;3501;3;11803166834;B
20241224;101206;3503;2;11803166835;B
20241224;101206;3505;3;11803166836;B
20241224;101206;3506;1;11803166837;B
20241224;101206;3506;50;11803166838;B
20241224;101206;3509;50;11803166839;B
20241224;101206;3510;1;11803166840;B
20241224;101206;3513;5;11803166841;B
20241224;101206;3513;1;11803166842;B
20241224;101206;3514;19;11803166843;B
20241224;101206;3514;2;11803166844;B
20241224;101206;3515;67;11803166845;B
20241224;101206;3516;40;11803166846;B
20241224;101206;3517;3;11803166847;B
20241224;101206;3517;25;11803166848;B
20241224;101206;3494;1;11803166854;S
20241224;101207;3501;1;11803166881;S
20241224;101207;3499;6;11803166882;S
20241224;101207;3498;6;11803166883;S
20241224;101207;3497;6;11803166884;S
20241224;101207;3496;6;11803166885;S
20241224;101207;3495;6;11803166886;S
20241224;101207;3495;21;11803166887;S
20241224;101207;3493;3;11803166979;S
20241224;101207;3493;1;11803167026;S
20241224;101207;3492;6;11803167066;S
20241224;101207;3492;60;11803167067;S
20241224;101207;3492;14;11803167068;S
20241224;101207;3491;6;11803167069;S
20241224;101207;3490;6;11803167070;S
20241224;101207;3490;1;11803167071;S
20241224;101207;3490;7;11803167072;S
20241224;101207;3494;1;11803167074;B
20241224;101207;3494;1;11803167115;B
20241224;101208;3492;5;11803167192;S
20241224;101208;3492;1;11803167305;S
20241224;101208;3491;4;11803167306;S
20241224;101208;3492;5;11803167308;B
20241224;101208;3492;10;11803167309;S
20241224;101208;3493;40;11803167332;B
20241224;101208;3492;40;11803167373;S
20241224;101208;3492;40;11803167408;S
20241224;101209;3492;13;11803167499;S
20241224;101209;3492;50;11803167581;S
20241224;101209;3492;70;11803167593;S
20241224;101209;3492;70;11803167595;S
20241224;101209;3492;70;11803167596;S
20241224;101209;3492;32;11803167597;S
20241224;101209;3492;6;11803167598;S
20241224;101210;3484;15;11803167836;S
20241224;101210;3484;1;11803167895;S
20241224;101210;3482;5;11803167896;S
20241224;101211;3482;10;11803167954;S
20241224;101211;3482;4;11803168017;S
20241224;101211;3482;6;11803168018;S
20241224;101211;3481;25;11803168019;S
20241224;101211;3481;6;11803168020;S
20241224;101211;3480;6;11803168021;S
20241224;101211;3480;40;11803168022;S
20241224;101211;3479;6;11803168023;S
20241224;101211;3479;7;11803168024;S
20241224;101211;3479;1;11803168122;S
20241224;101212;3478;31;11803168410;S
20241224;101212;3476;19;11803168411;S
20241224;101213;3476;5;11803168537;S
20241224;101213;3476;16;11803168558;S
20241224;101213;3480;2;11803168603;B
20241224;101213;3480;2;11803168653;B
20241224;101214;3480;6;11803168936;B
20241224;101214;3481;4;11803168937;B
20241224;101217;3481;1;11803169966;B
20241224;101217;3481;5;11803170059;B
20241224;101217;3481;30;11803170060;B
20241224;101217;3481;15;11803170061;B
20241224;101218;3481;3;11803170262;B
20241224;101219;3481;2;11803170666;B
20241224;101219;3481;1;11803170786;B
20241224;101219;3481;1;11803170787;B
20241224;101220;3480;6;11803171151;B
20241224;101220;3481;28;11803171152;B
20241224;101220;3481;28;11803171153;B
20241224;101220;3481;1;11803171154;B
20241224;101220;3481;6;11803171155;B
20241224;101220;3482;6;11803171156;B
20241224;101220;3482;14;11803171157;B
20241224;101220;3482;11;11803171158;B
20241224;101220;3481;1;11803171385;B
20241224;101221;3478;2;11803171792;S
20241224;101223;3477;2;11803172225;S
20241224;101223;3477;1;11803172226;S
20241224;101225;3480;5;11803172901;B
20241224;101225;3481;6;11803172942;B
20241224;101227;3480;6;11803173715;S
20241224;101227;3479;1;11803173716;S
20241224;101227;3479;3;11803173717;S
20241224;101227;3481;8;11803173725;B
20241224;101228;3483;1;11803173990;B
20241224;101228;3482;2;11803174035;S
20241224;101228;3481;8;11803174299;B
20241224;101229;3481;6;11803174379;S
20241224;101232;3481;3;11803176132;S
20241224;101232;3481;3;11803176399;S
20241224;101232;3480;6;11803176400;S
20241224;101232;3480;15;11803176401;S
20241224;101232;3480;3;11803176402;S
20241224;101232;3479;3;11803176403;S
20241224;101232;3479;30;11803176404;S
20241224;101232;3479;1;11803176405;S
20241224;101232;3478;139;11803176406;S
20241224;101232;3479;3;11803176407;S
20241224;101233;3482;6;11803176659;B
20241224;101233;3482;2;11803176660;B
20241224;101233;3483;6;11803176661;B
20241224;101233;3483;29;11803176662;B
20241224;101233;3483;30;11803176663;B
20241224;101233;3484;6;11803176664;B
20241224;101233;3484;12;11803176665;B
20241224;101233;3484;45;11803176666;B
20241224;101235;3483;29;11803176997;B
20241224;101235;3484;6;11803176998;B
20241224;101235;3484;30;11803176999;B
20241224;101235;3485;6;11803177000;B
20241224;101235;3485;29;11803177001;B
20241224;101236;3481;6;11803177354;S
20241224;101236;3479;2;11803177736;S
20241224;101237;3481;5;11803178129;B
20241224;101238;3484;1;11803178546;B
20241224;101238;3484;5;11803178613;B
20241224;101238;3485;6;11803178614;B
20241224;101238;3485;5;11803178615;B
20241224;101239;3479;4;11803179036;S
20241224;101239;3479;7;11803179037;S
20241224;101239;3480;6;11803179258;S
20241224;101239;3480;29;11803179259;S
20241224;101239;3480;1;11803179260;S
20241224;101239;3479;23;11803179261;S
20241224;101239;3479;2;11803179262;S
20241224;101239;3479;4;11803179263;S
20241224;101239;3479;6;11803179264;S
20241224;101239;3478;29;11803179265;S
20241224;101240;3479;3;11803179345;S
20241224;101241;3483;6;11803179676;B
20241224;101241;3484;30;11803179677;B
20241224;101241;3484;6;11803179678;B
20241224;101241;3485;24;11803179679;B
20241224;101241;3485;28;11803179680;B
20241224;101241;3485;6;11803179681;B
20241224;101242;3480;1;11803180238;B
20241224;101243;3480;1;11803180405;B
20241224;101243;3479;3;11803180470;S
20241224;101243;3478;7;11803180471;S
20241224;101244;3480;14;11803180665;B
20241224;101245;3480;1;11803180832;B
20241224;101247;3479;1;11803181797;S
20241224;101247;3478;7;11803181798;S
20241224;101249;3480;1;11803182085;B
20241224;101251;3480;1;11803182574;B
20241224;101252;3480;50;11803183065;B
20241224;101253;3480;1;11803183452;B
20241224;101253;3479;10;11803183524;S
20241224;101253;3479;6;11803183525;S
20241224;101254;3479;1;11803183806;B
20241224;101254;3478;1;11803183919;S
20241224;101255;3479;1;11803184167;B
20241224;101256;3479;6;11803184441;B
20241224;101256;3480;4;11803184442;B
20241224;101256;3480;1;11803184529;B
20241224;101257;3480;1;11803184805;B
20241224;101258;3480;1;11803185092;B
20241224;101258;3480;1;11803185295;B
20241224;101258;3480;15;11803185386;B
20241224;101259;3480;1;11803185784;B
20241224;101300;3479;1;11803186139;S
20241224;101300;3480;1;11803186199;B
20241224;101301;3480;5;11803186384;B
20241224;101301;3480;5;11803186385;B
20241224;101301;3481;1;11803186534;B
20241224;101301;3480;1;11803186579;S
20241224;101301;3480;1;11803186594;S
20241224;101302;3480;23;11803186873;S
20241224;101302;3480;6;11803186874;S
20241224;101302;3479;5;11803186875;S
20241224;101302;3479;22;11803186876;S
20241224;101302;3481;1;11803186902;B
20241224;101302;3480;5;11803187116;S
20241224;101303;3481;1;11803187216;B
20241224;101304;3484;1;11803187621;B
20241224;101304;3480;1;11803187765;S
20241224;101304;3479;6;11803187766;S
20241224;101304;3479;8;11803187767;S
20241224;101305;3484;1;11803187945;B
20241224;101305;3484;1;11803188350;B
20241224;101309;3484;1;11803189623;B
20241224;101310;3484;3;11803189901;B
20241224;101310;3485;1;11803189902;B
20241224;101310;3481;14;11803189929;S
20241224;101310;3481;16;11803189930;S
20241224;101311;3481;1;11803190252;S
20241224;101313;3481;5;11803190670;S
20241224;101313;3481;14;11803190671;S
20241224;101315;3481;27;11803190825;B
20241224;101317;3481;1;11803191462;B
20241224;101319;3481;15;11803191725;B
20241224;101320;3481;10;11803192049;B
20241224;101321;3481;1;11803192182;B
20241224;101321;3480;30;11803192208;S
20241224;101321;3480;20;11803192209;S
20241224;101323;3480;31;11803192697;S
20241224;101323;3480;4;11803192731;S
20241224;101324;3480;5;11803192817;S
20241224;101324;3479;1;11803192818;S
20241224;101324;3478;4;11803192819;S
20241224;101325;3479;1;11803192971;S
20241224;101325;3478;1;11803192972;S
20241224;101325;3480;20;11803193076;B
20241224;101325;3480;1;11803193111;B
20241224;101325;3478;1;11803193178;S
20241224;101326;3480;1;11803193490;B
20241224;101326;3480;8;11803193569;B
20241224;101326;3480;29;11803193570;B
20241224;101326;3481;31;11803193571;B
20241224;101327;3480;1;11803193793;B
20241224;101327;3480;1;11803193874;B
20241224;101327;3481;19;11803193875;B
20241224;101327;3479;1;11803194059;B
20241224;101328;3481;1;11803194161;B
20241224;101328;3481;2;11803194244;B
20241224;101328;3481;1;11803194381;B
20241224;101329;3481;1;11803194787;B
20241224;101329;3481;22;11803194806;B
20241224;101329;3481;3;11803194807;B
20241224;101329;3481;14;11803194808;B
20241224;101330;3485;1;11803195031;B
20241224;101333;3485;1;11803195798;B
20241224;101334;3485;1;11803196445;B
20241224;101335;3485;1;11803196874;B
20241224;101336;3485;1;11803197478;B
20241224;101337;3483;14;11803197884;S
20241224;101337;3483;6;11803197885;S
20241224;101337;3482;6;11803197886;S
20241224;101337;3482;23;11803197887;S
20241224;101337;3481;6;11803197888;S
20241224;101337;3481;1;11803197938;B
20241224;101338;3481;1;11803198203;B
20241224;101338;3480;1;11803198359;S
20241224;101338;3481;1;11803198463;B
20241224;101339;3481;1;11803198930;B
20241224;101340;3481;1;11803199271;B
20241224;101340;3480;4;11803199420;S
20241224;101340;3480;1;11803199421;S
20241224;101340;3481;1;11803199472;B
20241224;101341;3481;3;11803199891;B
20241224;101341;3481;1;11803199930;B
20241224;101341;3481;3;11803200107;B
20241224;101342;3481;2;11803200216;B
20241224;101342;3481;1;11803200418;B
20241224;101343;3481;7;11803200837;B
20241224;101343;3481;1;11803200994;B
20241224;101344;3481;1;11803201409;B
20241224;101344;3481;15;11803201412;B
20241224;101345;3481;18;11803201884;B
20241224;101345;3483;6;11803201885;B
20241224;101345;3485;1;11803201886;B
20241224;101345;3485;14;11803201887;B
20241224;101345;3485;6;11803201888;B
20241224;101345;3485;10;11803201889;B
20241224;101345;3486;25;11803201890;B
20241224;101345;3486;10;11803201891;B
20241224;101345;3486;6;11803201892;B
20241224;101345;3486;4;11803201893;B
20241224;101345;3483;6;11803201965;S
20241224;101345;3483;7;11803201966;S
20241224;101345;3482;3;11803201967;S
20241224;101346;3487;1;11803202009;B
20241224;101346;3484;6;11803202047;S
20241224;101346;3484;14;11803202048;S
20241224;101346;3483;4;11803202049;S
20241224;101346;3483;6;11803202050;S
20241224;101346;3483;5;11803202051;S
20241224;101346;3483;30;11803202052;S
20241224;101346;3482;6;11803202053;S
20241224;101346;3482;34;11803202054;S
20241224;101346;3481;6;11803202055;S
20241224;101346;3481;1;11803202056;S
20241224;101346;3481;29;11803202057;S
20241224;101346;3481;159;11803202066;B
20241224;101346;3486;1;11803202277;B
20241224;101346;3486;2;11803202313;B
20241224;101347;3486;1;11803202566;B
20241224;101348;3483;1;11803202828;S
20241224;101348;3482;6;11803202829;S
20241224;101348;3482;4;11803202830;S
20241224;101348;3481;6;11803202831;S
20241224;101348;3481;14;11803202832;S
20241224;101348;3481;4;11803202833;S
20241224;101348;3481;9;11803202834;S
20241224;101348;3481;3;11803202835;S
20241224;101348;3481;153;11803202836;S
20241224;101348;3485;1;11803202976;B
20241224;101349;3484;1;11803203243;B
20241224;101349;3484;7;11803203433;B
20241224;101349;3486;8;11803203434;B
20241224;101350;3485;1;11803203631;B
20241224;101351;3486;2;11803203974;B
20241224;101351;3486;6;11803203975;B
20241224;101351;3486;30;11803203976;B
20241224;101351;3487;15;11803203977;B
20241224;101351;3487;6;11803203978;B
20241224;101351;3488;6;11803203979;B
20241224;101351;3488;5;11803203980;B
20241224;101351;3487;1;11803204025;B
20241224;101351;3487;1;11803204273;B
20241224;101352;3487;1;11803204624;B
20241224;101353;3484;6;11803204793;S
20241224;101353;3483;4;11803204794;S
20241224;101353;3487;1;11803204873;B
20241224;101354;3486;1;11803205338;B
20241224;101355;3486;1;11803205726;B
20241224;101356;3486;1;11803206132;B
20241224;101356;3486;1;11803206534;B
20241224;101357;3485;2;11803206740;B
20241224;101357;3485;3;11803206777;B
20241224;101357;3487;5;11803206778;B
20241224;101357;3487;1;11803206958;B
20241224;101358;3487;1;11803207538;B
20241224;101359;3488;1;11803207857;B
20241224;101400;3488;1;11803208308;B
20241224;101401;3488;1;11803208706;B
20241224;101401;3488;5;11803208825;B
20241224;101401;3485;5;11803208854;S
20241224;101401;3488;6;11803208940;B
20241224;101401;3488;6;11803208967;B
20241224;101401;3488;5;11803208978;B
20241224;101403;3485;1;11803209367;S
20241224;101403;3484;2;11803209368;S
20241224;101403;3484;30;11803209369;S
20241224;101403;3484;6;11803209370;S
20241224;101403;3484;14;11803209371;S
20241224;101403;3484;3;11803209372;S
20241224;101403;3483;4;11803209373;S
20241224;101403;3483;6;11803209374;S
20241224;101403;3483;6;11803209375;S
20241224;101403;3486;3;11803209377;B
20241224;101403;3487;4;11803209378;B
20241224;101405;3486;2;11803209937;B
20241224;101407;3486;2;11803210452;B
20241224;101407;3487;1;11803210453;B
20241224;101408;3487;1;11803210491;B
20241224;101410;3487;8;11803211007;S
20241224;101410;3485;1;11803211008;S
20241224;101410;3485;1;11803211009;S
20241224;101410;3484;2;11803211010;S
20241224;101410;3483;28;11803211011;S
20241224;101411;3484;10;11803211271;B
20241224;101412;3483;2;11803211436;S
20241224;101413;3483;39;11803211679;S
20241224;101413;3482;99;11803211680;S
20241224;101413;3482;14;11803211681;S
20241224;101413;3482;4;11803211682;S
20241224;101414;3480;25;11803211723;S
20241224;101414;3480;1;11803211724;S
20241224;101414;3479;29;11803211725;S
20241224;101414;3480;1;11803211731;B
20241224;101414;3478;11;11803211757;S
20241224;101414;3478;1;11803211758;S
20241224;101414;3478;1;11803211759;S
20241224;101414;3478;1;11803211760;S
20241224;101414;3478;5;11803211761;S
20241224;101415;3477;1;11803212043;S
20241224;101415;3475;34;11803212044;S
20241224;101416;3475;23;11803212420;S
20241224;101416;3474;10;11803212443;S
20241224;101416;3473;1;11803212531;S
20241224;101416;3471;7;11803212532;S
20241224;101416;3471;23;11803212620;S
20241224;101417;3470;2;11803212838;S
20241224;101417;3470;2;11803212839;S
20241224;101417;3470;5;11803212840;S
20241224;101417;3470;1;11803212841;S
20241224;101417;3470;80;11803212842;S
20241224;101417;3470;80;11803212843;S
20241224;101417;3469;2;11803212844;S
20241224;101417;3469;1;11803212845;S
20241224;101417;3469;26;11803212846;S
20241224;101417;3468;1;11803212847;S
20241224;101418;3467;2;11803213160;S
20241224;101419;3467;20;11803213202;S
20241224;101420;3467;2;11803213526;S
20241224;101420;3467;2;11803213551;S
20241224;101421;3469;1;11803213664;B
20241224;101421;3469;1;11803213747;B
20241224;101421;3470;2;11803213748;B
20241224;101421;3467;30;11803213877;S
20241224;101422;3471;1;11803213965;B
20241224;101424;3467;2;11803214420;S
20241224;101424;3466;15;11803214421;S
20241224;101424;3466;6;11803214422;S
20241224;101424;3466;32;11803214423;S
20241224;101424;3466;23;11803214424;S
20241224;101424;3465;3;11803214425;S
20241224;101424;3465;6;11803214426;S
20241224;101424;3464;1;11803214427;S
20241224;101424;3464;25;11803214428;S
20241224;101424;3464;8;11803214429;S
20241224;101424;3464;3;11803214430;S
20241224;101425;3464;5;11803214548;S
20241224;101426;3467;2;11803214749;B
20241224;101426;3467;1;11803214821;B
20241224;101426;3467;5;11803214822;B
20241224;101426;3468;8;11803214823;B
20241224;101426;3468;6;11803214824;B
20241224;101426;3469;6;11803214825;B
20241224;101426;3470;6;11803214826;B
20241224;101426;3470;1;11803214827;B
20241224;101426;3470;17;11803214828;S
20241224;101429;3467;10;11803215488;B
20241224;101429;3468;39;11803215489;B
20241224;101429;3468;1;11803215490;B
20241224;101430;3465;1;11803215585;S
20241224;101430;3469;1;11803215607;B
20241224;101434;3469;1;11803217117;B
20241224;101435;3469;2;11803217258;B
20241224;101436;3467;1;11803217852;S
20241224;101439;3470;2;11803218507;B
20241224;101439;3467;4;11803218522;S
20241224;101439;3466;1;11803218523;S
20241224;101439;3466;5;11803218524;S
20241224;101439;3466;1;11803218702;S
20241224;101442;3465;5;11803219170;S
20241224;101442;3465;5;11803219171;S
20241224;101442;3465;4;11803219172;S
20241224;101442;3465;8;11803219173;S
20241224;101442;3465;1;11803219174;S
20241224;101442;3464;6;11803219175;S
20241224;101442;3464;1;11803219176;S
20241224;101442;3464;3;11803219177;S
20241224;101442;3464;45;11803219178;S
20241224;101442;3463;1;11803219179;S
20241224;101442;3463;30;11803219180;S
20241224;101442;3463;6;11803219181;S
20241224;101442;3463;1;11803219182;S
20241224;101442;3462;10;11803219183;S
20241224;101442;3462;2;11803219184;S
20241224;101442;3462;6;11803219185;S
20241224;101442;3462;4;11803219186;S
20241224;101442;3462;89;11803219187;S
20241224;101442;3461;1;11803219188;S
20241224;101442;3461;200;11803219189;S
20241224;101442;3461;1;11803219190;S
20241224;101442;3461;6;11803219191;S
20241224;101442;3460;167;11803219192;S
20241224;101442;3460;1;11803219193;S
20241224;101442;3460;5;11803219194;S
20241224;101442;3460;31;11803219195;S
20241224;101442;3460;5;11803219196;S
20241224;101442;3460;2;11803219197;S
20241224;101442;3460;30;11803219198;S
20241224;101442;3460;1;11803219199;S
20241224;101442;3460;5;11803219200;S
20241224;101442;3460;14;11803219201;S
20241224;101442;3460;59;11803219202;S
20241224;101442;3460;10;11803219203;S
20241224;101442;3460;6;11803219204;S
20241224;101442;3460;100;11803219205;S
20241224;101442;3459;2;11803219206;S
20241224;101442;3459;6;11803219207;S
20241224;101442;3458;6;11803219208;S
20241224;101442;3457;1;11803219209;S
20241224;101442;3457;6;11803219210;S
20241224;101442;3457;400;11803219211;S
20241224;101442;3456;2;11803219212;S
20241224;101442;3456;6;11803219213;S
20241224;101442;3455;1;11803219214;S
20241224;101442;3455;1;11803219215;S
20241224;101442;3453;1;11803219216;S
20241224;101442;3453;1;11803219217;S
20241224;101442;3453;10;11803219218;S
20241224;101442;3453;2;11803219219;S
20241224;101442;3453;1;11803219220;S
20241224;101442;3453;2;11803219221;S
20241224;101442;3453;409;11803219222;S
20241224;101442;3452;1;11803219223;S
20241224;101442;3452;100;11803219224;S
20241224;101442;3452;1;11803219225;S
20241224;101442;3451;9;11803219226;S
20241224;101442;3451;1;11803219227;S
20241224;101442;3451;50;11803219228;S
20241224;101442;3450;50;11803219229;S
20241224;101442;3450;59;11803219230;S
20241224;101442;3454;1;11803219343;B
20241224;101442;3455;2;11803219447;B
20241224;101442;3453;1;11803219458;S
20241224;101443;3453;9;11803219470;S
20241224;101443;3455;3;11803219515;B
20241224;101443;3455;6;11803219516;B
20241224;101443;3456;1;11803219517;B
20241224;101447;3456;1;11803220375;B
