<DATE>;<TIME>;<LAST>;<VOL>;<ID>;<OPER>
20240416;095936;230.11;10;10131410878;S
20240416;095936;230.11;50;10131410879;S
20240416;095936;230.11;200;10131410880;S
20240416;095936;230.11;10;10131410881;S
20240416;095936;230.11;10;10131410882;S
20240416;095936;230.11;80;10131410883;S
20240416;095936;230.11;80;10131410884;S
20240416;095936;230.11;10;10131410885;S
20240416;095936;230.11;330;10131410886;B
20240416;095936;230.11;10;10131410887;B
20240416;095936;230.11;100;10131410888;B
20240416;095936;230.11;10;10131410889;B
20240416;095936;230.11;30;10131410890;B
20240416;095936;230.11;10;10131410891;B
20240416;095936;230.11;10;10131410892;S
20240416;095936;230.11;10;10131410893;S
20240416;095936;230.11;10;10131410894;S
20240416;095936;230.11;10;10131410895;B
20240416;095936;230.11;50;10131410896;B
20240416;095936;230.11;20;10131410897;B
20240416;095936;230.11;10;10131410898;B
20240416;095936;230.11;10;10131410899;B
20240416;095936;230.11;10;10131410900;B
20240416;095936;230.11;10;10131410901;B
20240416;095936;230.11;20;10131410902;S
20240416;095936;230.11;10;10131410903;S
20240416;095936;230.11;10;10131410904;S
20240416;095936;230.11;10;10131410905;S
20240416;095936;230.11;80;10131410906;S
20240416;095936;230.11;10;10131410907;S
20240416;095936;230.11;30;10131410908;S
20240416;095936;230.11;100;10131410909;S
20240416;095936;230.11;10;10131410910;S
20240416;095936;230.11;20;10131410911;B
20240416;095936;230.11;10;10131410912;B
20240416;095936;230.11;50;10131410913;B
20240416;095936;230.11;100;10131410914;S
20240416;095936;230.11;20;10131410915;S
20240416;095936;230.11;20;10131410916;B
20240416;095936;230.11;50;10131410917;B
20240416;095936;230.11;10;10131410918;B
20240416;095936;230.11;20;10131410919;B
20240416;095936;230.11;10;10131410920;B
20240416;095936;230.11;20;10131410921;B
20240416;100000;230.08;50;10131418031;B
20240416;100000;230.05;60;10131418215;B
20240416;100001;230.07;10;10131418743;S
20240416;100002;230.04;50;10131420004;S
20240416;100002;230.04;10;10131420005;S
20240416;100002;230.04;150;10131420006;S
20240416;100002;230.02;480;10131420013;S
20240416;100002;230.01;1150;10131420016;S
20240416;100002;230.01;370;10131420017;S
20240416;100002;230;100;10131420020;S
20240416;100002;230;70;10131420021;S
20240416;100002;230;100;10131420022;S
20240416;100002;230;20;10131420023;S
20240416;100002;230;50;10131420024;S
20240416;100002;230;30;10131420025;S
20240416;100003;229.98;20;10131420027;S
20240416;100003;229.9;20;10131420473;B
20240416;100004;229.87;10;10131420715;B
20240416;100004;229.87;770;10131420725;B
20240416;100004;229.89;20;10131420849;B
20240416;100004;229.89;10;10131421234;B
20240416;100004;229.88;60;10131421278;S
20240416;100004;229.87;220;10131421279;S
20240416;100004;229.81;20;10131421280;S
20240416;100004;229.81;60;10131421281;S
20240416;100004;229.81;20;10131421282;S
20240416;100004;229.8;80;10131421283;S
20240416;100004;229.8;180;10131421284;S
20240416;100004;229.8;450;10131421285;S
20240416;100004;229.75;100;10131421286;S
20240416;100004;229.71;30;10131421287;S
20240416;100004;229.87;20;10131421288;B
20240416;100005;229.7;10;10131422132;S
20240416;100005;229.83;10;10131422133;B
20240416;100005;229.83;10;10131422382;B
20240416;100005;229.83;10;10131422390;B
20240416;100005;229.83;10;10131422392;B
20240416;100005;229.83;10;10131422574;B
20240416;100005;229.83;20;10131422577;B
20240416;100006;229.69;10;10131422860;S
20240416;100006;229.83;20;10131422981;B
20240416;100006;229.69;150;10131423047;S
20240416;100007;229.83;160;10131423476;B
20240416;100007;229.83;10;10131424418;B
20240416;100007;229.83;140;10131424617;B
20240416;100007;229.83;20;10131424750;B
20240416;100007;229.83;20;10131424777;B
20240416;100007;229.83;20;10131424778;B
20240416;100007;229.69;90;10131424814;S
20240416;100008;229.83;20;10131425135;B
20240416;100008;229.7;60;10131425990;S
20240416;100008;229.69;530;10131425991;S
20240416;100008;229.69;600;10131425992;S
20240416;100008;229.69;310;10131425993;S
20240416;100008;229.83;20;10131426002;B
20240416;100008;229.69;10;10131426091;S
20240416;100009;229.69;30;10131426937;S
20240416;100009;229.83;20;10131427048;B
20240416;100009;229.83;20;10131427066;B
20240416;100009;229.83;20;10131427071;B
20240416;100010;229.83;10;10131427520;B
20240416;100010;229.83;10;10131427570;B
20240416;100010;229.83;10;10131427597;B
20240416;100010;229.83;10;10131427601;B
20240416;100010;229.83;10;10131427609;B
20240416;100010;229.83;30;10131427647;B
20240416;100010;229.83;100;10131427799;B
20240416;100011;229.83;10;10131428069;B
20240416;100011;229.78;160;10131428149;S
20240416;100011;229.69;60;10131428191;S
20240416;100011;229.68;240;10131428192;S
20240416;100018;229.84;530;10131430543;S
20240416;100018;229.83;3740;10131430544;S
20240416;100018;229.75;60;10131430545;S
20240416;100018;229.67;870;10131430546;S
20240416;100018;229.66;20;10131430547;S
20240416;100018;229.66;10;10131430548;S
20240416;100018;229.66;80;10131430549;S
20240416;100018;229.66;2300;10131430550;S
20240416;100018;229.66;3030;10131430551;S
20240416;100018;229.84;530;10131430554;S
20240416;100018;229.7;10;10131430616;S
20240416;100019;229.72;20;10131430774;S
20240416;100023;229.86;10;10131431792;B
20240416;100026;229.73;20;10131432455;S
20240416;100027;229.78;30;10131432735;S
20240416;100027;229.86;20;10131432780;B
20240416;100029;229.79;300;10131433314;S
20240416;100029;229.79;50;10131433315;S
20240416;100029;229.82;100;10131433316;B
20240416;100029;229.82;100;10131433317;B
20240416;100029;229.82;100;10131433319;B
20240416;100030;229.82;10;10131433386;B
20240416;100031;229.76;10;10131433882;S
20240416;100032;229.82;10;10131433951;B
20240416;100032;229.76;10;10131434169;S
20240416;100033;229.76;10;10131434281;S
20240416;100034;229.82;90;10131434922;B
20240416;100035;229.77;40;10131435045;S
20240416;100035;229.73;60;10131435046;S
20240416;100035;229.71;10;10131435047;S
20240416;100035;229.75;110;10131435080;S
20240416;100036;229.82;10;10131435442;B
20240416;100037;229.82;30;10131435726;B
20240416;100042;229.76;10;10131437251;B
20240416;100043;229.76;20;10131437899;B
20240416;100043;229.77;60;10131437900;B
20240416;100043;229.77;20;10131437901;B
20240416;100047;229.69;20;10131439318;S
20240416;100047;229.67;10;10131439319;S
20240416;100047;229.67;20;10131439320;S
20240416;100047;229.67;10;10131439524;S
20240416;100049;229.68;530;10131439903;S
20240416;100049;229.67;340;10131439904;S
20240416;100049;229.65;500;10131439905;S
20240416;100049;229.65;100;10131439906;S
20240416;100049;229.65;10;10131439907;S
20240416;100049;229.64;60;10131439908;S
20240416;100049;229.6;40;10131439909;S
20240416;100049;229.6;10;10131439910;S
20240416;100049;229.57;10;10131439911;S
20240416;100049;229.57;630;10131439912;S
20240416;100050;229.63;10;10131440125;S
20240416;100055;229.7;60;10131441549;B
20240416;100055;229.7;60;10131441550;B
20240416;100055;229.71;10;10131441633;S
20240416;100059;229.71;10;10131442510;S
20240416;100101;229.78;10;10131443279;B
20240416;100101;229.78;170;10131443280;B
20240416;100101;229.78;10;10131443281;B
20240416;100101;229.78;10;10131443282;B
20240416;100112;229.82;10;10131445724;B
20240416;100114;229.84;10;10131446270;B
20240416;100117;229.88;10;10131446886;B
20240416;100117;229.89;60;10131446887;B
20240416;100117;229.92;50;10131446888;B
20240416;100117;229.93;60;10131446889;B
20240416;100117;230;60;10131446890;B
20240416;100117;230.03;360;10131446891;B
20240416;100119;229.89;40;10131447281;S
20240416;100123;229.84;530;10131448124;S
20240416;100123;229.83;50;10131448125;S
20240416;100123;229.83;60;10131448126;S
20240416;100123;229.82;10;10131448127;S
20240416;100125;230.01;60;10131448562;B
20240416;100125;230.01;40;10131448563;B
20240416;100132;229.81;40;10131449888;B
20240416;100132;229.82;50;10131449906;S
20240416;100133;229.82;300;10131450133;S
20240416;100134;229.81;10;10131450359;B
20240416;100136;229.81;10;10131450769;B
20240416;100136;229.81;20;10131450832;B
20240416;100136;229.94;10;10131450835;B
20240416;100149;229.89;10;10131453156;B
20240416;100155;229.92;10;10131454302;S
20240416;100155;229.89;40;10131454303;S
20240416;100155;229.88;60;10131454304;S
20240416;100155;229.87;490;10131454305;S
20240416;100200;229.9;10;10131455628;S
20240416;100210;229.93;200;10131458236;S
20240416;100214;229.92;40;10131458923;S
20240416;100214;229.91;870;10131458924;S
20240416;100214;229.9;20;10131458925;S
20240416;100214;229.9;60;10131458926;S
20240416;100214;229.9;1490;10131458927;S
20240416;100214;229.9;10;10131458993;B
20240416;100216;229.89;90;10131459635;S
20240416;100216;229.89;150;10131459636;S
20240416;100217;229.89;50;10131459921;S
20240416;100219;229.9;10;10131460421;B
20240416;100220;229.9;100;10131460873;B
20240416;100222;229.89;10;10131461067;S
20240416;100225;229.9;50;10131461670;B
20240416;100226;229.89;60;10131462367;S
20240416;100227;229.89;170;10131462427;S
20240416;100227;229.88;30;10131462428;S
20240416;100235;229.88;40;10131464152;S
20240416;100235;229.88;340;10131464153;S
20240416;100235;229.85;530;10131464154;S
20240416;100237;229.84;30;10131464429;S
20240416;100241;229.85;250;10131465263;B
20240416;100241;229.84;500;10131465264;S
20240416;100241;229.84;120;10131465443;S
20240416;100245;229.85;870;10131466037;B
20240416;100245;229.83;80;10131466074;S
20240416;100245;229.83;20;10131466075;S
20240416;100245;229.81;100;10131466102;S
20240416;100246;229.81;100;10131466149;S
20240416;100249;229.85;10;10131466849;B
20240416;100251;229.84;10;10131467179;S
20240416;100251;229.82;40;10131467180;S
20240416;100251;229.81;220;10131467181;S
20240416;100251;229.8;30;10131467182;S
20240416;100252;229.81;100;10131467479;S
20240416;100252;229.81;100;10131467503;S
20240416;100258;229.81;10;10131468386;S
20240416;100258;229.82;40;10131468396;S
20240416;100258;229.81;100;10131468408;S
20240416;100258;229.81;10;10131468490;S
20240416;100258;229.8;20;10131468491;S
20240416;100258;229.79;100;10131468492;S
20240416;100258;229.79;390;10131468493;S
20240416;100301;229.81;50;10131468982;B
20240416;100301;229.81;20;10131469078;B
20240416;100302;229.81;50;10131469393;B
20240416;100302;229.81;50;10131469394;B
20240416;100302;229.81;100;10131469397;B
20240416;100302;229.81;70;10131469402;B
20240416;100303;229.84;10;10131469592;B
20240416;100306;229.81;30;10131470142;S
20240416;100306;229.8;50;10131470143;S
20240416;100306;229.8;40;10131470144;S
20240416;100306;229.79;610;10131470145;S
20240416;100306;229.78;100;10131470146;S
20240416;100306;229.78;200;10131470147;S
20240416;100306;229.78;100;10131470148;S
20240416;100306;229.78;100;10131470149;S
20240416;100306;229.77;10;10131470150;S
20240416;100306;229.76;340;10131470151;S
20240416;100306;229.74;780;10131470152;S
20240416;100307;229.74;10;10131470266;B
20240416;100307;229.72;30;10131470389;S
20240416;100307;229.71;30;10131470390;S
20240416;100307;229.71;10;10131470391;S
20240416;100307;229.71;20;10131470392;S
20240416;100314;229.74;400;10131471623;B
20240416;100322;229.71;30;10131472881;S
20240416;100322;229.71;80;10131472882;S
20240416;100322;229.71;10;10131472883;S
20240416;100322;229.7;1500;10131472884;S
20240416;100322;229.7;40;10131472885;S
20240416;100324;229.7;20;10131473150;B
20240416;100330;229.72;100;10131474078;B
20240416;100332;229.75;20;10131474369;B
20240416;100336;229.72;160;10131474978;S
20240416;100336;229.7;30;10131474979;S
20240416;100336;229.69;530;10131474980;S
20240416;100336;229.68;10;10131474981;S
20240416;100336;229.68;270;10131474982;S
20240416;100340;229.75;30;10131475637;B
20240416;100340;229.76;40;10131475638;B
20240416;100341;229.69;30;10131475658;S
20240416;100341;229.67;470;10131475659;S
20240416;100348;229.72;10;10131476795;S
20240416;100349;229.72;380;10131476841;S
20240416;100349;229.72;30;10131476842;S
20240416;100349;229.71;300;10131476843;S
20240416;100349;229.7;190;10131476844;S
20240416;100356;229.77;30;10131478167;B
20240416;100356;229.78;20;10131478168;B
20240416;100357;229.78;20;10131478327;B
20240416;100358;229.71;50;10131478520;S
20240416;100358;229.71;30;10131478521;S
20240416;100358;229.7;10;10131478522;S
20240416;100358;229.78;10;10131478611;B
20240416;100358;229.71;90;10131478654;S
20240416;100358;229.71;90;10131478728;S
20240416;100359;229.71;90;10131478784;S
20240416;100359;229.71;20;10131478825;S
20240416;100400;229.7;10;10131479094;S
20240416;100402;229.71;30;10131479671;B
20240416;100402;229.71;30;10131479725;S
20240416;100402;229.77;30;10131479744;B
20240416;100402;229.77;90;10131479758;S
20240416;100402;229.77;90;10131479822;S
20240416;100403;229.78;40;10131479870;B
20240416;100403;229.77;90;10131479875;S
20240416;100405;229.78;10;10131480412;B
20240416;100405;229.79;10;10131480413;B
20240416;100415;229.77;3200;10131482625;S
20240416;100415;229.77;30;10131482626;S
20240416;100418;229.77;10;10131483168;B
20240416;100418;229.78;10;10131483169;B
20240416;100422;229.78;10;10131484104;B
20240416;100422;229.78;10;10131484131;B
20240416;100423;229.72;30;10131484340;S
20240416;100423;229.7;20;10131484341;S
20240416;100426;229.7;10;10131484861;S
20240416;100428;229.78;10;10131485272;B
20240416;100429;229.7;250;10131485412;S
20240416;100429;229.7;210;10131485413;S
20240416;100431;229.78;370;10131485852;B
20240416;100431;229.78;30;10131485853;B
20240416;100431;229.78;30;10131485854;B
20240416;100433;229.72;10;10131486257;B
20240416;100436;229.71;20;10131486666;S
20240416;100440;229.72;10;10131487514;B
20240416;100440;229.77;100;10131487594;B
20240416;100440;229.77;20;10131487595;B
20240416;100440;229.72;40;10131487620;S
20240416;100440;229.72;50;10131487621;S
20240416;100445;229.81;30;10131488415;B
20240416;100445;229.82;20;10131488416;B
20240416;100445;229.82;50;10131488417;B
20240416;100446;229.73;50;10131488574;S
20240416;100446;229.73;40;10131488575;S
20240416;100446;229.72;780;10131488576;S
20240416;100446;229.72;100;10131488586;B
20240416;100450;229.72;100;10131489715;B
20240416;100451;229.71;10;10131489872;S
20240416;100452;229.71;770;10131490057;S
20240416;100452;229.71;1100;10131490058;S
20240416;100454;229.71;10;10131490350;B
20240416;100455;229.7;20;10131490674;S
20240416;100455;229.7;220;10131490675;S
20240416;100457;229.7;280;10131491191;S
20240416;100457;229.7;40;10131491192;S
20240416;100500;229.7;20;10131491787;B
20240416;100503;229.7;20;10131492403;B
20240416;100504;229.7;10;10131492517;B
20240416;100504;229.7;20;10131492671;B
20240416;100505;229.7;10;10131492707;B
20240416;100507;229.69;100;10131493165;S
20240416;100507;229.69;20;10131493166;S
20240416;100508;229.7;550;10131493368;B
20240416;100509;229.68;100;10131493526;S
20240416;100509;229.68;100;10131493527;S
20240416;100518;229.66;10;10131495029;S
20240416;100525;229.69;10;10131496434;B
20240416;100525;229.69;290;10131496435;S
20240416;100526;229.7;20;10131496564;B
20240416;100528;229.7;1000;10131496816;S
20240416;100528;229.7;20;10131496889;S
20240416;100530;229.7;10;10131497385;S
20240416;100532;229.71;10;10131497724;B
20240416;100533;229.7;10;10131498026;S
20240416;100534;229.72;10;10131498114;B
20240416;100534;229.75;10;10131498115;B
20240416;100539;229.7;10;10131499055;S
20240416;100543;229.72;30;10131499604;B
20240416;100543;229.7;4370;10131499605;S
20240416;100543;229.7;50;10131499606;S
20240416;100545;229.69;50;10131499874;B
20240416;100545;229.69;150;10131499875;B
20240416;100554;229.71;50;10131501977;B
20240416;100554;229.71;500;10131501978;S
20240416;100605;229.7;30;10131504371;S
20240416;100605;229.66;90;10131504422;S
20240416;100605;229.66;500;10131504423;S
20240416;100605;229.66;10;10131504424;S
20240416;100605;229.65;100;10131504425;S
20240416;100605;229.65;100;10131504426;S
20240416;100605;229.66;100;10131504427;B
20240416;100605;229.64;100;10131504428;S
20240416;100605;229.63;100;10131504429;S
20240416;100605;229.66;70;10131504430;B
20240416;100605;229.66;10;10131504469;B
20240416;100605;229.66;1220;10131504519;B
20240416;100605;229.66;50;10131504520;B
20240416;100605;229.67;340;10131504521;B
20240416;100605;229.67;250;10131504522;S
20240416;100605;229.67;2030;10131504523;S
20240416;100605;229.67;110;10131504524;S
20240416;100606;229.66;340;10131504607;B
20240416;100606;229.66;100;10131504608;B
20240416;100612;229.66;10;10131505848;B
20240416;100614;229.67;50;10131506221;B
20240416;100614;229.68;50;10131506222;B
20240416;100619;229.7;10;10131507231;B
20240416;100628;229.62;70;10131509002;S
20240416;100637;229.62;30;10131510409;S
20240416;100637;229.62;200;10131510410;S
20240416;100637;229.6;20;10131510411;S
20240416;100637;229.6;20;10131510412;S
20240416;100637;229.6;60;10131510413;S
20240416;100638;229.57;100;10131510654;S
20240416;100638;229.55;550;10131510655;S
20240416;100638;229.57;50;10131510656;B
20240416;100638;229.58;50;10131510657;B
20240416;100638;229.56;100;10131510658;B
20240416;100640;229.55;10;10131510970;B
20240416;100642;229.54;50;10131511301;B
20240416;100642;229.55;40;10131511302;B
20240416;100647;229.56;250;10131512653;B
20240416;100648;229.56;10;10131512910;B
20240416;100649;229.55;10;10131513000;S
20240416;100705;229.56;140;10131516321;B
20240416;100705;229.56;100;10131516322;B
20240416;100705;229.56;50;10131516323;B
20240416;100705;229.56;60;10131516324;B
20240416;100705;229.56;150;10131516325;S
20240416;100705;229.56;200;10131516326;S
20240416;100705;229.56;1300;10131516327;S
20240416;100707;229.55;500;10131516796;S
20240416;100707;229.51;200;10131516797;S
20240416;100707;229.51;50;10131516798;S
20240416;100707;229.5;50;10131516799;S
20240416;100707;229.5;10;10131516800;S
20240416;100707;229.5;10;10131516801;S
20240416;100707;229.5;10;10131516802;S
20240416;100707;229.5;70;10131516803;S
20240416;100707;229.5;10;10131516804;S
20240416;100707;229.5;150;10131516805;S
20240416;100707;229.5;10;10131516806;S
20240416;100707;229.5;20;10131516807;S
20240416;100707;229.5;50;10131516808;S
20240416;100707;229.5;50;10131516809;S
20240416;100707;229.5;40;10131516810;S
20240416;100707;229.5;1000;10131516811;S
20240416;100707;229.5;10;10131516812;S
20240416;100707;229.48;10;10131516813;S
20240416;100707;229.45;10;10131516814;S
20240416;100707;229.44;50;10131516828;B
20240416;100707;229.45;50;10131516829;B
20240416;100708;229.41;10;10131517019;S
20240416;100708;229.41;50;10131517020;S
20240416;100708;229.38;20;10131517021;S
20240416;100708;229.37;20;10131517022;S
20240416;100708;229.42;20;10131517140;B
20240416;100712;229.41;10;10131518023;B
20240416;100712;229.41;50;10131518024;B
20240416;100712;229.42;320;10131518025;B
20240416;100712;229.43;120;10131518026;B
20240416;100713;229.41;10;10131518257;S
20240416;100717;229.43;10;10131519231;B
20240416;100720;229.37;10;10131519988;S
20240416;100721;229.4;30;10131520341;S
20240416;100721;229.4;470;10131520342;S
20240416;100722;229.37;20;10131520547;S
20240416;100722;229.35;200;10131520548;S
20240416;100722;229.35;50;10131520549;S
20240416;100722;229.35;60;10131520550;S
20240416;100722;229.32;10;10131520551;S
20240416;100722;229.32;10;10131520552;S
20240416;100722;229.31;10;10131520553;S
20240416;100722;229.31;10;10131520554;S
20240416;100722;229.31;20;10131520555;S
20240416;100722;229.31;60;10131520556;S
20240416;100722;229.31;120;10131520557;S
20240416;100723;229.3;10;10131520629;S
20240416;100723;229.35;450;10131520631;S
20240416;100723;229.34;20;10131520759;B
20240416;100728;229.34;50;10131521585;B
20240416;100730;229.38;10;10131522102;B
20240416;100734;229.4;30;10131522851;B
20240416;100736;229.4;140;10131523184;S
20240416;100736;229.4;260;10131523185;S
20240416;100736;229.42;40;10131523302;B
20240416;100736;229.42;60;10131523303;B
20240416;100738;229.43;90;10131523693;B
20240416;100738;229.43;60;10131523694;B
20240416;100738;229.43;40;10131523695;B
20240416;100738;229.44;400;10131523696;B
20240416;100738;229.45;10;10131523697;B
20240416;100751;229.51;10;10131526284;B
20240416;100752;229.53;90;10131526575;B
20240416;100752;229.54;10;10131526576;B
20240416;100752;229.47;110;10131526673;S
20240416;100752;229.46;150;10131526674;S
20240416;100752;229.46;40;10131526675;S
20240416;100752;229.46;40;10131526676;S
20240416;100752;229.45;10;10131526677;S
20240416;100752;229.44;150;10131526678;S
20240416;100757;229.44;10;10131527596;S
20240416;100757;229.43;10;10131527597;S
20240416;100758;229.53;40;10131527918;B
20240416;100801;229.53;10;10131528558;B
20240416;100801;229.53;40;10131528559;B
20240416;100801;229.54;20;10131528560;B
20240416;100802;229.5;10;10131528938;B
20240416;100816;229.43;10;10131531710;S
20240416;100816;229.43;10;10131531711;S
20240416;100816;229.42;80;10131531712;S
20240416;100821;229.43;80;10131532711;S
20240416;100830;229.43;20;10131533928;S
20240416;100830;229.43;80;10131533929;S
20240416;100831;229.49;10;10131534167;B
20240416;100838;229.49;10;10131535309;B
20240416;100838;229.49;10;10131535310;B
20240416;100838;229.49;10;10131535311;B
20240416;100838;229.49;40;10131535312;B
20240416;100839;229.5;10;10131535344;B
20240416;100839;229.5;110;10131535345;B
20240416;100843;229.49;40;10131536072;B
20240416;100843;229.49;60;10131536073;S
20240416;100844;229.44;340;10131536105;S
20240416;100844;229.44;40;10131536106;S
20240416;100844;229.44;60;10131536107;S
20240416;100844;229.43;870;10131536108;S
20240416;100844;229.42;920;10131536109;S
20240416;100844;229.42;500;10131536110;S
20240416;100844;229.42;40;10131536111;S
20240416;100844;229.42;570;10131536112;S
20240416;100844;229.42;200;10131536113;S
20240416;100845;229.42;10;10131536283;B
20240416;100845;229.4;150;10131536289;S
20240416;100846;229.4;20;10131536437;S
20240416;100846;229.4;50;10131536438;S
20240416;100904;229.47;40;10131540177;B
20240416;100904;229.41;20;10131540200;S
20240416;100905;229.47;10;10131540236;B
20240416;100906;229.41;30;10131540425;S
20240416;100907;229.4;10;10131540583;B
20240416;100908;229.41;20;10131540937;B
20240416;100911;229.39;10;10131541307;S
20240416;100912;229.38;30;10131541450;S
20240416;100912;229.4;40;10131541508;B
20240416;100914;229.4;10;10131541815;S
20240416;100914;229.4;10;10131541816;S
20240416;100917;229.4;10;10131542430;B
20240416;100919;229.41;10;10131542744;B
20240416;100923;229.4;20;10131543494;S
20240416;100923;229.4;80;10131543556;S
20240416;100925;229.4;10;10131543795;B
20240416;100927;229.4;10;10131544085;B
20240416;100928;229.39;10;10131544338;B
20240416;100932;229.39;50;10131544906;B
20240416;100932;229.4;30;10131544907;B
20240416;100936;229.4;50;10131545892;B
20240416;100936;229.41;10;10131545893;B
20240416;100937;229.41;500;10131546039;B
20240416;100943;229.4;10;10131546968;B
20240416;100944;229.41;20;10131547044;B
20240416;100949;229.4;10;10131547994;B
20240416;100951;229.39;40;10131548842;S
20240416;100952;229.41;10;10131548933;B
20240416;100953;229.39;110;10131549090;S
20240416;100953;229.39;40;10131549091;S
20240416;100954;229.4;10;10131549302;B
20240416;100956;229.41;30;10131549733;B
20240416;101000;229.39;10;10131550249;S
20240416;101000;229.39;10;10131550366;S
20240416;101003;229.39;30;10131551213;S
20240416;101003;229.39;140;10131551214;S
20240416;101005;229.38;400;10131551958;S
20240416;101006;229.4;50;10131552193;B
20240416;101008;229.38;70;10131552507;S
20240416;101008;229.38;100;10131552508;S
20240416;101008;229.37;90;10131552509;S
20240416;101008;229.35;10;10131552528;S
20240416;101008;229.35;200;10131552529;S
20240416;101008;229.34;100;10131552530;S
20240416;101008;229.34;480;10131552531;S
20240416;101008;229.34;1900;10131552532;S
20240416;101008;229.31;10;10131552535;S
20240416;101008;229.31;400;10131552536;S
20240416;101008;229.31;50;10131552537;S
20240416;101008;229.3;500;10131552544;S
20240416;101008;229.3;40;10131552545;S
20240416;101008;229.3;200;10131552546;S
20240416;101008;229.3;150;10131552547;S
20240416;101008;229.3;3850;10131552548;S
20240416;101008;229.3;10;10131552576;S
20240416;101009;229.3;140;10131552659;S
20240416;101009;229.3;10;10131552660;S
20240416;101010;229.28;10;10131553030;B
20240416;101010;229.26;10;10131553031;S
20240416;101011;229.27;10;10131553291;B
20240416;101011;229.27;20;10131553334;B
20240416;101012;229.25;100;10131553609;S
20240416;101012;229.25;20;10131553610;S
20240416;101012;229.25;10;10131553611;S
20240416;101012;229.25;10;10131553612;S
20240416;101012;229.24;20;10131553723;S
20240416;101013;229.24;30;10131553890;S
20240416;101014;229.24;20;10131554090;S
20240416;101014;229.26;10;10131554170;B
20240416;101014;229.24;20;10131554204;S
20240416;101016;229.24;10;10131554486;S
20240416;101016;229.24;20;10131554487;S
20240416;101016;229.24;10;10131554488;S
20240416;101017;229.24;10;10131554724;S
20240416;101017;229.26;10;10131554874;B
20240416;101017;229.24;30;10131554875;S
20240416;101017;229.27;10;10131554889;B
20240416;101018;229.27;10;10131554906;B
20240416;101028;229.28;50;10131557269;B
20240416;101030;229.27;10;10131557769;B
20240416;101031;229.24;240;10131558019;S
20240416;101031;229.24;10;10131558022;S
20240416;101032;229.24;10;10131558079;S
20240416;101032;229.24;10;10131558103;S
20240416;101032;229.24;20;10131558116;S
20240416;101035;229.24;160;10131558701;S
20240416;101035;229.24;70;10131558702;S
20240416;101035;229.24;10;10131558703;S
20240416;101035;229.23;50;10131558704;B
20240416;101035;229.24;50;10131558705;B
20240416;101035;229.22;10;10131558706;S
20240416;101035;229.24;100;10131558707;B
20240416;101035;229.24;100;10131558708;B
20240416;101035;229.24;100;10131558709;B
20240416;101035;229.24;100;10131558710;B
20240416;101035;229.24;80;10131558711;B
20240416;101037;229.25;40;10131559129;S
20240416;101043;229.25;10;10131560762;S
20240416;101044;229.25;50;10131560917;S
20240416;101048;229.24;10;10131562140;S
20240416;101050;229.24;10;10131562797;S
20240416;101050;229.24;10;10131562798;S
20240416;101050;229.24;10;10131562814;S
20240416;101050;229.24;10;10131562836;S
20240416;101050;229.24;50;10131562895;S
20240416;101051;229.24;140;10131562984;S
20240416;101054;229.23;10;10131564196;B
20240416;101055;229.21;10;10131564232;S
20240416;101059;229.23;40;10131565236;B
20240416;101059;229.23;10;10131565237;B
20240416;101059;229.21;30;10131565343;S
20240416;101059;229.21;20;10131565344;S
20240416;101059;229.21;10;10131565345;S
20240416;101101;229.23;10;10131565594;B
20240416;101101;229.23;10;10131565631;B
20240416;101101;229.21;140;10131565692;S
20240416;101101;229.21;20;10131565693;S
20240416;101101;229.21;1000;10131565694;S
20240416;101101;229.21;270;10131565695;S
20240416;101106;229.22;50;10131566819;B
20240416;101106;229.22;10;10131566820;B
20240416;101107;229.2;10;10131567018;S
20240416;101108;229.23;40;10131567327;B
20240416;101109;229.2;40;10131567498;S
20240416;101109;229.2;30;10131567499;S
20240416;101110;229.2;570;10131567707;S
20240416;101110;229.2;10;10131567708;S
20240416;101110;229.2;300;10131567709;S
20240416;101110;229.2;120;10131567710;S
20240416;101110;229.2;380;10131567711;S
20240416;101110;229.2;350;10131567712;S
20240416;101110;229.2;1000;10131567713;S
20240416;101110;229.2;50;10131567714;S
20240416;101116;229.21;60;10131569109;B
20240416;101116;229.21;30;10131569110;B
20240416;101116;229.21;10;10131569202;B
20240416;101117;229.21;100;10131569385;B
20240416;101118;229.19;470;10131569536;S
20240416;101118;229.19;530;10131569537;S
20240416;101118;229.19;20;10131569538;S
20240416;101118;229.2;70;10131569539;B
20240416;101118;229.2;30;10131569540;B
20240416;101118;229.2;100;10131569541;B
20240416;101118;229.2;100;10131569542;B
20240416;101118;229.2;100;10131569544;S
20240416;101124;229.18;10;10131571019;S
20240416;101124;229.18;20;10131571020;S
20240416;101124;229.19;60;10131571021;B
20240416;101124;229.2;40;10131571022;B
20240416;101124;229.2;100;10131571023;B
20240416;101124;229.2;100;10131571024;B
20240416;101124;229.2;100;10131571025;S
20240416;101126;229.19;60;10131571819;B
20240416;101126;229.2;40;10131571820;B
20240416;101126;229.2;100;10131571821;B
20240416;101126;229.2;100;10131571822;B
20240416;101126;229.2;100;10131571823;B
20240416;101126;229.2;100;10131571824;B
20240416;101126;229.2;100;10131571825;B
20240416;101126;229.2;100;10131571826;B
20240416;101126;229.2;100;10131571827;B
20240416;101126;229.2;100;10131571828;B
20240416;101126;229.2;10;10131571829;B
20240416;101126;229.2;10;10131571830;S
20240416;101126;229.2;80;10131571831;S
20240416;101126;229.21;100;10131571832;B
20240416;101126;229.21;100;10131571833;B
20240416;101128;229.2;100;10131572288;S
20240416;101129;229.19;60;10131572326;B
20240416;101129;229.2;40;10131572327;B
20240416;101129;229.2;100;10131572328;B
20240416;101129;229.2;100;10131572329;B
20240416;101129;229.2;100;10131572330;B
20240416;101129;229.2;60;10131572331;B
20240416;101129;229.21;40;10131572332;B
20240416;101129;229.21;60;10131572333;B
20240416;101129;229.21;40;10131572334;B
20240416;101131;229.18;20;10131573028;S
20240416;101132;229.21;10;10131573285;B
20240416;101132;229.21;90;10131573286;B
20240416;101135;229.21;10;10131573944;B
20240416;101138;229.2;10;10131574902;S
20240416;101139;229.2;20;10131575210;S
20240416;101139;229.19;60;10131575215;B
20240416;101139;229.2;40;10131575216;B
20240416;101139;229.19;100;10131575217;B
20240416;101139;229.2;100;10131575218;B
20240416;101139;229.2;100;10131575219;B
20240416;101139;229.2;100;10131575220;B
20240416;101139;229.2;100;10131575221;B
20240416;101139;229.2;100;10131575227;B
20240416;101139;229.2;100;10131575228;B
20240416;101139;229.2;100;10131575229;B
20240416;101139;229.2;100;10131575230;B
20240416;101139;229.2;100;10131575231;B
20240416;101139;229.2;40;10131575232;B
20240416;101139;229.21;60;10131575233;B
20240416;101139;229.19;30;10131575237;S
20240416;101145;229.21;10;10131576334;B
20240416;101146;229.2;40;10131576661;S
20240416;101148;229.2;10;10131577142;B
20240416;101149;229.2;10;10131577301;B
20240416;101150;229.19;70;10131577639;S
20240416;101150;229.18;30;10131577640;S
20240416;101152;229.18;150;10131577935;S
20240416;101152;229.2;60;10131577979;B
20240416;101152;229.2;500;10131578011;B
20240416;101152;229.18;10;10131578028;S
20240416;101158;229.18;340;10131579187;S
20240416;101158;229.18;10;10131579188;S
20240416;101159;229.2;10;10131579500;B
20240416;101201;229.17;50;10131579866;S
20240416;101201;229.17;60;10131579867;S
20240416;101201;229.16;20;10131579868;S
20240416;101201;229.16;100;10131579869;S
20240416;101201;229.15;20;10131579870;S
20240416;101201;229.14;340;10131579871;S
20240416;101201;229.13;10;10131579872;S
20240416;101201;229.13;10;10131579873;S
20240416;101201;229.12;200;10131579874;S
20240416;101201;229.12;10;10131579875;S
20240416;101201;229.12;790;10131579876;S
20240416;101201;229.12;60;10131579877;S
20240416;101201;229.11;60;10131579878;S
20240416;101201;229.11;20;10131579879;S
20240416;101201;229.11;20;10131579880;S
20240416;101201;229.11;60;10131579881;S
20240416;101201;229.1;1370;10131579882;S
20240416;101201;229.19;60;10131579884;B
20240416;101201;229.19;40;10131579885;B
20240416;101201;229.18;100;10131579886;B
20240416;101201;229.18;100;10131579887;B
20240416;101201;229.18;100;10131579888;B
20240416;101201;229.18;100;10131579889;B
20240416;101201;229.19;100;10131579890;B
20240416;101201;229.19;100;10131579891;B
20240416;101201;229.19;100;10131579892;B
20240416;101201;229.19;100;10131579893;B
20240416;101201;229.2;100;10131579894;B
20240416;101201;229.2;100;10131579895;B
20240416;101201;229.2;100;10131579896;B
20240416;101201;229.2;70;10131579897;B
20240416;101201;229.2;30;10131579924;S
20240416;101201;229.2;100;10131579925;S
20240416;101201;229.2;100;10131579926;S
20240416;101201;229.19;20;10131579927;S
20240416;101202;229.21;50;10131580154;B
20240416;101202;229.19;80;10131580180;S
20240416;101202;229.19;100;10131580181;S
20240416;101202;229.19;20;10131580182;S
20240416;101203;229.19;30;10131580213;S
20240416;101205;229.2;10;10131580742;S
20240416;101205;229.2;70;10131580743;S
20240416;101205;229.19;50;10131580744;S
20240416;101205;229.19;100;10131580745;S
20240416;101205;229.19;100;10131580746;B
20240416;101205;229.19;100;10131580747;B
20240416;101205;229.19;100;10131580748;B
20240416;101205;229.19;100;10131580750;B
20240416;101205;229.19;100;10131580751;B
20240416;101205;229.19;100;10131580752;B
20240416;101205;229.19;100;10131580753;B
20240416;101205;229.19;100;10131580754;B
20240416;101205;229.19;100;10131580755;B
20240416;101205;229.19;100;10131580756;B
20240416;101205;229.19;100;10131580757;B
20240416;101205;229.19;100;10131580758;B
20240416;101205;229.19;100;10131580760;B
20240416;101205;229.19;100;10131580761;B
20240416;101205;229.19;100;10131580762;B
20240416;101205;229.19;100;10131580763;B
20240416;101205;229.19;100;10131580764;B
20240416;101205;229.19;100;10131580765;B
20240416;101205;229.19;100;10131580766;B
20240416;101205;229.19;100;10131580767;B
20240416;101205;229.19;100;10131580769;B
20240416;101205;229.19;100;10131580770;B
20240416;101205;229.19;100;10131580771;B
20240416;101205;229.19;100;10131580772;B
20240416;101205;229.19;100;10131580773;B
20240416;101205;229.19;100;10131580774;B
20240416;101206;229.18;100;10131581056;S
20240416;101206;229.18;100;10131581057;S
20240416;101206;229.18;100;10131581058;S
20240416;101206;229.17;70;10131581059;S
20240416;101206;229.16;340;10131581060;S
20240416;101206;229.14;250;10131581061;S
20240416;101206;229.13;40;10131581062;S
20240416;101206;229.11;50;10131581063;S
20240416;101206;229.1;1140;10131581064;S
20240416;101206;229.17;10;10131581091;B
20240416;101213;229.16;10;10131582597;B
20240416;101214;229.18;10;10131582711;B
20240416;101227;229.16;40;10131584928;S
20240416;101227;229.14;70;10131584929;S
20240416;101227;229.13;110;10131584930;S
20240416;101250;229.18;50;10131589181;B
20240416;101250;229.18;10;10131589182;B
20240416;101251;229.2;10;10131589328;B
20240416;101251;229.21;780;10131589329;B
20240416;101251;229.21;40;10131589330;B
20240416;101251;229.22;100;10131589331;B
20240416;101251;229.23;60;10131589332;B
20240416;101251;229.23;30;10131589333;B
20240416;101251;229.24;60;10131589334;B
20240416;101251;229.27;340;10131589335;B
20240416;101251;229.31;100;10131589348;S
20240416;101254;229.39;10;10131589807;B
20240416;101254;229.31;240;10131589830;S
20240416;101254;229.31;60;10131589831;S
20240416;101254;229.31;60;10131589832;S
20240416;101254;229.28;60;10131589833;S
20240416;101254;229.27;2580;10131589834;S
20240416;101254;229.27;400;10131589835;S
20240416;101254;229.27;1080;10131589836;B
20240416;101254;229.27;920;10131589837;B
20240416;101254;229.27;500;10131589838;B
20240416;101254;229.27;1080;10131589839;B
20240416;101254;229.27;860;10131589840;B
20240416;101254;229.27;220;10131589841;B
20240416;101254;229.27;120;10131589842;B
20240416;101254;229.27;580;10131589843;B
20240416;101254;229.27;10;10131589923;B
20240416;101259;229.21;20;10131590979;S
20240416;101303;229.27;70;10131591645;B
20240416;101305;229.21;10;10131591919;S
20240416;101305;229.21;60;10131591920;S
20240416;101305;229.21;10;10131591921;S
20240416;101305;229.21;10;10131591922;S
20240416;101305;229.21;50;10131591923;S
20240416;101310;229.21;10;10131592491;B
20240416;101314;229.2;530;10131593292;B
20240416;101316;229.21;100;10131593535;B
20240416;101322;229.2;20;10131594385;S
20240416;101324;229.21;10;10131594734;B
20240416;101324;229.2;450;10131594788;S
20240416;101324;229.2;60;10131594789;S
20240416;101328;229.14;10;10131595259;S
20240416;101331;229.19;10;10131595705;B
20240416;101336;229.21;50;10131596594;B
20240416;101358;229.21;10;10131600959;B
20240416;101358;229.19;10;10131600960;S
20240416;101359;229.2;10;10131601129;B
20240416;101405;229.19;40;10131602264;B
20240416;101407;229.2;100;10131602432;B
20240416;101407;229.2;10;10131602527;B
20240416;101415;229.19;80;10131603899;S
20240416;101415;229.18;40;10131603900;S
20240416;101415;229.18;300;10131603901;S
20240416;101415;229.17;60;10131603902;S
20240416;101415;229.15;300;10131603903;S
20240416;101415;229.13;20;10131603904;S
20240416;101415;229.13;10;10131603905;S
20240416;101415;229.13;10;10131603906;S
20240416;101415;229.11;30;10131603907;S
20240416;101415;229.1;110;10131603908;S
20240416;101415;229.1;10;10131603909;S
20240416;101415;229.1;110;10131603910;S
20240416;101415;229.1;220;10131603911;S
20240416;101415;229.1;10;10131603912;S
20240416;101415;229.1;500;10131603913;S
20240416;101415;229.1;100;10131603914;S
20240416;101415;229.1;430;10131603915;S
20240416;101415;229.09;10;10131603916;S
20240416;101415;229.09;650;10131603917;S
20240416;101415;229.17;10;10131603977;B
20240416;101419;229.17;50;10131604644;B
20240416;101419;229.17;50;10131604645;B
20240416;101422;229.17;90;10131605267;B
20240416;101422;229.17;10;10131605268;B
20240416;101423;229.17;10;10131605391;S
20240416;101423;229.14;40;10131605392;S
20240416;101423;229.1;60;10131605393;S
20240416;101423;229.1;10;10131605394;S
20240416;101423;229.09;350;10131605395;S
20240416;101423;229.09;60;10131605396;S
20240416;101423;229.09;80;10131605397;S
20240416;101423;229.08;60;10131605398;S
20240416;101423;229.08;1000;10131605399;S
20240416;101423;229.08;1000;10131605400;S
20240416;101423;229.07;200;10131605401;S
20240416;101423;229.07;1000;10131605402;S
20240416;101423;229.07;250;10131605403;B
20240416;101423;229.07;250;10131605404;B
20240416;101423;229.07;250;10131605405;B
20240416;101423;229.07;70;10131605406;B
20240416;101423;229.07;110;10131605407;B
20240416;101423;229.07;250;10131605408;B
20240416;101423;229.07;250;10131605409;B
20240416;101423;229.07;250;10131605410;B
20240416;101423;229.07;100;10131605411;B
20240416;101423;229.07;100;10131605412;B
20240416;101423;229.07;10;10131605425;B
20240416;101425;229.07;10;10131605755;B
20240416;101426;229.07;10;10131605896;B
20240416;101427;229.07;30;10131606101;B
20240416;101428;229.06;10;10131606213;S
20240416;101430;229.06;90;10131606495;S
20240416;101430;229.06;1000;10131606496;S
20240416;101430;229.06;10;10131606497;S
20240416;101430;229.06;340;10131606498;S
20240416;101430;229.06;30;10131606592;B
20240416;101434;229.13;10;10131607045;B
20240416;101437;229.07;10;10131607530;S
20240416;101437;229.07;60;10131607531;S
20240416;101437;229.06;10;10131607532;S
20240416;101437;229.06;220;10131607533;S
20240416;101438;229.14;10;10131607970;B
20240416;101441;229.1;70;10131608370;B
20240416;101442;229.08;10;10131608496;S
20240416;101442;229.08;60;10131608497;S
20240416;101442;229.08;30;10131608498;S
20240416;101443;229.1;60;10131608717;B
20240416;101445;229.1;20;10131608934;B
20240416;101453;229.14;40;10131610399;S
20240416;101453;229.14;60;10131610400;S
20240416;101453;229.13;200;10131610401;S
20240416;101454;229.13;100;10131610664;S
20240416;101456;229.13;90;10131611023;S
20240416;101456;229.12;60;10131611024;S
20240416;101456;229.11;100;10131611025;S
20240416;101456;229.1;170;10131611026;S
20240416;101502;229.09;870;10131612208;S
20240416;101502;229.09;60;10131612209;S
20240416;101502;229.09;530;10131612210;S
20240416;101503;229.09;300;10131612298;B
20240416;101505;229.09;90;10131612713;B
20240416;101506;229.08;50;10131612922;S
20240416;101510;229.08;50;10131614014;S
20240416;101510;229.09;490;10131614021;B
20240416;101510;229.09;10;10131614022;B
20240416;101511;229.09;1000;10131614112;B
20240416;101511;229.09;20;10131614129;B
20240416;101513;229.09;40;10131614822;B
20240416;101514;229.09;20;10131615024;B
20240416;101515;229.08;760;10131615391;S
20240416;101515;229.08;50;10131615392;S
20240416;101515;229.08;530;10131615393;S
20240416;101515;229.08;30;10131615394;S
20240416;101517;229.07;450;10131615759;S
20240416;101517;229.07;50;10131615760;S
20240416;101518;229.08;10;10131616087;B
20240416;101520;229.07;730;10131616499;S
20240416;101520;229.07;60;10131616500;S
20240416;101520;229.07;1000;10131616501;S
20240416;101521;229.07;10;10131616757;B
20240416;101521;229.07;660;10131616773;B
20240416;101521;229.07;340;10131616774;B
20240416;101522;229.06;120;10131617015;S
20240416;101522;229.07;10;10131617148;B
20240416;101522;229.06;380;10131617151;S
20240416;101522;229.06;10;10131617152;S
20240416;101522;229.06;110;10131617153;S
20240416;101523;229.07;50;10131617292;B
20240416;101523;229.06;890;10131617414;S
20240416;101523;229.05;100;10131617415;S
20240416;101523;229.05;10;10131617416;S
20240416;101523;229.06;10;10131617447;B
20240416;101526;229.06;100;10131618260;B
20240416;101526;229.05;10;10131618276;S
20240416;101527;229.05;500;10131618395;S
20240416;101527;229.05;5000;10131618396;S
20240416;101527;229.05;200;10131618397;S
20240416;101527;229.05;20;10131618398;S
20240416;101527;229.05;70;10131618399;S
20240416;101527;229.05;60;10131618401;B
20240416;101527;229.05;40;10131618402;B
20240416;101527;229.05;100;10131618409;B
20240416;101527;229.05;100;10131618411;B
20240416;101527;229.05;100;10131618414;B
20240416;101527;229.04;100;10131618415;B
20240416;101527;229.04;100;10131618416;B
20240416;101527;229.04;100;10131618417;B
20240416;101527;229.04;100;10131618418;B
20240416;101527;229.05;100;10131618424;B
20240416;101527;229.05;100;10131618425;B
20240416;101527;229.05;100;10131618426;B
20240416;101527;229.05;100;10131618427;B
20240416;101527;229.05;100;10131618429;B
20240416;101527;229.05;100;10131618430;B
20240416;101527;229.05;100;10131618432;B
20240416;101527;229.05;100;10131618433;B
20240416;101527;229.05;100;10131618434;B
20240416;101527;229.05;100;10131618435;B
20240416;101527;229.05;100;10131618436;B
20240416;101527;229.05;100;10131618437;B
20240416;101527;229.05;100;10131618439;B
20240416;101529;229.04;10;10131618926;S
20240416;101530;229.04;90;10131619326;S
20240416;101530;229.04;10;10131619327;S
20240416;101530;229.05;130;10131619476;B
20240416;101531;229.06;10;10131619779;B
20240416;101536;229.04;10;10131621147;S
20240416;101538;229.05;20;10131621552;B
20240416;101539;229.05;40;10131621646;B
20240416;101540;229.05;10;10131621900;B
20240416;101542;229.05;10;10131622397;B
20240416;101542;229.05;450;10131622484;B
20240416;101542;229.05;70;10131622485;B
20240416;101542;229.05;260;10131622486;B
20240416;101542;229.06;220;10131622487;B
20240416;101543;229.05;80;10131622537;B
20240416;101543;229.05;20;10131622591;B
20240416;101545;229.04;10;10131623198;S
20240416;101547;229.05;10;10131623643;B
20240416;101547;229.05;40;10131623789;B
20240416;101549;229.05;20;10131624018;B
20240416;101549;229.04;70;10131624227;S
20240416;101549;229.04;100;10131624228;S
20240416;101549;229.04;100;10131624229;S
20240416;101549;229.04;100;10131624230;S
20240416;101549;229.04;70;10131624231;S
20240416;101549;229.04;260;10131624232;S
20240416;101551;229.05;10;10131624614;B
20240416;101552;229.04;100;10131624837;S
20240416;101552;229.03;10;10131624838;S
20240416;101552;229.05;200;10131624914;B
20240416;101552;229.03;650;10131624922;S
20240416;101552;229.05;50;10131624929;B
20240416;101552;229.03;10;10131624991;S
20240416;101555;229.03;10;10131625640;S
20240416;101556;229.05;10;10131625816;B
20240416;101558;229.05;100;10131626185;B
20240416;101558;229.05;20;10131626216;B
20240416;101558;229.05;10;10131626233;B
20240416;101601;229.05;400;10131627011;B
20240416;101601;229.06;600;10131627012;B
20240416;101603;229.05;100;10131627492;S
20240416;101603;229.05;200;10131627493;S
20240416;101603;229.04;70;10131627494;S
20240416;101603;229.03;210;10131627495;S
20240416;101603;229.03;10;10131627496;S
20240416;101603;229.03;50;10131627497;S
20240416;101603;229.03;50;10131627498;S
20240416;101603;229.03;250;10131627499;S
20240416;101603;229.03;560;10131627500;S
20240416;101603;229.06;20;10131627560;B
20240416;101606;229.06;50;10131628415;B
20240416;101609;229.06;10;10131629181;B
20240416;101615;229.06;20;10131630692;B
20240416;101617;229.06;300;10131631104;B
20240416;101619;229.06;1000;10131631699;B
20240416;101620;229.05;10;10131631772;S
20240416;101621;229.05;10;10131632287;S
20240416;101622;229.06;50;10131632370;B
20240416;101623;229.06;10;10131632797;B
20240416;101624;229.06;10;10131632877;B
20240416;101626;229.06;10;10131633442;B
20240416;101627;229.06;10;10131633590;B
20240416;101628;229.06;380;10131634039;B
20240416;101629;229.05;130;10131634281;S
20240416;101629;229.06;10;10131634313;B
20240416;101630;229.06;1750;10131634436;B
20240416;101631;229.06;10;10131634747;B
20240416;101631;229.06;10;10131634991;B
20240416;101632;229.05;10;10131635117;S
20240416;101632;229.06;10;10131635207;B
20240416;101634;229.06;1200;10131635556;B
20240416;101635;229.06;20;10131635734;B
20240416;101635;229.06;10;10131635752;B
20240416;101636;229.06;50;10131636016;B
20240416;101636;229.1;50;10131636017;B
20240416;101637;229.14;50;10131636443;B
20240416;101639;229.1;200;10131636901;S
20240416;101639;229.1;80;10131636902;S
20240416;101639;229.08;270;10131636903;S
20240416;101642;229.13;10;10131637580;B
20240416;101645;229.12;10;10131638148;B
20240416;101652;229.14;30;10131639677;B
20240416;101653;229.1;100;10131639905;S
20240416;101655;229.14;50;10131640496;B
20240416;101656;229.14;320;10131640778;B
20240416;101656;229.15;50;10131640779;B
20240416;101656;229.15;630;10131640780;B
20240416;101657;229.15;370;10131640886;B
20240416;101657;229.15;10;10131640887;B
20240416;101657;229.17;10;10131641178;B
20240416;101658;229.19;10;10131641210;B
20240416;101658;229.19;10;10131641211;B
20240416;101658;229.21;20;10131641212;B
20240416;101706;229.21;480;10131643331;B
20240416;101706;229.21;100;10131643435;B
20240416;101710;229.21;20;10131644277;B
20240416;101711;229.21;10;10131644484;B
20240416;101712;229.21;50;10131644690;B
20240416;101712;229.21;10;10131644908;B
20240416;101713;229.21;10;10131645096;B
20240416;101714;229.21;10;10131645152;B
20240416;101714;229.21;10;10131645272;B
20240416;101715;229.21;10;10131645404;B
20240416;101716;229.21;10;10131645539;B
20240416;101720;229.17;20;10131646544;S
20240416;101721;229.21;80;10131646572;B
20240416;101724;229.18;90;10131647190;B
20240416;101724;229.2;10;10131647191;B
20240416;101726;229.21;20;10131647601;B
20240416;101726;229.16;10;10131647612;S
20240416;101726;229.16;10;10131647613;S
20240416;101726;229.16;80;10131647614;S
20240416;101726;229.15;340;10131647615;S
20240416;101728;229.15;10;10131647841;B
20240416;101728;229.15;20;10131647858;B
20240416;101729;229.15;1160;10131647983;B
20240416;101729;229.15;100;10131648018;B
20240416;101731;229.15;100;10131648232;B
20240416;101731;229.15;100;10131648233;B
20240416;101732;229.15;110;10131648427;B
20240416;101733;229.15;10;10131648676;B
20240416;101734;229.15;20;10131648909;B
20240416;101734;229.14;10;10131649167;S
20240416;101734;229.14;20;10131649168;S
20240416;101735;229.15;20;10131649170;B
20240416;101735;229.15;100;10131649216;B
20240416;101735;229.15;10;10131649234;B
20240416;101736;229.15;20;10131649434;B
20240416;101737;229.15;40;10131649635;B
20240416;101737;229.15;10;10131649638;B
20240416;101737;229.15;10;10131649669;B
20240416;101738;229.15;20;10131649835;B
20240416;101738;229.15;20;10131649877;B
20240416;101739;229.15;20;10131649952;B
20240416;101739;229.15;10;10131649975;B
20240416;101740;229.15;110;10131650119;B
20240416;101740;229.15;50;10131650164;B
20240416;101740;229.15;30;10131650185;B
20240416;101741;229.15;50;10131650287;B
20240416;101741;229.15;20;10131650307;B
20240416;101741;229.15;10;10131650350;B
20240416;101741;229.15;20;10131650369;B
20240416;101741;229.15;200;10131650385;B
20240416;101742;229.15;50;10131650411;B
20240416;101744;229.15;20;10131650831;B
20240416;101745;229.15;10;10131651019;B
20240416;101745;229.15;200;10131651053;B
20240416;101746;229.15;10;10131651197;B
20240416;101749;229.15;80;10131651727;B
20240416;101749;229.15;20;10131651754;B
20240416;101749;229.15;40;10131651765;B
20240416;101751;229.15;100;10131652233;B
20240416;101751;229.15;20;10131652262;B
20240416;101751;229.14;10;10131652280;S
20240416;101751;229.14;40;10131652281;S
20240416;101752;229.15;90;10131652333;B
20240416;101752;229.15;20;10131652351;B
20240416;101754;229.15;100;10131652653;B
20240416;101754;229.15;10;10131652661;B
20240416;101754;229.15;40;10131652778;B
20240416;101755;229.15;100;10131652880;B
20240416;101755;229.15;20;10131652891;B
20240416;101755;229.15;20;10131652896;B
20240416;101756;229.15;20;10131652986;B
20240416;101756;229.15;10;10131653099;B
20240416;101757;229.15;20;10131653182;B
20240416;101757;229.15;20;10131653192;B
20240416;101757;229.15;10;10131653239;B
20240416;101757;229.15;100;10131653273;B
20240416;101758;229.15;10;10131653418;B
20240416;101758;229.15;860;10131653420;B
20240416;101758;229.15;500;10131653421;B
20240416;101759;229.15;10;10131653768;B
20240416;101800;229.15;150;10131653950;B
20240416;101800;229.15;20;10131654069;B
20240416;101800;229.15;20;10131654070;B
20240416;101803;229.15;1560;10131654513;B
20240416;101805;229.15;110;10131654782;B
20240416;101806;229.15;10;10131654881;B
20240416;101809;229.15;10;10131655298;B
20240416;101809;229.14;300;10131655400;S
20240416;101809;229.13;80;10131655401;S
20240416;101809;229.13;10;10131655402;S
20240416;101809;229.12;10;10131655403;S
20240416;101809;229.12;600;10131655404;S
20240416;101815;229.14;50;10131656625;B
20240416;101819;229.14;10;10131657237;B
20240416;101822;229.14;30;10131657634;B
20240416;101822;229.14;10;10131657635;B
20240416;101822;229.17;80;10131657636;B
20240416;101822;229.17;10;10131657637;B
20240416;101822;229.17;10;10131657638;B
20240416;101822;229.17;10;10131657639;B
20240416;101822;229.17;10;10131657640;B
20240416;101822;229.17;10;10131657641;B
20240416;101822;229.19;30;10131657642;B
20240416;101822;229.2;50;10131657715;B
20240416;101824;229.13;80;10131658084;S
20240416;101824;229.13;530;10131658085;S
20240416;101824;229.12;400;10131658086;S
20240416;101824;229.12;10;10131658087;S
20240416;101824;229.12;60;10131658088;S
20240416;101824;229.12;20;10131658129;B
20240416;101824;229.12;30;10131658135;B
20240416;101825;229.12;30;10131658230;B
20240416;101826;229.12;110;10131658598;B
20240416;101826;229.12;20;10131658599;B
20240416;101827;229.12;20;10131658728;B
20240416;101827;229.12;20;10131658813;B
20240416;101828;229.12;20;10131658962;B
20240416;101828;229.12;30;10131658999;B
20240416;101828;229.12;20;10131659124;B
20240416;101829;229.12;10;10131659196;B
20240416;101829;229.12;110;10131659267;B
20240416;101829;229.11;530;10131659312;S
20240416;101829;229.11;80;10131659313;S
20240416;101829;229.11;340;10131659314;S
20240416;101829;229.11;10;10131659315;S
20240416;101829;229.1;10;10131659316;S
20240416;101829;229.1;100;10131659317;S
20240416;101829;229.1;930;10131659318;S
20240416;101830;229.12;30;10131659402;B
20240416;101830;229.12;20;10131659431;B
20240416;101831;229.12;200;10131659642;B
20240416;101831;229.12;20;10131659688;B
20240416;101831;229.12;200;10131659694;B
20240416;101831;229.12;30;10131659739;B
20240416;101831;229.12;60;10131659758;B
20240416;101832;229.12;10;10131659961;B
20240416;101832;229.11;20;10131660077;S
20240416;101832;229.1;10;10131660078;S
20240416;101833;229.12;150;10131660096;B
20240416;101833;229.12;30;10131660214;B
20240416;101833;229.12;10;10131660289;B
20240416;101833;229.12;10;10131660306;B
20240416;101833;229.12;20;10131660314;B
20240416;101834;229.12;50;10131660355;B
20240416;101834;229.12;1030;10131660397;B
20240416;101835;229.12;20;10131660487;B
20240416;101835;229.12;20;10131660505;B
20240416;101836;229.12;20;10131660831;B
20240416;101836;229.12;20;10131660857;B
20240416;101837;229.12;10;10131661142;B
20240416;101837;229.1;10;10131661212;S
20240416;101838;229.12;40;10131661282;B
20240416;101839;229.12;20;10131661485;B
20240416;101842;229.12;1400;10131661903;B
20240416;101843;229.12;10;10131662237;B
20240416;101843;229.12;30;10131662327;B
20240416;101844;229.12;20;10131662628;B
20240416;101844;229.12;20;10131662633;B
20240416;101844;229.12;100;10131662653;B
20240416;101846;229.12;360;10131662963;B
20240416;101846;229.12;10;10131663033;B
20240416;101847;229.12;20;10131663175;B
20240416;101847;229.12;100;10131663176;B
20240416;101848;229.12;20;10131663215;B
20240416;101848;229.12;40;10131663277;B
20240416;101848;229.12;40;10131663298;B
20240416;101848;229.12;40;10131663299;B
20240416;101848;229.12;40;10131663300;B
20240416;101848;229.12;40;10131663301;B
20240416;101848;229.12;40;10131663302;B
20240416;101848;229.12;40;10131663303;B
20240416;101848;229.12;40;10131663304;B
20240416;101848;229.12;40;10131663305;B
20240416;101850;229.12;10;10131663489;B
20240416;101850;229.12;900;10131663490;B
20240416;101850;229.12;1150;10131663491;B
20240416;101850;229.12;1150;10131663492;B
20240416;101850;229.12;1150;10131663493;B
20240416;101850;229.12;1150;10131663494;B
20240416;101850;229.12;1150;10131663495;B
20240416;101850;229.12;1150;10131663496;B
20240416;101850;229.12;1150;10131663497;B
20240416;101850;229.12;1150;10131663498;B
20240416;101850;229.12;1150;10131663499;B
20240416;101850;229.12;1150;10131663500;B
20240416;101850;229.12;1150;10131663501;B
20240416;101850;229.12;1150;10131663502;B
20240416;101850;229.12;1150;10131663503;B
20240416;101850;229.12;1150;10131663504;B
20240416;101850;229.12;1150;10131663505;B
20240416;101850;229.12;1150;10131663506;B
20240416;101850;229.12;1150;10131663507;B
20240416;101850;229.12;1150;10131663508;B
20240416;101850;229.12;1150;10131663515;B
20240416;101850;229.12;1150;10131663516;B
20240416;101850;229.12;1150;10131663517;B
20240416;101850;229.12;1150;10131663518;B
20240416;101850;229.12;1150;10131663519;B
20240416;101850;229.12;1150;10131663520;B
20240416;101850;229.12;1150;10131663521;B
20240416;101850;229.12;1150;10131663522;B
20240416;101850;229.12;1150;10131663523;B
20240416;101850;229.12;310;10131663524;B
20240416;101850;229.21;10;10131663706;B
20240416;101856;229.17;340;10131664671;S
20240416;101856;229.17;80;10131664672;S
20240416;101856;229.17;400;10131664673;S
20240416;101856;229.11;280;10131664674;S
20240416;101856;229.11;530;10131664675;S
20240416;101856;229.11;870;10131664676;S
20240416;101856;229.11;60;10131664677;S
20240416;101856;229.1;20;10131664678;S
20240416;101856;229.1;1000;10131664679;S
20240416;101856;229.1;1020;10131664680;B
20240416;101856;229.1;1020;10131664681;B
20240416;101856;229.1;1020;10131664682;B
20240416;101856;229.1;1020;10131664683;B
20240416;101856;229.1;1020;10131664684;B
20240416;101856;229.1;1020;10131664685;B
20240416;101856;229.1;1020;10131664687;B
20240416;101856;229.1;1020;10131664688;B
20240416;101856;229.1;1020;10131664689;B
20240416;101856;229.1;1020;10131664690;B
20240416;101856;229.1;1020;10131664691;B
20240416;101856;229.1;1020;10131664692;B
20240416;101856;229.1;1150;10131664693;B
20240416;101856;229.1;1150;10131664694;B
20240416;101856;229.1;1150;10131664695;B
20240416;101856;229.1;130;10131664696;B
20240416;101856;229.1;130;10131664697;B
20240416;101856;229.1;130;10131664698;B
20240416;101856;229.1;260;10131664699;B
20240416;101856;229.1;260;10131664700;B
20240416;101856;229.1;260;10131664701;B
20240416;101856;229.1;260;10131664703;B
20240416;101856;229.1;260;10131664704;B
20240416;101856;229.1;260;10131664705;B
20240416;101856;229.1;390;10131664706;B
20240416;101856;229.1;390;10131664707;B
20240416;101856;229.1;390;10131664708;B
20240416;101856;229.1;520;10131664709;B
20240416;101856;229.1;520;10131664710;B
20240416;101856;229.1;520;10131664711;B
20240416;101856;229.1;650;10131664712;B
20240416;101856;229.1;650;10131664713;B
20240416;101856;229.1;650;10131664714;B
20240416;101856;229.1;650;10131664715;B
20240416;101856;229.1;650;10131664716;B
20240416;101856;229.1;650;10131664717;B
20240416;101856;229.1;620;10131664718;B
20240416;101856;229.1;650;10131664719;B
20240416;101856;229.1;650;10131664720;B
20240416;101856;229.1;650;10131664721;B
20240416;101856;229.1;650;10131664722;B
20240416;101856;229.1;650;10131664723;B
20240416;101856;229.1;650;10131664724;B
20240416;101856;229.1;650;10131664725;B
20240416;101856;229.1;650;10131664726;B
20240416;101856;229.1;650;10131664727;B
20240416;101856;229.1;650;10131664728;B
20240416;101856;229.1;650;10131664729;B
20240416;101856;229.1;650;10131664730;B
20240416;101856;229.1;650;10131664731;B
20240416;101856;229.1;650;10131664732;B
20240416;101856;229.1;650;10131664733;B
20240416;101856;229.1;40;10131664734;B
20240416;101856;229.2;70;10131664741;B
20240416;101856;229.2;50;10131664742;B
20240416;101859;229.19;20;10131665216;S
20240416;101900;229.18;340;10131665400;S
20240416;101900;229.18;400;10131665401;S
20240416;101900;229.17;80;10131665402;S
20240416;101900;229.13;70;10131665403;S
20240416;101900;229.13;530;10131665404;S
20240416;101900;229.13;20;10131665405;S
20240416;101900;229.12;60;10131665406;S
20240416;101900;229.12;640;10131665407;S
20240416;101900;229.12;100;10131665408;S
20240416;101900;229.1;100;10131665409;S
20240416;101900;229.1;10;10131665410;B
20240416;101900;229.1;10;10131665411;B
20240416;101900;229.1;1110;10131665412;B
20240416;101900;229.1;1110;10131665413;B
20240416;101900;229.1;1110;10131665414;B
20240416;101900;229.1;1110;10131665415;B
20240416;101900;229.1;1100;10131665416;B
20240416;101900;229.1;1090;10131665417;B
20240416;101900;229.1;1130;10131665418;B
20240416;101900;229.1;1130;10131665419;B
20240416;101900;229.1;20;10131665420;B
20240416;101900;229.1;20;10131665421;B
20240416;101900;229.1;20;10131665422;B
20240416;101900;229.1;20;10131665423;B
20240416;101900;229.1;20;10131665424;B
20240416;101900;229.1;20;10131665425;B
20240416;101900;229.1;20;10131665426;B
20240416;101900;229.1;20;10131665427;B
20240416;101900;229.1;20;10131665428;B
20240416;101900;229.1;20;10131665429;B
20240416;101900;229.1;60;10131665430;B
20240416;101900;229.1;150;10131665431;B
20240416;101900;229.1;210;10131665432;B
20240416;101900;229.1;230;10131665433;B
20240416;101900;229.1;250;10131665434;B
20240416;101900;229.1;230;10131665435;B
20240416;101900;229.1;210;10131665436;B
20240416;101900;229.1;210;10131665437;B
20240416;101900;229.1;210;10131665438;B
20240416;101900;229.1;170;10131665439;B
20240416;101900;229.1;150;10131665441;B
20240416;101900;229.1;130;10131665442;B
20240416;101900;229.1;110;10131665443;B
20240416;101900;229.1;90;10131665444;B
20240416;101900;229.1;70;10131665445;B
20240416;101900;229.1;50;10131665446;B
20240416;101900;229.1;1140;10131665447;B
20240416;101900;229.1;1140;10131665448;B
20240416;101900;229.1;990;10131665449;B
20240416;101900;229.1;550;10131665450;B
20240416;101900;229.1;270;10131665451;B
20240416;101900;229.1;40;10131665454;B
20240416;101901;229.1;40;10131665704;B
20240416;101901;229.1;30;10131665731;B
20240416;101902;229.1;40;10131665856;B
20240416;101903;229.09;80;10131665989;S
20240416;101904;229.1;430;10131666093;B
20240416;101905;229.17;10;10131666565;B
20240416;101906;229.15;850;10131666821;S
20240416;101906;229.1;400;10131666822;S
20240416;101906;229.09;790;10131666823;S
20240416;101906;229.09;190;10131666824;S
20240416;101906;229.09;240;10131666825;S
20240416;101906;229.08;20;10131666826;S
20240416;101906;229.08;1000;10131666827;S
20240416;101906;229.08;1000;10131666828;S
20240416;101906;229.08;1000;10131666829;S
20240416;101907;229.08;50;10131666865;B
20240416;101908;229.08;300;10131667094;B
20240416;101908;229.08;50;10131667143;B
20240416;101908;229.08;500;10131667166;B
20240416;101908;229.08;2000;10131667171;B
20240416;101909;229.07;30;10131667428;S
20240416;101910;229.08;1000;10131667526;B
20240416;101911;229.08;20;10131667703;B
20240416;101913;229.08;10;10131668041;B
20240416;101914;229.08;10;10131668082;B
20240416;101914;229.08;140;10131668091;B
20240416;101914;229.08;30;10131668097;B
20240416;101915;229.08;40;10131668425;B
20240416;101918;229.08;20;10131668852;B
20240416;101918;229.08;10;10131668862;B
20240416;101921;229.16;100;10131669407;B
20240416;101925;229.1;40;10131669956;S
20240416;101934;229.16;10;10131671094;B
20240416;101935;229.1;10;10131671141;S
20240416;101943;229.16;150;10131672672;B
20240416;101947;229.1;10;10131673698;S
20240416;101951;229.1;40;10131674337;S
20240416;101951;229.1;340;10131674338;S
20240416;101951;229.1;120;10131674339;S
20240416;101954;229.08;10;10131675040;S
20240416;101954;229.07;20;10131675041;S
20240416;101954;229.07;170;10131675042;S
20240416;102003;229.1;70;10131676574;B
20240416;102004;229.1;10;10131676766;B
20240416;102006;229.1;20;10131677092;B
20240416;102009;229.1;10;10131677698;B
20240416;102010;229.1;250;10131678176;B
20240416;102011;229.1;50;10131678478;B
20240416;102012;229.1;30;10131678548;B
20240416;102012;229.1;20;10131678583;B
20240416;102012;229.1;30;10131678616;B
20240416;102013;229.08;10;10131678776;S
20240416;102013;229.1;20;10131679265;B
20240416;102014;229.08;50;10131679500;S
20240416;102015;229.1;9920;10131679954;B
20240416;102015;229.1;10;10131679955;B
20240416;102015;229.1;10;10131679956;B
20240416;102015;229.1;60;10131679957;B
20240416;102017;229.1;80;10131681581;B
20240416;102017;229.1;10;10131681811;B
20240416;102019;229.1;60;10131682521;B
20240416;102019;229.1;10;10131682555;B
20240416;102021;229.1;10;10131683146;B
20240416;102021;229.1;40;10131683149;B
20240416;102022;229.1;10;10131683210;B
20240416;102022;229.1;10;10131683211;B
20240416;102022;229.1;30;10131683269;B
20240416;102023;229.1;10;10131683526;B
20240416;102023;229.1;20;10131683588;B
20240416;102023;229.1;10;10131683589;B
20240416;102023;229.1;20;10131683590;B
20240416;102025;229.1;20;10131685437;B
20240416;102025;229.1;230;10131685438;B
20240416;102025;229.1;50;10131685481;B
20240416;102026;229.1;1000;10131685565;B
20240416;102026;229.1;40;10131685689;B
20240416;102026;229.1;10;10131685799;B
20240416;102027;229.1;20;10131685939;B
20240416;102028;229.1;10;10131686144;B
20240416;102028;229.08;20;10131686185;S
20240416;102032;229.08;160;10131688502;S
20240416;102033;229.1;100;10131688552;B
20240416;102034;229.1;60;10131688759;B
20240416;102034;229.1;70;10131688760;B
20240416;102035;229.1;1750;10131688890;B
20240416;102036;229.1;50;10131689023;B
20240416;102036;229.1;10;10131690063;B
20240416;102036;229.1;530;10131690064;B
20240416;102038;229.1;10;10131691223;B
20240416;102038;229.1;10;10131691314;B
20240416;102038;229.1;10;10131691315;B
20240416;102041;229.1;10;10131691782;B
20240416;102042;229.1;100;10131691984;B
20240416;102043;229.1;50;10131692359;B
20240416;102043;229.1;10;10131692370;B
20240416;102044;229.1;30;10131692718;B
20240416;102045;229.1;50;10131693743;B
20240416;102045;229.1;20;10131693833;B
20240416;102046;229.1;30;10131693982;B
20240416;102047;229.1;10;10131694087;B
20240416;102047;229.1;10;10131694239;B
20240416;102048;229.1;20;10131694254;B
20240416;102049;229.1;60;10131694429;B
20240416;102050;229.09;200;10131694584;S
20240416;102053;229.1;20;10131695625;B
20240416;102053;229.1;400;10131695676;B
20240416;102054;229.1;10;10131695813;B
20240416;102057;229.1;30;10131697296;B
20240416;102058;229.08;10;10131697445;S
20240416;102058;229.08;20;10131697516;S
20240416;102059;229.1;10;10131697660;B
20240416;102100;229.1;400;10131697792;B
20240416;102100;229.1;100;10131697793;B
20240416;102100;229.1;10;10131697823;B
20240416;102101;229.1;10;10131697893;B
20240416;102101;229.1;10;10131697937;B
20240416;102103;229.1;140;10131700591;B
20240416;102103;229.1;10;10131700759;B
20240416;102104;229.1;110;10131700999;B
20240416;102105;229.1;10;10131701078;B
20240416;102105;229.1;10;10131701144;B
20240416;102109;229.1;500;10131702021;B
20240416;102109;229.1;10;10131702062;B
20240416;102110;229.1;10;10131702479;B
20240416;102110;229.1;20;10131702495;B
20240416;102110;229.1;100;10131702540;B
20240416;102111;229.1;20;10131702585;B
20240416;102111;229.1;20;10131703045;B
20240416;102112;229.1;50;10131703556;B
20240416;102113;229.1;20;10131703784;B
20240416;102113;229.1;10;10131703888;B
20240416;102113;229.1;10;10131703920;B
20240416;102114;229.1;560;10131703967;B
20240416;102114;229.1;60;10131704056;B
20240416;102115;229.1;20;10131704153;B
20240416;102115;229.1;500;10131704195;B
20240416;102117;229.1;20;10131704557;B
20240416;102118;229.09;10;10131704953;S
20240416;102118;229.09;10;10131704954;S
20240416;102118;229.09;120;10131704955;S
20240416;102121;229.1;20;10131705539;B
20240416;102122;229.1;120;10131705637;B
20240416;102123;229.1;20;10131705854;B
20240416;102130;229.13;20;10131709188;S
20240416;102130;229.13;30;10131709196;B
20240416;102130;229.16;840;10131709197;B
20240416;102130;229.16;90;10131709198;B
20240416;102130;229.16;70;10131709199;B
20240416;102130;229.17;50;10131709200;B
20240416;102130;229.18;60;10131709201;B
20240416;102130;229.19;270;10131709202;B
20240416;102130;229.2;10;10131709203;B
20240416;102130;229.21;630;10131709204;B
20240416;102131;229.24;20;10131709286;S
20240416;102131;229.26;10;10131709485;B
20240416;102132;229.21;20;10131709534;S
20240416;102132;229.26;10;10131709694;B
20240416;102132;229.28;10;10131709695;B
20240416;102133;229.3;10;10131709836;B
20240416;102137;229.3;40;10131712136;B
20240416;102137;229.3;20;10131712137;B
20240416;102137;229.3;20;10131712138;B
20240416;102137;229.31;20;10131712139;B
20240416;102144;229.29;120;10131713505;B
20240416;102144;229.29;100;10131713506;B
20240416;102144;229.3;40;10131713661;B
20240416;102145;229.3;10;10131713778;B
20240416;102152;229.3;10;10131716442;S
20240416;102153;229.31;10;10131716514;B
20240416;102153;229.31;40;10131716577;B
20240416;102154;229.31;40;10131717135;B
20240416;102154;229.31;10;10131717138;B
20240416;102155;229.31;50;10131718155;B
20240416;102158;229.31;10;10131718528;B
20240416;102159;229.3;10;10131719033;B
20240416;102200;229.3;10;10131719112;B
20240416;102204;229.29;10;10131720891;B
20240416;102211;229.29;100;10131723033;B
20240416;102211;229.29;150;10131723034;B
20240416;102216;229.29;10;10131724027;B
20240416;102216;229.29;10;10131724126;B
20240416;102217;229.26;100;10131724244;S
20240416;102219;229.25;400;10131726050;B
20240416;102219;229.27;70;10131726051;B
20240416;102227;229.29;10;10131727641;B
20240416;102228;229.29;20;10131727785;B
20240416;102228;229.29;200;10131727786;B
20240416;102228;229.29;10;10131727787;B
20240416;102228;229.29;70;10131727788;B
20240416;102228;229.29;10;10131727789;B
20240416;102228;229.29;10;10131727790;B
20240416;102228;229.29;10;10131727791;B
20240416;102231;229.3;140;10131729743;B
20240416;102232;229.3;60;10131729951;B
20240416;102232;229.3;70;10131729952;B
20240416;102232;229.3;130;10131730026;B
20240416;102232;229.3;260;10131730027;B
20240416;102232;229.31;200;10131730028;B
20240416;102236;229.3;10;10131730585;B
20240416;102236;229.3;10;10131730621;B
20240416;102236;229.3;90;10131730622;B
20240416;102240;229.3;140;10131732351;B
20240416;102241;229.3;120;10131732364;B
20240416;102241;229.31;100;10131732365;B
20240416;102242;229.31;10;10131733674;B
20240416;102245;229.31;160;10131734481;B
20240416;102246;229.31;10;10131734518;B
20240416;102246;229.31;340;10131734587;B
20240416;102246;229.31;660;10131734588;B
20240416;102247;229.31;30;10131734784;B
20240416;102247;229.31;140;10131734788;B
20240416;102248;229.31;30;10131735128;B
20240416;102249;229.31;20;10131735181;B
20240416;102249;229.31;10;10131735186;B
20240416;102251;229.31;100;10131735677;B
20240416;102252;229.31;10;10131735779;B
20240416;102252;229.31;10;10131735782;B
20240416;102252;229.34;50;10131735805;B
20240416;102258;229.33;20;10131737767;S
20240416;102258;229.32;10;10131737768;S
20240416;102258;229.32;90;10131737769;S
20240416;102301;229.3;10;10131739637;S
20240416;102302;229.33;50;10131739875;B
20240416;102303;229.3;40;10131740178;S
20240416;102312;229.3;20;10131742224;S
20240416;102312;229.3;100;10131742225;S
20240416;102312;229.3;10;10131742226;S
20240416;102312;229.29;50;10131743018;S
20240416;102313;229.29;50;10131743134;S
20240416;102313;229.29;50;10131743230;S
20240416;102314;229.29;20;10131743258;S
20240416;102314;229.31;70;10131743421;B
20240416;102314;229.32;10;10131743422;B
20240416;102314;229.32;50;10131743423;B
20240416;102314;229.32;20;10131743424;B
20240416;102315;229.32;30;10131743551;B
20240416;102317;229.31;40;10131743702;B
20240416;102320;229.29;20;10131744335;S
20240416;102328;229.3;10;10131747625;B
20240416;102328;229.3;10;10131747626;B
20240416;102328;229.3;110;10131747627;S
20240416;102329;229.25;30;10131747757;S
20240416;102339;229.25;220;10131750541;S
20240416;102339;229.25;60;10131750542;S
20240416;102339;229.22;1000;10131750543;S
20240416;102339;229.22;60;10131750544;S
20240416;102339;229.22;70;10131750545;S
20240416;102339;229.14;10;10131750546;S
20240416;102339;229.13;870;10131750547;S
20240416;102339;229.12;10;10131750548;S
20240416;102339;229.12;1600;10131750549;S
20240416;102339;229.11;10;10131750550;S
20240416;102339;229.11;10;10131750551;S
20240416;102339;229.11;340;10131750552;S
20240416;102339;229.1;10;10131750553;S
20240416;102339;229.1;1000;10131750554;S
20240416;102339;229.1;100;10131750555;S
20240416;102339;229.1;10;10131750556;S
20240416;102339;229.1;780;10131750557;S
20240416;102339;229.09;10;10131750558;S
20240416;102339;229.09;20;10131750559;S
20240416;102339;229.08;100;10131750560;S
20240416;102339;229.07;50;10131750561;S
20240416;102339;229.07;10;10131750562;S
20240416;102339;229.07;40;10131750563;S
20240416;102339;229.07;250;10131750564;S
20240416;102339;229.06;50;10131750565;S
20240416;102339;229.06;150;10131750566;S
20240416;102339;229.06;40;10131750567;S
20240416;102339;229.05;840;10131750568;S
20240416;102339;229.05;10;10131750569;S
20240416;102339;229.05;90;10131750570;S
20240416;102339;229.05;250;10131750571;S
20240416;102339;229.04;10;10131750572;S
20240416;102339;229.04;10;10131750573;S
20240416;102339;229.04;100;10131750574;S
20240416;102339;229.04;20;10131750575;S
20240416;102339;229.03;440;10131750576;S
20240416;102339;229.03;10;10131750577;S
20240416;102339;229.03;2500;10131750578;S
20240416;102339;229.03;100;10131750579;S
20240416;102339;229.03;1000;10131750580;S
20240416;102339;229.02;1000;10131750581;S
20240416;102339;229.02;10;10131750582;S
20240416;102339;229.02;50;10131750583;S
20240416;102339;229.02;10;10131750584;S
20240416;102339;229.02;10;10131750585;S
20240416;102339;229.02;100;10131750586;S
20240416;102339;229.02;10;10131750587;S
20240416;102339;229.02;1000;10131750588;S
20240416;102339;229.02;10;10131750589;S
20240416;102339;229.02;150;10131750590;S
20240416;102339;229.02;20;10131750591;S
20240416;102339;229.02;10;10131750592;S
20240416;102339;229.02;60;10131750593;S
20240416;102339;229.01;1000;10131750594;S
20240416;102339;229.01;10;10131750595;S
20240416;102339;229.01;10;10131750596;S
20240416;102339;229.01;50;10131750597;S
20240416;102339;229.01;50;10131750598;S
20240416;102339;229.01;4000;10131750599;S
20240416;102339;229.01;10;10131750600;S
20240416;102339;229.01;1000;10131750601;S
20240416;102339;229.01;5000;10131750602;S
20240416;102339;229;10;10131750603;S
20240416;102339;229;10;10131750604;S
20240416;102339;229;50;10131750605;S
20240416;102339;229;100;10131750606;S
20240416;102339;229;50;10131750607;S
20240416;102339;229;50;10131750608;S
20240416;102339;229;30;10131750609;S
20240416;102339;229;10;10131750610;S
20240416;102339;229;20;10131750611;S
20240416;102339;229;50;10131750612;S
20240416;102339;229;450;10131750613;S
20240416;102339;229;10;10131750614;S
20240416;102339;229;10;10131750615;S
20240416;102339;229;100;10131750616;S
20240416;102339;229;10;10131750617;S
20240416;102339;229;10;10131750618;S
20240416;102339;229;90;10131750619;S
20240416;102339;229;10;10131750620;S
20240416;102339;229;10;10131750621;S
20240416;102339;229;10;10131750622;S
20240416;102339;229;10;10131750623;S
20240416;102339;229;10;10131750624;S
20240416;102339;229;100;10131750625;S
20240416;102339;229;40;10131750626;S
20240416;102339;229;10;10131750627;S
20240416;102339;229;2500;10131750628;S
20240416;102339;229;2000;10131750629;S
20240416;102339;229;100;10131750630;S
20240416;102339;229;10;10131750631;S
20240416;102339;229;1500;10131750632;S
20240416;102339;229;20;10131750633;S
20240416;102339;229;10;10131750634;S
20240416;102339;229;1000;10131750635;S
20240416;102339;229;30;10131750636;S
20240416;102339;229;10;10131750637;S
20240416;102339;229;20;10131750638;S
20240416;102339;229;10;10131750639;S
20240416;102339;229;20;10131750640;S
20240416;102339;229;10;10131750641;S
20240416;102339;229;10;10131750642;S
20240416;102339;229;20;10131750643;S
20240416;102339;229;10;10131750644;S
20240416;102339;229;10;10131750645;S
20240416;102339;229;1000;10131750646;S
20240416;102339;229;10;10131750647;S
20240416;102339;229;10;10131750648;S
20240416;102339;229;30;10131750649;S
20240416;102339;229;10;10131750650;S
20240416;102339;229;10;10131750651;S
20240416;102339;229;50;10131750652;S
20240416;102339;229;40;10131750653;S
20240416;102339;229;780;10131750654;S
20240416;102339;229;210;10131750655;S
20240416;102339;229;10;10131750656;S
20240416;102339;229;10;10131750657;S
20240416;102339;229;20;10131750658;S
20240416;102339;229;10;10131750659;S
20240416;102339;229;10;10131750660;S
20240416;102339;229;10;10131750661;S
20240416;102339;229;10;10131750662;S
20240416;102339;229;100;10131750663;S
20240416;102339;229;10;10131750664;S
20240416;102339;229;50;10131750665;S
20240416;102339;229;10;10131750666;S
20240416;102339;229;50;10131750667;S
20240416;102339;229;20;10131750668;S
20240416;102339;229;90;10131750669;S
20240416;102339;229;1000;10131750670;S
20240416;102339;229;40;10131750671;S
20240416;102339;229;200;10131750672;S
20240416;102339;229;10;10131750673;S
20240416;102339;229;10;10131750674;S
20240416;102339;229;5410;10131750675;S
20240416;102339;229;10;10131750676;S
20240416;102339;229.06;100;10131750681;B
20240416;102339;229.06;10;10131750701;B
20240416;102339;229.05;40;10131750702;B
20240416;102339;229.05;10;10131750707;B
20240416;102339;229.07;40;10131750708;B
20240416;102339;229.06;10;10131750720;B
20240416;102339;229.04;100;10131750721;B
20240416;102339;229.04;40;10131750722;B
20240416;102339;229.07;10;10131750753;S
20240416;102339;229.07;40;10131750754;S
20240416;102339;229.01;40;10131750755;S
20240416;102340;229.06;10;10131750807;B
20240416;102340;229.05;40;10131750808;B
20240416;102340;229.04;10;10131750812;B
20240416;102340;229.03;40;10131750850;B
20240416;102340;229.03;10;10131750852;B
20240416;102340;229.08;10;10131751034;B
20240416;102340;229.07;40;10131751096;S
20240416;102340;229.07;10;10131751097;S
20240416;102340;229.01;130;10131751098;S
20240416;102340;229.01;330;10131751102;S
20240416;102340;229.01;30;10131751103;S
20240416;102340;229;340;10131751104;S
20240416;102340;229.05;20;10131751106;B
20240416;102340;229.05;40;10131751109;B
20240416;102340;229.05;10;10131751110;B
20240416;102340;229.05;40;10131751111;B
20240416;102340;229.04;50;10131751117;B
20240416;102340;229.07;10;10131751122;B
20240416;102340;229.07;40;10131751131;B
20240416;102340;229;60;10131751157;S
20240416;102341;229.01;10;10131751255;S
20240416;102341;229;1990;10131751256;S
20240416;102341;229;2000;10131751332;S
20240416;102342;229;20;10131751530;S
20240416;102345;229.02;50;10131751896;S
20240416;102345;229;9050;10131751897;S
20240416;102345;229;10;10131751898;S
20240416;102345;229;10;10131751899;S
20240416;102345;229;30;10131751900;S
20240416;102345;229;60;10131751901;S
20240416;102345;229;100;10131751902;S
20240416;102345;229;300;10131751903;S
20240416;102345;229;10;10131751904;S
20240416;102345;229;40;10131751905;S
20240416;102345;229;10;10131751906;S
20240416;102345;229;100;10131751907;S
20240416;102345;229;100;10131751908;S
20240416;102345;229;50;10131751909;S
20240416;102345;229;80;10131751910;S
20240416;102345;229;2000;10131751965;S
20240416;102346;229.01;50;10131752352;B
20240416;102347;229.01;280;10131752405;B
20240416;102348;229.09;60;10131752481;B
20240416;102348;229.1;130;10131752482;B
20240416;102348;229.1;110;10131752483;B
20240416;102348;229.09;50;10131752486;B
20240416;102355;229.03;230;10131755902;S
20240416;102355;229.02;70;10131755903;S
20240416;102356;229.08;10;10131756125;B
20240416;102400;229.08;10;10131756745;B
20240416;102402;229.08;10;10131758049;B
20240416;102402;229.08;100;10131758083;B
20240416;102404;229.08;160;10131758531;B
20240416;102404;229.08;90;10131758532;B
20240416;102404;229.1;250;10131758533;B
20240416;102406;229.13;10;10131758839;B
20240416;102406;229.05;870;10131759504;S
20240416;102406;229.04;500;10131759505;S
20240416;102406;229.04;90;10131759506;S
20240416;102406;229.03;100;10131759507;S
20240416;102406;229.03;340;10131759508;S
20240416;102406;229.02;60;10131759509;S
20240416;102406;229.02;500;10131759510;S
20240416;102406;229.02;10;10131759511;S
20240416;102406;229.02;1000;10131759512;S
20240416;102406;229.01;1720;10131759513;S
20240416;102406;229.01;10;10131759514;S
20240416;102406;229;44020;10131759515;S
20240416;102406;229;10;10131759516;S
20240416;102406;229;10;10131759517;S
20240416;102407;229;110;10131759604;S
20240416;102407;229;110;10131759605;S
20240416;102407;229;110;10131759606;S
20240416;102410;229.01;240;10131760028;B
20240416;102410;229;34780;10131760164;S
20240416;102410;228.99;80;10131760165;S
20240416;102410;228.98;10;10131760166;S
20240416;102410;228.98;1000;10131760167;S
20240416;102410;228.98;20;10131760168;S
20240416;102410;228.97;1000;10131760169;S
20240416;102410;228.96;10;10131760171;S
20240416;102410;228.96;10;10131760172;S
20240416;102410;228.96;200;10131760173;S
20240416;102410;228.96;1000;10131760174;S
20240416;102410;228.96;10;10131760175;S
20240416;102410;228.95;1000;10131760176;S
20240416;102410;228.94;10;10131760177;S
20240416;102411;228.92;30;10131760186;S
20240416;102411;228.92;20;10131760198;S
20240416;102411;228.92;380;10131760204;S
20240416;102411;228.92;20;10131760210;S
20240416;102411;228.95;10;10131760232;B
20240416;102411;228.92;50;10131760341;S
20240416;102411;228.92;50;10131760342;S
20240416;102412;228.92;250;10131760354;S
20240416;102412;228.94;40;10131760360;B
20240416;102412;228.91;10;10131760390;S
20240416;102412;228.91;10;10131760391;S
20240416;102412;228.91;120;10131760392;S
20240416;102412;228.9;10;10131760393;S
20240416;102412;228.9;10;10131760394;S
20240416;102412;228.9;250;10131760395;S
20240416;102412;228.9;10;10131760396;S
20240416;102412;228.9;100;10131760397;S
20240416;102412;228.9;90;10131760398;S
20240416;102412;228.88;100;10131760399;S
20240416;102412;228.87;90;10131760400;S
20240416;102412;228.86;140;10131760401;S
20240416;102412;228.86;10;10131760402;S
20240416;102412;228.85;750;10131760403;S
20240416;102412;228.82;300;10131760404;S
20240416;102412;228.82;40;10131760406;S
20240416;102412;228.82;60;10131760413;S
20240416;102412;228.85;300;10131760431;B
20240416;102412;228.82;200;10131760432;S
20240416;102412;228.82;40;10131760433;S
20240416;102412;228.81;10;10131760434;S
20240416;102412;228.81;40;10131760435;S
20240416;102412;228.8;300;10131760436;S
20240416;102412;228.8;10;10131760437;S
20240416;102412;228.8;100;10131760438;S
20240416;102412;228.8;100;10131760439;S
20240416;102412;228.8;100;10131760440;S
20240416;102412;228.8;100;10131760441;S
20240416;102412;228.8;50;10131760443;S
20240416;102412;228.8;10;10131760444;S
20240416;102412;228.79;80;10131760445;S
20240416;102412;228.77;110;10131760446;S
20240416;102412;228.77;390;10131760447;S
20240416;102412;228.77;780;10131760448;S
20240416;102412;228.76;10;10131760449;S
20240416;102412;228.76;10;10131760450;S
20240416;102412;228.76;30;10131760451;S
20240416;102412;228.75;10;10131760452;S
20240416;102412;228.73;20;10131760453;S
20240416;102412;228.74;100;10131760466;B
20240416;102412;228.74;100;10131760467;B
20240416;102412;228.74;20;10131760468;B
20240416;102412;228.75;100;10131760469;S
20240416;102412;228.74;80;10131760470;S
20240416;102412;228.73;780;10131760471;S
20240416;102412;228.73;120;10131760472;S
20240416;102412;228.73;90;10131760473;S
20240416;102412;228.72;400;10131760474;S
20240416;102412;228.71;50;10131760475;S
20240416;102412;228.71;50;10131760476;S
20240416;102412;228.71;330;10131760477;S
20240416;102412;228.72;780;10131760478;S
20240416;102412;228.71;1220;10131760479;S
20240416;102412;228.71;450;10131760480;S
20240416;102412;228.71;20;10131760481;S
20240416;102412;228.71;60;10131760482;S
20240416;102412;228.7;100;10131760483;S
20240416;102412;228.7;10;10131760484;S
20240416;102412;228.7;100;10131760485;S
20240416;102412;228.7;30;10131760486;S
20240416;102412;228.67;10;10131760487;S
20240416;102412;228.67;90;10131760488;S
20240416;102412;228.66;110;10131760489;S
20240416;102412;228.64;100;10131760490;S
20240416;102412;228.62;30;10131760491;S
20240416;102412;228.61;10;10131760492;S
20240416;102412;228.6;10;10131760493;S
20240416;102412;228.6;10;10131760494;S
20240416;102412;228.6;20;10131760495;S
20240416;102412;228.59;300;10131760496;S
20240416;102412;228.59;100;10131760497;S
20240416;102412;228.58;200;10131760498;S
20240416;102412;228.58;30;10131760499;S
20240416;102412;228.56;210;10131760500;S
20240416;102412;228.75;100;10131760501;B
20240416;102412;228.74;100;10131760502;B
20240416;102412;228.67;100;10131760513;B
20240416;102412;228.67;20;10131760538;B
20240416;102412;228.65;10;10131760555;B
20240416;102412;228.57;120;10131760556;S
20240416;102412;228.57;380;10131760560;S
20240416;102412;228.56;780;10131760561;S
20240416;102412;228.55;50;10131760562;S
20240416;102412;228.55;20;10131760563;S
20240416;102412;228.55;90;10131760564;S
20240416;102412;228.54;10;10131760565;S
20240416;102412;228.54;250;10131760566;S
20240416;102412;228.52;10;10131760567;S
20240416;102412;228.52;10;10131760568;S
20240416;102412;228.51;450;10131760569;S
20240416;102412;228.51;100;10131760570;S
20240416;102412;228.51;60;10131760571;S
20240416;102412;228.52;80;10131760572;S
20240416;102412;228.59;100;10131760575;B
20240416;102412;228.59;100;10131760577;B
20240416;102412;228.61;130;10131760579;B
20240416;102412;228.61;100;10131760580;B
20240416;102412;228.61;90;10131760581;B
20240416;102412;228.64;180;10131760582;B
20240416;102412;228.59;10;10131760607;S
20240416;102412;228.59;90;10131760618;S
20240416;102412;228.59;100;10131760619;S
20240416;102412;228.59;100;10131760620;S
20240416;102412;228.59;100;10131760621;S
20240416;102412;228.6;100;10131760632;B
20240416;102413;228.53;70;10131760635;S
20240416;102413;228.59;100;10131760641;S
20240416;102413;228.53;70;10131760665;S
20240416;102413;228.51;100;10131760666;S
20240416;102413;228.51;130;10131760667;S
20240416;102413;228.5;10;10131760668;S
20240416;102413;228.5;50;10131760669;S
20240416;102413;228.5;30;10131760670;S
20240416;102413;228.55;10;10131760687;B
20240416;102413;228.57;20;10131760688;B
20240416;102413;228.5;30;10131760695;S
20240416;102413;228.5;10;10131760696;S
20240416;102413;228.5;130;10131760697;S
20240416;102413;228.5;10;10131760698;S
20240416;102413;228.5;50;10131760699;S
20240416;102413;228.5;200;10131760700;S
20240416;102413;228.58;20;10131760701;B
20240416;102413;228.5;200;10131760702;S
20240416;102413;228.5;10;10131760703;S
20240416;102413;228.5;90;10131760707;S
20240416;102413;228.5;10;10131760708;S
20240416;102413;228.5;10;10131760709;S
20240416;102413;228.5;100;10131760710;S
20240416;102413;228.5;200;10131760711;S
20240416;102413;228.5;3000;10131760712;S
20240416;102413;228.5;10;10131760713;S
20240416;102413;228.5;10;10131760714;S
20240416;102413;228.5;10;10131760715;S
20240416;102413;228.5;10;10131760716;S
20240416;102413;228.49;50;10131760717;S
20240416;102413;228.49;80;10131760718;S
20240416;102413;228.48;90;10131760719;S
20240416;102413;228.45;340;10131760720;S
20240416;102413;228.45;100;10131760721;S
20240416;102413;228.43;630;10131760722;S
20240416;102413;228.4;10;10131760723;S
20240416;102413;228.4;10;10131760724;S
20240416;102413;228.4;10;10131760725;S
20240416;102413;228.38;90;10131760726;S
20240416;102413;228.5;50;10131760728;B
20240416;102413;228.5;80;10131760729;B
20240416;102413;228.51;20;10131760730;B
20240416;102413;228.54;10;10131760736;B
20240416;102413;228.47;100;10131760759;B
20240416;102413;228.48;50;10131760844;B
20240416;102413;228.48;10;10131760900;B
20240416;102413;228.45;10;10131761501;S
20240416;102413;228.42;70;10131761502;S
20240416;102413;228.46;10;10131761812;B
20240416;102413;228.46;10;10131762184;B
20240416;102414;228.46;320;10131762836;B
20240416;102414;228.48;180;10131762837;B
20240416;102414;228.46;10;10131762843;B
20240416;102414;228.46;90;10131762853;B
20240416;102414;228.48;50;10131762880;B
20240416;102414;228.48;290;10131762883;B
20240416;102414;228.49;10;10131762884;B
20240416;102414;228.5;300;10131762906;B
20240416;102415;228.5;10;10131762976;B
20240416;102415;228.5;190;10131763001;B
20240416;102415;228.5;2810;10131763002;B
20240416;102415;228.49;20;10131763014;S
20240416;102415;228.5;1000;10131763043;B
20240416;102416;228.5;190;10131763064;B
20240416;102416;228.5;150;10131763065;B
20240416;102416;228.5;660;10131763066;B
20240416;102416;228.5;340;10131763086;B
20240416;102416;228.63;130;10131763108;B
20240416;102416;228.64;30;10131763109;B
20240416;102417;228.71;10;10131763367;B
20240416;102417;228.71;10;10131763403;B
20240416;102419;228.72;180;10131763867;S
20240416;102421;228.73;10;10131764177;B
20240416;102421;228.73;10;10131764185;B
20240416;102421;228.73;10;10131765009;B
20240416;102422;228.74;90;10131765088;B
20240416;102422;228.74;50;10131765089;B
20240416;102422;228.76;30;10131765090;B
20240416;102422;228.76;30;10131765091;B
20240416;102426;228.74;10;10131765703;B
20240416;102429;228.73;10;10131766623;B
20240416;102429;228.74;10;10131766624;B
20240416;102429;228.75;10;10131766625;B
20240416;102429;228.76;80;10131766626;B
20240416;102429;228.77;40;10131766627;B
20240416;102429;228.79;10;10131766651;B
20240416;102430;228.79;300;10131766710;B
20240416;102430;228.8;10;10131766730;B
20240416;102432;228.8;60;10131766971;B
20240416;102432;228.73;20;10131767066;S
20240416;102432;228.87;10;10131767257;B
20240416;102433;228.85;10;10131767389;B
20240416;102434;228.85;50;10131769346;B
20240416;102436;228.84;10;10131769611;S
20240416;102436;228.86;20;10131769681;B
20240416;102438;228.84;100;10131769966;S
20240416;102442;228.84;90;10131770803;S
20240416;102442;228.81;80;10131770804;S
20240416;102442;228.8;60;10131770805;S
20240416;102444;228.8;100;10131770992;B
20240416;102445;228.8;10;10131771059;B
20240416;102447;228.8;10;10131772877;B
20240416;102448;228.79;10;10131773056;S
20240416;102448;228.79;90;10131773057;S
20240416;102448;228.8;80;10131773062;B
20240416;102449;228.79;10;10131773232;S
20240416;102450;228.8;10;10131773433;B
20240416;102451;228.79;30;10131773546;S
20240416;102458;228.82;30;10131776409;B
20240416;102458;228.84;80;10131776410;B
20240416;102458;228.85;290;10131776411;B
20240416;102458;228.86;100;10131776412;B
20240416;102501;228.81;60;10131779067;S
20240416;102501;228.8;130;10131779068;S
20240416;102501;228.8;80;10131779069;S
20240416;102501;228.8;20;10131779070;S
20240416;102501;228.78;130;10131779071;S
20240416;102501;228.78;340;10131779072;S
20240416;102501;228.76;10;10131779073;S
20240416;102501;228.76;640;10131779074;S
20240416;102501;228.76;40;10131779139;S
20240416;102501;228.76;870;10131779140;S
20240416;102501;228.75;100;10131779141;S
20240416;102501;228.75;140;10131779142;S
20240416;102501;228.75;1140;10131779146;S
20240416;102501;228.81;10;10131779227;B
20240416;102501;228.75;1420;10131779327;S
20240416;102501;228.8;10;10131779444;B
20240416;102502;228.75;10;10131780029;S
20240416;102502;228.75;350;10131780110;S
20240416;102505;228.76;200;10131783823;B
20240416;102505;228.78;90;10131783824;B
20240416;102505;228.79;290;10131783825;B
20240416;102505;228.79;300;10131783826;B
20240416;102505;228.8;340;10131783827;B
20240416;102505;228.8;10;10131783828;B
20240416;102505;228.83;80;10131783829;B
20240416;102517;228.81;90;10131797868;S
20240416;102517;228.81;10;10131797869;S
20240416;102519;228.81;180;10131799726;S
20240416;102521;228.88;10;10131802020;B
20240416;102522;228.88;30;10131802128;B
20240416;102524;228.88;60;10131803941;B
20240416;102524;228.88;90;10131803942;B
20240416;102524;228.9;150;10131803943;B
20240416;102525;228.88;70;10131805391;S
20240416;102527;228.82;10;10131806715;S
20240416;102527;228.82;80;10131806743;S
20240416;102527;228.82;340;10131806744;S
20240416;102527;228.81;570;10131806745;S
20240416;102527;228.81;300;10131806746;S
20240416;102527;228.81;100;10131806747;S
20240416;102527;228.81;100;10131806748;S
20240416;102527;228.81;10;10131806749;S
20240416;102527;228.8;1000;10131806750;S
20240416;102527;228.8;30;10131806751;S
20240416;102527;228.8;80;10131806752;S
20240416;102527;228.8;80;10131806753;S
20240416;102527;228.77;30;10131806762;S
20240416;102530;228.8;30;10131809163;B
20240416;102530;228.8;50;10131809333;B
20240416;102531;228.78;10;10131809796;S
20240416;102532;228.77;10;10131812198;S
20240416;102534;228.85;20;10131813690;B
20240416;102536;228.84;30;10131815067;B
20240416;102537;228.77;460;10131815832;S
20240416;102537;228.77;100;10131815833;S
20240416;102537;228.76;340;10131815834;S
20240416;102537;228.76;80;10131815835;S
20240416;102537;228.75;1940;10131815836;S
20240416;102537;228.75;200;10131815837;S
20240416;102537;228.75;500;10131815838;S
20240416;102537;228.74;3000;10131815839;S
20240416;102537;228.74;100;10131815840;S
20240416;102538;228.74;10;10131816708;B
20240416;102539;228.74;410;10131819283;B
20240416;102539;228.74;90;10131819284;B
20240416;102539;228.74;10;10131819477;B
20240416;102539;228.73;80;10131819819;S
20240416;102541;228.73;350;10131821607;B
20240416;102542;228.73;70;10131822280;B
20240416;102542;228.74;230;10131822281;B
20240416;102543;228.74;40;10131822809;B
20240416;102543;228.78;10;10131822883;B
20240416;102545;228.8;130;10131824608;B
20240416;102545;228.8;100;10131824609;B
20240416;102545;228.8;80;10131824610;B
20240416;102545;228.81;290;10131824611;B
20240416;102545;228.82;1030;10131824612;B
20240416;102545;228.83;340;10131824613;B
20240416;102545;228.84;20;10131824614;B
20240416;102545;228.85;510;10131824615;B
20240416;102548;228.84;10;10131827988;S
20240416;102548;228.79;240;10131827989;S
20240416;102549;228.79;30;10131829301;S
20240416;102549;228.79;80;10131829302;S
20240416;102549;228.77;340;10131829303;S
20240416;102549;228.74;50;10131829304;S
20240416;102549;228.74;130;10131829305;S
20240416;102549;228.73;510;10131829306;S
20240416;102549;228.73;100;10131829307;S
20240416;102549;228.72;10;10131829308;S
20240416;102549;228.72;20;10131829309;S
20240416;102549;228.72;100;10131829310;S
20240416;102549;228.72;400;10131829311;S
20240416;102549;228.71;10;10131829312;S
20240416;102549;228.7;300;10131829313;S
20240416;102549;228.7;300;10131829314;S
20240416;102549;228.7;6240;10131829315;S
20240416;102549;228.7;60;10131829316;S
20240416;102549;228.7;20;10131829317;S
20240416;102549;228.7;100;10131829318;S
20240416;102549;228.7;220;10131829319;S
20240416;102551;228.66;10;10131830518;S
20240416;102553;228.66;350;10131832602;S
20240416;102557;228.74;50;10131835899;B
20240416;102559;228.74;20;10131836943;B
20240416;102600;228.74;10;10131839032;B
20240416;102600;228.74;20;10131839033;B
20240416;102606;228.73;250;10131844628;B
20240416;102607;228.73;10;10131845514;B
20240416;102616;228.73;10;10131854833;B
20240416;102617;228.7;40;10131855496;S
20240416;102617;228.7;30;10131855497;S
20240416;102617;228.7;80;10131855498;S
20240416;102617;228.69;100;10131855499;S
20240416;102617;228.66;150;10131855500;S
20240416;102617;228.73;30;10131855656;B
20240416;102617;228.74;40;10131855657;B
20240416;102623;228.66;20;10131861146;S
20240416;102623;228.66;70;10131861147;S
20240416;102623;228.73;20;10131861300;B
20240416;102631;228.73;50;10131870069;B
20240416;102636;228.73;380;10131876859;B
20240416;102636;228.74;60;10131876860;B
20240416;102636;228.74;80;10131876861;B
20240416;102636;228.76;80;10131876862;B
20240416;102636;228.77;280;10131876863;B
20240416;102636;228.77;280;10131876864;B
20240416;102644;228.68;310;10131884538;S
20240416;102648;228.68;30;10131888664;S
20240416;102650;228.67;10;10131892546;S
20240416;102652;228.72;30;10131894804;B
20240416;102653;228.72;20;10131896580;B
20240416;102653;228.72;10;10131896581;B
20240416;102653;228.76;40;10131896582;B
20240416;102653;228.76;80;10131896583;B
20240416;102653;228.77;50;10131896584;B
20240416;102654;228.77;150;10131897526;B
20240416;102659;228.77;10;10131902516;B
20240416;102700;228.77;10;10131904229;B
20240416;102700;228.77;10;10131904327;B
20240416;102702;228.68;10;10131906739;S
20240416;102702;228.68;10;10131906778;S
20240416;102702;228.67;40;10131906779;S
20240416;102705;228.7;200;10131909868;S
20240416;102705;228.7;10;10131909869;S
20240416;102705;228.69;80;10131909870;S
20240416;102705;228.66;10;10131909871;S
20240416;102705;228.66;40;10131909872;S
20240416;102705;228.66;80;10131909873;S
20240416;102705;228.66;20;10131909874;S
20240416;102705;228.65;10500;10131909875;S
20240416;102705;228.65;50;10131909876;S
20240416;102705;228.65;50;10131909877;S
20240416;102705;228.65;100;10131909878;S
20240416;102705;228.65;200;10131909879;S
20240416;102712;228.67;70;10131918441;S
20240416;102712;228.66;500;10131918442;S
20240416;102712;228.65;10770;10131918443;S
20240416;102713;228.67;10;10131918884;B
20240416;102713;228.65;500;10131919235;S
20240416;102716;228.67;190;10131921979;B
20240416;102716;228.65;11320;10131922529;S
20240416;102716;228.65;20;10131922530;S
20240416;102717;228.67;40;10131923478;B
20240416;102717;228.67;10;10131923762;B
20240416;102717;228.66;200;10131923818;B
20240416;102717;228.66;80;10131923819;B
20240416;102717;228.67;90;10131923820;B
20240416;102717;228.67;30;10131923821;B
20240416;102717;228.67;180;10131924039;B
20240416;102718;228.67;10;10131924553;B
20240416;102719;228.67;10;10131925789;B
20240416;102720;228.66;50;10131926862;S
20240416;102721;228.65;10760;10131927486;S
20240416;102721;228.65;80;10131927487;S
20240416;102721;228.65;500;10131927488;S
20240416;102723;228.67;40;10131930511;B
20240416;102726;228.67;100;10131933425;B
20240416;102727;228.67;100;10131934373;S
20240416;102727;228.67;580;10131935211;S
20240416;102727;228.66;20;10131935212;S
20240416;102727;228.65;6150;10131935213;S
20240416;102727;228.65;1000;10131935214;S
20240416;102728;228.65;10;10131936222;B
20240416;102730;228.65;10;10131938725;B
20240416;102730;228.66;40;10131938726;B
20240416;102731;228.65;40;10131939806;B
20240416;102731;228.66;160;10131939807;B
20240416;102731;228.66;10;10131940024;B
20240416;102736;228.71;10;10131944855;B
20240416;102738;228.71;100;10131947662;B
20240416;102744;228.7;10;10131955377;S
20240416;102751;228.72;290;10131961996;S
20240416;102751;228.71;140;10131961997;S
20240416;102756;228.71;10;10131967768;S
20240416;102757;228.74;10;10131969435;B
20240416;102757;228.74;40;10131969598;B
20240416;102757;228.75;90;10131969599;B
20240416;102757;228.76;70;10131969600;B
20240416;102758;228.77;70;10131970395;B
20240416;102758;228.77;20;10131970640;B
20240416;102800;228.74;30;10131972094;S
20240416;102809;228.77;10;10131981864;B
20240416;102809;228.77;50;10131981865;B
20240416;102809;228.77;10;10131981866;B
20240416;102809;228.77;10;10131981867;B
20240416;102809;228.77;10;10131981868;B
20240416;102809;228.77;10;10131981869;B
20240416;102809;228.77;10;10131981870;B
20240416;102809;228.77;20;10131981871;B
20240416;102809;228.77;10;10131981872;B
20240416;102809;228.77;10;10131981873;B
20240416;102809;228.77;10;10131982044;B
20240416;102809;228.77;10;10131982045;B
20240416;102810;228.77;10;10131982647;S
20240416;102810;228.78;840;10131982726;B
20240416;102810;228.78;130;10131982727;B
20240416;102810;228.79;80;10131982728;B
20240416;102810;228.81;300;10131982729;B
20240416;102810;228.82;180;10131982730;B
20240416;102812;228.86;50;10131984637;B
20240416;102812;228.86;3200;10131984638;B
20240416;102816;228.86;90;10131989088;B
20240416;102816;228.86;50;10131989919;B
20240416;102820;228.81;90;10131993753;S
20240416;102821;228.78;130;10131994989;S
20240416;102821;228.77;30;10131994990;S
20240416;102822;228.85;20;10131995413;B
20240416;102823;228.85;10;10131996864;B
20240416;102825;228.85;100;10131998408;B
20240416;102825;228.86;50;10131998409;B
20240416;102829;228.86;10;10132002946;B
20240416;102833;228.86;40;10132006850;B
20240416;102836;228.86;200;10132009069;B
20240416;102838;228.86;20;10132011346;B
20240416;102839;228.86;10;10132011936;B
20240416;102841;228.86;150;10132013960;B
20240416;102844;228.87;30;10132015717;B
20240416;102846;228.85;10;10132017318;S
20240416;102850;228.87;10;10132020654;B
20240416;102850;228.87;70;10132020655;B
20240416;102851;228.88;10;10132021525;B
20240416;102852;228.88;10;10132022239;B
20240416;102854;228.88;10;10132023634;B
20240416;102855;228.88;530;10132024809;B
20240416;102855;228.88;80;10132024810;B
20240416;102855;228.89;90;10132024811;B
20240416;102855;228.87;20;10132024952;S
20240416;102859;228.9;270;10132027865;B
20240416;102859;228.9;10;10132027866;B
20240416;102859;228.9;50;10132027867;B
20240416;102859;228.9;90;10132027868;B
20240416;102859;228.9;80;10132027869;B
20240416;102859;228.92;290;10132027870;B
20240416;102859;228.94;210;10132027871;B
20240416;102901;228.89;20;10132029729;S
20240416;102902;228.9;10;10132030979;B
20240416;102907;228.9;10;10132035391;B
20240416;102908;228.9;10;10132035947;B
20240416;102909;228.9;10;10132036953;B
20240416;102912;228.89;80;10132039812;S
20240416;102912;228.88;40;10132039813;S
20240416;102918;228.9;10;10132044986;B
20240416;102919;228.9;180;10132045841;B
20240416;102920;228.88;10;10132046293;S
20240416;102920;228.9;70;10132046302;B
20240416;102921;228.88;50;10132047096;S
20240416;102923;228.9;20;10132048936;B
20240416;102924;228.9;10;10132049734;B
20240416;102925;228.88;20;10132050321;S
20240416;102926;228.88;30;10132051224;S
20240416;102926;228.9;50;10132051310;B
20240416;102927;228.9;20;10132052528;B
20240416;102927;228.9;90;10132052529;B
20240416;102927;228.91;80;10132052530;B
20240416;102927;228.93;290;10132052531;B
20240416;102927;228.94;520;10132052532;B
20240416;102928;228.88;10;10132052879;S
20240416;102932;228.94;20;10132057593;B
20240416;102933;228.94;40;10132058123;B
20240416;102936;228.92;30;10132061621;S
20240416;102937;228.94;20;10132062563;B
20240416;102943;228.94;40;10132067857;B
20240416;102944;228.94;10;10132068824;B
20240416;102944;228.94;1000;10132068930;B
20240416;102949;228.94;280;10132073596;B
20240416;102950;228.94;10;10132074865;B
20240416;102953;228.94;70;10132077625;B
20240416;102954;228.94;20;10132078001;B
20240416;102955;228.94;10;10132079462;B
20240416;102957;228.94;20;10132081721;B
20240416;103006;228.94;100;10132090918;B
20240416;103010;228.92;10;10132094062;S
20240416;103013;228.94;300;10132097985;B
20240416;103013;228.94;330;10132098004;B
20240416;103013;228.94;70;10132098005;B
20240416;103016;228.94;40;10132100637;B
20240416;103016;228.99;80;10132100638;B
20240416;103016;229;60;10132100639;B
