<DATE>;<TIME>;<LAST>;<VOL>;<ID>;<OPER>
20241022;095948;864.4;2;11323554481;B
20241022;100003;864.4;7;11323562144;S
20241022;100003;864.2;3;11323562145;S
20241022;100003;865.9;1;11323562149;B
20241022;100003;864.2;1;11323562286;S
20241022;100003;866;4;11323562648;B
20241022;100003;866;2;11323562649;B
20241022;100004;864.2;1;11323562953;S
20241022;100004;864.2;1;11323562954;S
20241022;100004;864.2;1;11323562955;S
20241022;100004;864.2;7;11323562956;S
20241022;100004;866;1;11323563097;B
20241022;100004;866;5;11323563415;B
20241022;100004;866;1;11323564338;B
20241022;100005;864.2;3;11323565365;S
20241022;100005;864.2;4;11323565366;S
20241022;100005;864.2;1;11323565367;S
20241022;100005;864.2;1;11323565368;S
20241022;100005;864.2;1;11323565369;S
20241022;100005;864.2;20;11323565370;S
20241022;100005;864.1;1;11323565371;S
20241022;100005;864;1;11323565372;S
20241022;100005;863.9;6;11323565373;S
20241022;100005;863.2;1;11323565374;S
20241022;100005;863;1;11323565375;S
20241022;100005;863;1;11323565376;S
20241022;100005;862.4;11;11323565377;S
20241022;100005;862.6;5;11323565739;S
20241022;100005;862.6;1;11323566209;S
20241022;100005;862.6;2;11323566211;S
20241022;100006;865.2;1;11323566824;B
20241022;100006;864;2;11323566897;S
20241022;100006;865.2;2;11323566899;B
20241022;100008;864;1;11323567495;S
20241022;100008;862.3;1;11323567496;S
20241022;100008;862.2;1;11323567497;S
20241022;100008;862.2;1;11323567498;S
20241022;100008;862.2;13;11323567499;S
20241022;100008;864.4;3;11323567765;B
20241022;100051;864.2;20;11323578713;B
20241022;100051;864.3;5;11323578714;B
20241022;100133;866.1;5;11323587487;S
20241022;100133;866;5;11323587488;S
20241022;100147;866.8;1;11323590174;B
20241022;100150;866.8;2;11323590926;B
20241022;100206;866.8;1;11323594048;B
20241022;100217;866.1;2;11323597688;S
20241022;100223;866.1;1;11323599322;S
20241022;100223;866;2;11323599323;S
20241022;100231;866.1;1;11323600998;S
20241022;100231;866;2;11323600999;S
20241022;100232;866;16;11323601084;S
20241022;100242;866.1;1;11323602952;S
20241022;100242;866;2;11323602953;S
20241022;100246;866.2;1;11323604103;B
20241022;100307;866.4;1;11323607809;S
20241022;100312;866.3;1;11323608592;S
20241022;100326;866.8;5;11323611758;B
20241022;100326;866.8;4;11323611759;B
20241022;100326;866.9;4;11323611760;B
20241022;100326;867;64;11323611761;B
20241022;100339;866.3;4;11323614293;S
20241022;100339;866.3;2;11323614294;S
20241022;100348;866.9;1;11323615478;B
20241022;100421;866.4;2;11323620635;S
20241022;100428;866.5;1;11323621757;S
20241022;100520;866.6;1;11323631014;S
20241022;100520;866.5;10;11323631015;S
20241022;100520;866.5;1;11323631016;S
20241022;100520;866.4;3;11323631017;S
20241022;100520;866.4;1;11323631018;S
20241022;100520;866.4;1;11323631019;S
20241022;100520;866.2;1;11323631020;S
20241022;100520;866.2;58;11323631021;S
20241022;100520;866.1;1;11323631022;S
20241022;100520;866;23;11323631023;S
20241022;100523;866.9;1;11323631547;B
20241022;100523;866.9;1;11323631548;B
20241022;100523;866.9;1;11323631549;B
20241022;100523;866.9;13;11323631550;B
20241022;100526;867;5;11323631984;B
20241022;100526;867;5;11323632047;B
20241022;100527;867;5;11323632121;B
20241022;100527;867;5;11323632209;B
20241022;100528;867;5;11323632311;B
20241022;100529;867;5;11323632404;B
20241022;100529;867;5;11323632498;B
20241022;100530;867;1;11323632615;B
20241022;100530;867;1;11323632616;B
20241022;100530;867;1;11323632617;B
20241022;100534;867.2;6;11323633520;B
20241022;100534;867.2;44;11323633521;B
20241022;100549;867;1;11323636053;S
20241022;100553;867.1;1;11323636661;B
20241022;100611;867.2;5;11323639569;B
20241022;100611;867.2;5;11323639696;B
20241022;100612;867.2;5;11323639867;B
20241022;100613;867.2;5;11323639917;B
20241022;100613;867.2;2;11323640029;B
20241022;100628;867.5;1;11323642189;B
20241022;100649;867.5;1;11323645728;B
20241022;100652;867.6;3;11323646221;B
20241022;100652;867.7;1;11323646222;B
20241022;100652;867.8;1;11323646223;B
20241022;100652;867.9;1;11323646224;B
20241022;100652;868;4;11323646225;B
20241022;100703;867.5;1;11323648056;S
20241022;100703;867.4;1;11323648057;S
20241022;100703;867.3;3;11323648058;S
20241022;100703;867.3;1;11323648059;S
20241022;100703;867.2;3;11323648060;S
20241022;100703;867.1;2;11323648061;S
20241022;100703;867.1;2;11323648062;S
20241022;100703;867;5;11323648063;S
20241022;100703;866.9;15;11323648064;S
20241022;100728;867;2;11323652848;S
20241022;100728;867;92;11323652864;B
20241022;100728;867.4;3;11323652865;B
20241022;100728;867.5;3;11323652866;B
20241022;100728;868;8;11323652867;B
20241022;100728;868;5;11323652868;B
20241022;100728;868;2;11323652869;B
20241022;100733;868.1;1;11323653596;B
20241022;100734;868.5;5;11323653804;B
20241022;100734;868.7;1;11323653805;B
20241022;100734;868.7;3;11323653806;B
20241022;100734;868.7;3;11323653807;B
20241022;100734;868.8;1;11323653808;B
20241022;100734;868.8;2;11323653809;B
20241022;100734;868.8;2;11323653810;B
20241022;100734;868.9;3;11323653811;B
20241022;100735;869;1;11323654059;B
20241022;100735;869;50;11323654060;B
20241022;100735;869.2;1;11323654061;B
20241022;100735;869.2;64;11323654062;B
20241022;100735;869.1;55;11323654088;B
20241022;100735;869.2;61;11323654089;B
20241022;100736;869.2;525;11323654216;B
20241022;100736;869.3;1;11323654217;B
20241022;100736;869.4;1;11323654218;B
20241022;100736;869.4;5;11323654219;B
20241022;100736;869.7;5;11323654283;B
20241022;100737;869.7;1;11323654341;B
20241022;100737;869.8;1;11323654342;B
20241022;100737;869.8;3;11323654343;B
20241022;100737;869.8;5;11323654427;B
20241022;100737;869.8;5;11323654455;B
20241022;100742;868.9;20;11323655039;S
20241022;100742;868.8;10;11323655040;S
20241022;100749;869.6;1;11323656628;B
20241022;100749;869.8;11;11323656629;B
20241022;100749;869.8;5;11323656630;B
20241022;100749;869.8;3;11323656631;B
20241022;100806;869.2;1;11323660062;S
20241022;100806;869.2;1;11323660063;S
20241022;100806;869.2;3;11323660064;S
20241022;100806;869.1;2;11323660065;S
20241022;100806;869.1;3;11323660066;S
20241022;100806;868.9;6;11323660067;S
20241022;100806;868.8;20;11323660068;S
20241022;100806;868.7;1;11323660069;S
20241022;100806;868.7;3;11323660070;S
20241022;100806;868.6;10;11323660071;S
20241022;100807;869.9;9;11323660092;B
20241022;100807;869.9;10;11323660093;B
20241022;100807;869.9;20;11323660094;B
20241022;100807;870;2;11323660095;B
20241022;100807;870;59;11323660096;B
20241022;100807;868.9;20;11323660232;S
20241022;100807;868.9;16;11323660233;S
20241022;100807;868.8;5;11323660234;S
20241022;100807;868.7;3;11323660235;S
20241022;100807;868.7;5;11323660236;S
20241022;100807;868.6;58;11323660237;S
20241022;100807;868.5;5;11323660238;S
20241022;100807;868.5;200;11323660239;S
20241022;100807;868.5;200;11323660240;S
20241022;100807;868.3;5;11323660241;S
20241022;100807;868.3;1;11323660242;S
20241022;100807;868.3;1;11323660243;S
20241022;100807;868.2;81;11323660244;S
20241022;100809;869.1;1;11323660646;B
20241022;100809;869.2;1;11323660647;B
20241022;100814;868.7;1;11323661493;S
20241022;100814;868.3;1;11323661494;S
20241022;100819;868.3;2;11323662238;S
20241022;100819;868.3;3;11323662239;S
20241022;100825;868.3;1;11323663062;S
20241022;100919;868.5;1;11323672046;B
20241022;100919;868.6;1;11323672047;B
20241022;100919;868.3;10;11323672089;S
20241022;100919;868.3;10;11323672090;S
20241022;100919;868.3;1;11323672091;S
20241022;100919;868.2;2;11323672092;S
20241022;100919;868.2;1;11323672093;S
20241022;100919;868.1;1;11323672094;S
20241022;100919;868;28;11323672095;S
20241022;100925;868;16;11323673035;S
20241022;100925;868;513;11323673036;S
20241022;100942;868.1;31;11323675458;S
20241022;100942;868;6;11323675459;S
20241022;100948;868.6;1;11323676283;B
20241022;101000;868;232;11323678257;S
20241022;101000;868;121;11323678258;S
20241022;101000;868;4;11323678259;S
20241022;101047;868;1;11323685654;S
20241022;101100;868.2;12;11323687577;B
20241022;101117;868.1;1;11323690286;B
20241022;101120;868.1;1;11323690649;B
20241022;101137;868;10;11323692862;S
20241022;101204;868.1;2;11323696557;B
20241022;101233;868.1;1;11323700926;B
20241022;101249;868;240;11323702845;S
20241022;101300;868;1;11323704028;S
20241022;101315;868.1;1;11323706052;B
20241022;101350;868.1;5;11323710829;B
20241022;101402;868.1;7;11323712303;B
20241022;101402;868.1;1;11323712338;B
20241022;101422;868.1;2;11323715053;B
20241022;101431;868;5;11323716362;S
20241022;101438;868.1;1;11323717299;B
20241022;101438;868.1;1;11323717348;B
20241022;101446;868;6;11323718855;S
20241022;101455;868.1;2;11323720348;B
20241022;101510;868;2;11323723106;S
20241022;101510;868;4;11323723143;S
20241022;101516;868;1;11323725459;S
20241022;101524;868.1;25;11323727810;B
20241022;101524;868.1;6;11323727811;B
20241022;101524;868.1;5;11323727812;B
20241022;101524;868.2;14;11323727813;B
20241022;101525;868.2;50;11323728313;B
20241022;101527;868.2;1;11323729000;B
20241022;101533;868.2;1;11323730363;B
20241022;101534;868.2;1;11323730457;B
20241022;101534;868;1;11323730497;S
20241022;101534;868.2;1;11323730537;B
20241022;101535;868.2;1;11323730696;B
20241022;101535;868.5;1;11323730759;B
20241022;101540;868.5;1;11323731851;B
20241022;101542;868;3;11323732178;S
20241022;101547;868;5;11323733104;S
20241022;101604;868;3;11323737343;S
20241022;101607;868.6;2;11323738567;B
20241022;101607;868.6;5;11323738568;B
20241022;101607;868.6;10;11323738569;B
20241022;101607;868.9;5;11323738570;B
20241022;101607;869;1;11323738571;B
20241022;101607;869.1;27;11323738572;B
20241022;101613;868.6;17;11323741162;S
20241022;101616;869.3;1;11323742169;B
20241022;101620;868.2;1;11323743885;S
20241022;101620;868;10;11323743898;S
20241022;101625;868.1;1;11323744882;S
20241022;101625;868;38;11323745044;S
20241022;101632;868;1;11323746444;S
20241022;101632;868.7;5;11323746515;B
20241022;101632;868.8;1;11323746516;B
20241022;101632;868.9;19;11323746517;B
20241022;101638;868.3;1;11323747686;S
20241022;101639;868.8;1;11323747716;B
20241022;101647;868.7;1;11323749171;B
20241022;101712;868.8;4;11323753521;B
20241022;101712;868.8;10;11323753522;B
20241022;101712;868.8;2;11323753523;B
20241022;101712;868.8;14;11323753524;B
20241022;101732;868.2;1;11323756524;S
20241022;101732;868.1;19;11323756525;S
20241022;101732;868.1;60;11323756526;S
20241022;101741;868.1;4;11323757879;S
20241022;101741;868;6;11323757880;S
20241022;101746;868;38;11323759503;S
20241022;101746;868;301;11323759504;S
20241022;101746;868;101;11323759505;S
20241022;101746;868;258;11323759506;S
20241022;101746;868;451;11323759507;S
20241022;101746;868;567;11323759508;S
20241022;101746;868;203;11323759509;S
20241022;101746;868;58;11323759510;S
20241022;101746;868;54;11323759511;S
20241022;101746;868;54;11323759512;S
20241022;101746;868;84;11323759513;S
20241022;101746;868;1;11323759514;S
20241022;101746;868;10;11323759515;S
20241022;101746;868;2;11323759516;S
20241022;101746;868;10;11323759517;S
20241022;101746;868;7;11323759518;S
20241022;101746;868;5;11323759519;S
20241022;101746;868;1;11323759520;S
20241022;101746;867.9;33;11323759521;S
20241022;101746;866.9;46;11323759522;S
20241022;101746;866.9;3;11323759523;S
20241022;101746;866.9;1;11323759524;S
20241022;101746;866.3;10;11323759525;S
20241022;101746;866;4;11323759526;S
20241022;101746;866;1;11323759527;S
20241022;101746;866;4;11323759528;S
20241022;101746;865.8;10;11323759529;S
20241022;101746;865.7;10;11323759530;S
20241022;101746;865.6;28;11323759531;S
20241022;101746;865.6;20;11323759532;S
20241022;101746;865.5;2;11323759533;S
20241022;101746;865.5;237;11323759534;S
20241022;101746;865.5;80;11323759535;S
20241022;101746;865.4;300;11323759536;S
20241022;101746;865.2;10;11323759537;S
20241022;101746;865.2;1;11323759538;S
20241022;101746;865.2;28;11323759539;S
20241022;101746;865.1;10;11323759540;S
20241022;101746;865.1;150;11323759541;S
20241022;101746;865.1;3;11323759542;S
20241022;101746;865.1;20;11323759543;S
20241022;101746;865.1;20;11323759544;S
20241022;101746;865.1;116;11323759545;S
20241022;101746;865.1;30;11323759546;S
20241022;101746;865.1;2;11323759547;S
20241022;101746;865;82;11323759548;S
20241022;101746;865;312;11323759549;S
20241022;101746;865;211;11323759550;S
20241022;101746;865;46;11323759551;S
20241022;101746;865;322;11323759552;S
20241022;101746;865;189;11323759553;S
20241022;101746;865;721;11323759554;S
20241022;101746;865;1085;11323759555;S
20241022;101746;865;180;11323759556;S
20241022;101746;865;203;11323759557;S
20241022;101746;865;495;11323759558;S
20241022;101746;865;70;11323759559;S
20241022;101746;865;624;11323759560;S
20241022;101746;865;173;11323759561;S
20241022;101746;865;209;11323759562;S
20241022;101746;865;213;11323759563;S
20241022;101746;865;152;11323759564;S
20241022;101746;865;228;11323759565;S
20241022;101746;865;262;11323759566;S
20241022;101746;865;41;11323759567;S
20241022;101746;865;84;11323759568;S
20241022;101746;865;138;11323759569;S
20241022;101746;865;296;11323759570;S
20241022;101746;865;1;11323759571;S
20241022;101746;865;5;11323759572;S
20241022;101746;865;274;11323759573;B
20241022;101746;864.6;5;11323759637;S
20241022;101746;864.6;1;11323759653;S
20241022;101746;864.6;20;11323759694;S
20241022;101748;864.6;9;11323760572;S
20241022;101748;864.6;12;11323760573;S
20241022;101748;864.6;19;11323760574;S
20241022;101750;866.2;2;11323761311;B
20241022;101751;864.6;1;11323762032;S
20241022;101758;864.4;20;11323764674;S
20241022;101758;864.3;1;11323764675;S
20241022;101758;864.3;1;11323764676;S
20241022;101758;864;4;11323764677;S
20241022;101758;863.8;7;11323764678;S
20241022;101758;863;1;11323764715;S
20241022;101758;862.7;3;11323764716;S
20241022;101758;862.4;12;11323764717;S
20241022;101801;862.8;70;11323765965;S
20241022;101812;862.5;5;11323769364;S
20241022;101812;862.4;30;11323769365;S
20241022;101812;862.4;5;11323769366;S
20241022;101815;862.5;17;11323770547;S
20241022;101832;862.5;11;11323774029;S
20241022;101832;862.4;9;11323774030;S
20241022;101840;862.4;2;11323775041;S
20241022;101843;863;1;11323775292;B
20241022;101843;863.3;3;11323775337;B
20241022;101848;863;1;11323775934;S
20241022;101855;863;100;11323776768;S
20241022;101900;863;1;11323777355;S
20241022;101904;863;1;11323777893;S
20241022;101918;863;26;11323779849;S
20241022;101921;863;4;11323780326;S
20241022;101929;863.1;2;11323781504;B
20241022;101952;863;1;11323783847;S
20241022;102020;863.1;1;11323788144;B
20241022;102035;863.1;25;11323797542;B
20241022;102035;863.1;5;11323797543;B
20241022;102038;863.3;1;11323800135;B
20241022;102043;863.1;53;11323802485;S
20241022;102109;863.1;1;11323820296;S
20241022;102128;863.1;5;11323832514;S
20241022;102142;863.3;7;11323834341;B
20241022;102200;863.1;1;11323837675;S
20241022;102200;863.1;6;11323837745;S
20241022;102210;863.2;1;11323839992;B
20241022;102218;863.2;4;11323841354;B
20241022;102218;863.3;12;11323841355;B
20241022;102251;863.4;3;11323847543;B
20241022;102312;863.4;2;11323851698;B
20241022;102312;863.5;3;11323851699;B
20241022;102447;863.4;1;11323864647;B
20241022;102448;863.3;11;11323864873;S
20241022;102457;863.4;1;11323865692;B
20241022;102458;863.3;4;11323865772;S
20241022;102505;863.3;19;11323866649;S
20241022;102516;863.3;1;11323867953;B
20241022;102516;863.3;17;11323867985;B
20241022;102516;863.3;3;11323867986;B
20241022;102522;863.2;1;11323868397;S
20241022;102529;863.1;30;11323868898;S
20241022;102529;863.1;1;11323868899;S
20241022;102529;863;216;11323868900;S
20241022;102529;863;3;11323868901;S
20241022;102529;863;3;11323868902;S
20241022;102539;862.5;1;11323869730;S
20241022;102539;862.3;7;11323869731;S
20241022;102546;862.3;2;11323870592;S
20241022;102546;862.3;6;11323870593;S
20241022;102546;862.3;2;11323870594;S
20241022;102550;862.3;10;11323870953;S
20241022;102603;862.3;3;11323872453;S
20241022;102603;862.3;3;11323872454;S
20241022;102603;862.3;10;11323872455;S
20241022;102603;862.2;19;11323872456;S
20241022;102603;862.2;1;11323872457;S
20241022;102610;862.2;1;11323873297;B
20241022;102611;862;1;11323873377;S
20241022;102611;862;9;11323873378;S
20241022;102611;862;1;11323873381;S
20241022;102611;862;4;11323873382;S
20241022;102611;862;2;11323873383;S
20241022;102611;862;5;11323873384;S
20241022;102611;862;2;11323873385;S
20241022;102611;862;4;11323873386;S
20241022;102611;862;6;11323873387;S
20241022;102616;861.8;3;11323874012;B
20241022;102634;861.7;1;11323876327;S
20241022;102634;861.7;1;11323876328;S
20241022;102637;861.8;2;11323876880;B
20241022;102710;861.3;3;11323881544;S
20241022;102710;861.3;10;11323881545;S
20241022;102710;861.3;1;11323881546;S
20241022;102710;861;2;11323881547;S
20241022;102710;861;2;11323881548;S
20241022;102710;860.9;2;11323881549;S
20241022;102710;860.7;10;11323881550;S
20241022;102710;860.7;6;11323881553;S
20241022;102717;861.7;8;11323882514;B
20241022;102717;861.9;6;11323882515;B
20241022;102717;862;2;11323882516;B
20241022;102717;862;58;11323882517;B
20241022;102717;862;58;11323882518;B
20241022;102717;862.1;76;11323882519;B
20241022;102717;862.3;36;11323882520;B
20241022;102717;862.2;2;11323882521;B
20241022;102717;862.3;34;11323882522;B
20241022;102717;862.3;2;11323882523;B
20241022;102717;862.4;141;11323882524;B
20241022;102717;862.4;9;11323882526;B
20241022;102717;862.6;2;11323882527;B
20241022;102717;862.7;20;11323882528;B
20241022;102717;862.8;5;11323882529;B
20241022;102717;863;42;11323882530;S
20241022;102717;863.2;10;11323882559;B
20241022;102805;863.1;3;11323890140;B
20241022;102824;863.1;1;11323892465;B
20241022;102836;863.1;1;11323893962;B
20241022;102836;863.2;49;11323893963;B
20241022;102913;863.2;1;11323898351;B
20241022;102913;863.2;2;11323898441;B
20241022;102943;863.2;1;11323902078;B
20241022;102949;863.2;5;11323903704;B
20241022;103023;863.2;23;11323908990;B
20241022;103023;863.2;16;11323908991;B
20241022;103023;863.4;5;11323908992;B
20241022;103023;863.4;22;11323908993;B
20241022;103023;863.5;25;11323908994;B
20241022;103036;863.2;1;11323910534;S
20241022;103036;863.1;1;11323910535;S
20241022;103036;863.1;1;11323910536;S
20241022;103112;863.1;2;11323914505;S
20241022;103113;863.5;12;11323914631;B
20241022;103138;863.1;1;11323918093;S
20241022;103251;863.5;1;11323927530;B
20241022;103303;863.5;2;11323928817;B
20241022;103307;863.5;3;11323929325;B
20241022;103316;863.5;2;11323930293;B
20241022;103334;863.3;45;11323932542;S
20241022;103337;863.3;1;11323932855;S
20241022;103340;863.5;2;11323933238;B
20241022;103404;863.4;1;11323935953;S
20241022;103404;863.4;4;11323935954;S
20241022;103424;863.4;1;11323938366;S
20241022;103425;863.4;1;11323938375;S
20241022;103427;863.4;21;11323938675;S
20241022;103427;863.3;3;11323938676;S
20241022;103427;863.3;22;11323938677;S
20241022;103427;863.2;3;11323938678;S
20241022;103427;863.2;1;11323938679;S
20241022;103439;863.5;1;11323940198;B
20241022;103439;863.5;2;11323940199;B
20241022;103439;863.5;5;11323940200;B
20241022;103439;863.5;4;11323940201;B
20241022;103509;863.3;1;11323944746;S
20241022;103524;863.5;3;11323947360;B
20241022;103524;863.6;12;11323947361;B
20241022;103548;863.6;10;11323950405;B
20241022;103617;863.6;1;11323955508;B
20241022;103629;863.6;1;11323958539;B
20241022;103714;863.5;5;11323966425;S
20241022;103736;863.6;1;11323970082;B
20241022;103743;863.5;1;11323971188;S
20241022;103759;863.5;4;11323974067;S
20241022;103759;863.3;1;11323974068;S
20241022;103823;863.2;3;11323979525;S
20241022;103837;863.2;7;11323982093;S
20241022;103837;863.2;5;11323982094;S
20241022;103841;863.2;2;11323983320;S
20241022;103849;863.5;5;11323984721;B
20241022;103849;863.5;8;11323984722;B
20241022;103849;863.6;25;11323984723;B
20241022;103849;863.6;5;11323984724;B
20241022;103849;863.6;3;11323984725;B
20241022;103849;863.6;7;11323984726;B
20241022;103849;863.9;9;11323984727;B
20241022;103849;863.9;5;11323984728;B
20241022;103849;863.9;1;11323984729;B
20241022;103849;863.9;4;11323984730;B
20241022;103849;863.9;116;11323984731;B
20241022;103849;864;75;11323984784;B
20241022;103858;864;3;11323987544;B
20241022;103908;863.9;3;11323989423;S
20241022;103908;863.9;4;11323989424;S
20241022;103914;864;2;11323990696;B
20241022;103916;863.9;110;11323991086;S
20241022;103921;864;7;11323992420;B
20241022;103939;864;1;11323995583;B
20241022;103950;864;1;11323997051;B
20241022;104057;864;4;11324006811;B
20241022;104100;864;7;11324007079;B
20241022;104100;864;119;11324007080;B
20241022;104100;864;102;11324007082;B
20241022;104107;864;1;11324008783;B
20241022;104125;863.9;20;11324012300;S
20241022;104151;864;3;11324017850;B
20241022;104152;864;5;11324017987;B
20241022;104157;864;5;11324018511;B
20241022;104200;864;5;11324018862;B
20241022;104206;864;5;11324019680;B
20241022;104214;864;1;11324020792;B
20241022;104232;864;2;11324023106;B
20241022;104245;864;252;11324024800;B
20241022;104249;864;50;11324025145;S
20241022;104311;864;5;11324028116;S
20241022;104451;864.2;1;11324043128;B
20241022;104513;864.2;1;11324047866;B
20241022;104549;864.1;7;11324052899;S
20241022;104603;864.2;1;11324055056;B
20241022;104610;864.1;50;11324055998;S
20241022;104614;864.2;2;11324056543;B
20241022;104616;864.3;50;11324056867;B
20241022;104616;864.3;10;11324056868;B
20241022;104617;864.4;50;11324057018;B
20241022;104617;864.4;10;11324057019;B
20241022;104617;864.5;50;11324057020;B
20241022;104617;864.5;5;11324057021;B
20241022;104617;864.5;10;11324057022;B
20241022;104620;864.6;4;11324057436;B
20241022;104620;864.7;28;11324057437;B
20241022;104620;864.8;5;11324057438;B
20241022;104620;864.8;12;11324057439;B
20241022;104620;864.8;1;11324057440;B
20241022;104620;864.9;699;11324057441;B
20241022;104621;864.9;200;11324057571;B
20241022;104621;864.9;200;11324057605;B
20241022;104621;864.9;200;11324057656;B
20241022;104621;864.9;250;11324057680;B
20241022;104622;864.9;120;11324057687;B
20241022;104622;864.9;100;11324057689;B
20241022;104622;864.9;50;11324057690;B
20241022;104622;864.9;45;11324057699;B
20241022;104622;864.9;23;11324057701;B
20241022;104622;864.9;10;11324057702;B
20241022;104622;864.9;50;11324057715;B
20241022;104622;864.9;50;11324057724;B
20241022;104622;864.9;3;11324057739;B
20241022;104622;865;20;11324057740;B
20241022;104622;865;50;11324057742;B
20241022;104622;865;140;11324057790;B
20241022;104622;865;50;11324057792;B
20241022;104622;865;200;11324057809;B
20241022;104622;865;50;11324057810;B
20241022;104623;865;50;11324057826;B
20241022;104623;865;23;11324057830;B
20241022;104623;865;10;11324057837;B
20241022;104623;865;50;11324057841;B
20241022;104623;865;10;11324057867;B
20241022;104623;865;1;11324057922;B
20241022;104623;865;10;11324058012;B
20241022;104623;865;1000;11324058029;B
20241022;104623;865;70;11324058040;B
20241022;104623;865;23;11324058041;B
20241022;104623;865;150;11324058043;B
20241022;104623;865;10;11324058044;B
20241022;104624;865;10;11324058057;B
20241022;104624;865;10;11324058085;B
20241022;104624;865;5;11324058089;B
20241022;104624;865;58;11324058093;B
20241022;104624;865;10;11324058094;B
20241022;104625;865.8;2;11324058318;S
20241022;104631;864.9;1;11324059006;S
20241022;104631;864.9;13;11324059007;S
20241022;104632;865.7;1;11324059069;B
20241022;104632;865.8;8;11324059070;B
20241022;104632;865.9;5;11324059071;B
20241022;104632;866;4;11324059072;B
20241022;104632;866;4;11324059073;B
20241022;104640;865.9;2;11324060086;B
20241022;104712;865.9;1;11324064460;B
20241022;104756;865.4;1;11324069454;S
20241022;104756;865.3;10;11324069455;S
20241022;104756;865.3;6;11324069456;S
20241022;104756;865.2;6;11324069457;S
20241022;104756;865.1;1;11324069458;S
20241022;104756;865;10;11324069459;S
20241022;104756;864.8;1;11324069460;S
20241022;104756;864.6;2;11324069461;S
20241022;104756;864.5;4;11324069462;S
20241022;104925;865.2;3;11324084341;S
20241022;104952;865.5;1;11324086790;B
20241022;104958;865.2;97;11324087480;S
20241022;104958;865.2;2;11324087481;S
20241022;104958;865.2;3;11324087482;S
20241022;104958;865.2;4;11324087483;S
20241022;104958;864.8;1;11324087494;S
20241022;105017;865;9;11324089665;S
20241022;105024;865.4;1;11324090490;B
20241022;105116;865.2;3;11324095397;S
20241022;105116;865.2;2;11324095398;S
20241022;105126;865.2;2;11324098751;S
20241022;105126;865.1;1;11324098752;S
20241022;105126;865.1;4;11324098753;S
20241022;105126;865.1;2;11324098754;S
20241022;105126;865;1;11324098755;S
20241022;105144;865.3;1;11324103389;B
20241022;105204;865.3;1;11324105826;B
20241022;105209;865.1;2;11324106339;S
20241022;105209;865;38;11324106340;S
20241022;105216;865.2;1;11324107083;B
20241022;105216;865.2;1;11324107084;B
20241022;105216;865.2;1;11324107085;B
20241022;105216;865.2;1;11324107086;B
20241022;105216;865.3;39;11324107087;B
20241022;105216;865.4;1;11324107088;B
20241022;105216;865.4;1;11324107089;B
20241022;105216;865.4;10;11324107090;B
20241022;105216;865.4;3;11324107091;B
20241022;105217;865.5;6;11324107313;S
20241022;105217;865.4;4;11324107314;S
20241022;105233;865.6;3;11324111963;B
20241022;105245;865.6;1;11324116245;B
20241022;105353;865.5;1;11324127628;S
20241022;105423;865.6;4;11324134806;B
20241022;105427;865.6;5;11324136121;B
20241022;105427;865.6;5;11324136122;B
20241022;105429;865.5;3;11324137195;S
20241022;105429;865.5;4;11324137196;S
20241022;105429;865.5;4;11324137197;S
20241022;105429;865.5;10;11324137198;S
20241022;105507;865.5;2;11324146474;B
20241022;105515;865.4;150;11324148225;S
20241022;105546;865.4;1;11324155931;S
20241022;105553;865.4;6;11324157958;S
20241022;105621;865.5;19;11324164856;B
20241022;105631;865.5;1;11324167244;B
20241022;105708;865.5;1;11324174156;B
20241022;105740;865.5;5;11324178614;B
20241022;105747;865.9;2;11324179259;B
20241022;105750;865.9;1;11324179552;B
20241022;105832;865.8;1;11324183462;B
20241022;105953;865.8;4;11324192704;B
20241022;105957;865.8;1;11324193174;B
20241022;105957;865.9;2;11324193175;B
20241022;105957;866;1;11324193176;B
20241022;110006;865.6;2;11324194129;S
20241022;110159;865.9;1;11324210413;B
20241022;110218;865.9;1;11324213812;B
20241022;110310;865.9;2;11324227280;B
20241022;110325;865.6;1;11324231802;S
20241022;110337;865.9;1;11324234876;B
20241022;110340;865.6;1;11324235315;S
20241022;110340;865.6;1;11324235316;S
20241022;110341;866;4;11324235746;B
20241022;110418;865.6;1;11324243443;S
20241022;110453;865.9;1;11324250538;B
20241022;110453;865.9;3;11324250539;B
20241022;110456;865.9;2;11324250873;S
20241022;110500;866;1;11324251429;B
20241022;110507;866;1;11324252656;B
20241022;110508;866;3;11324252759;B
20241022;110508;866.1;2;11324252760;B
20241022;110508;866.1;1;11324252777;B
20241022;110508;866.2;4;11324252778;B
20241022;110512;866.2;1;11324253191;B
20241022;110512;866.2;4;11324253192;B
20241022;110512;866.2;1;11324253208;B
20241022;110512;866.2;2;11324253209;B
20241022;110512;866.3;2;11324253210;B
20241022;110516;866.3;5;11324253633;B
20241022;110516;866.3;1;11324253637;B
20241022;110516;866.5;2;11324253638;B
20241022;110516;866.6;1;11324253639;B
20241022;110516;866.6;4;11324253641;B
20241022;110516;866.7;1;11324253642;B
20241022;110530;866.8;1;11324255522;B
20241022;110530;866.9;2;11324255523;B
20241022;110530;866.9;1;11324255524;B
20241022;110541;866.9;5;11324257163;S
20241022;110546;866.9;2;11324257838;B
20241022;110549;866.5;1;11324258205;S
20241022;110556;866.5;1;11324259588;S
20241022;110604;866.5;3;11324261150;S
20241022;110605;866.9;1;11324261194;B
20241022;110706;866.7;1;11324271060;B
20241022;110711;866.5;395;11324271777;S
20241022;110820;866.2;1;11324283295;B
20241022;110820;866.2;5;11324283296;B
20241022;110824;866.2;10;11324283877;B
20241022;110824;866.2;10;11324283878;B
20241022;110824;866.2;10;11324283879;B
20241022;110833;866;1;11324285382;S
20241022;110833;866;5;11324285383;S
20241022;110833;865.9;14;11324285384;S
20241022;110842;865.8;1;11324287164;B
20241022;110903;865.5;54;11324290815;S
20241022;110903;865.4;81;11324290816;S
20241022;110903;865.4;10;11324290817;S
20241022;110903;865.4;7;11324290818;S
20241022;110903;865.4;14;11324290819;S
20241022;110903;865.3;10;11324290820;S
20241022;110903;865.3;14;11324290821;S
20241022;110903;865.1;1;11324290822;S
20241022;110903;865;22;11324290823;S
20241022;110903;865;2;11324290824;S
20241022;110951;865.1;1;11324298709;S
20241022;111017;865.6;1;11324302852;B
20241022;111026;865.6;4;11324304421;B
20241022;111043;865.1;1;11324307409;S
20241022;111043;865;8;11324307410;S
20241022;111043;865;4;11324307411;S
20241022;111043;865;1;11324307412;S
20241022;111043;864.9;5;11324307413;S
20241022;111043;864.8;4;11324307414;S
20241022;111043;864.8;1;11324307415;S
20241022;111043;864.8;5;11324307416;S
20241022;111043;864.6;58;11324307417;S
20241022;111043;864.6;1;11324307418;S
20241022;111043;864.6;10;11324307419;S
20241022;111043;864.5;6;11324307420;S
20241022;111043;864.5;12;11324307421;S
20241022;111132;865.1;3;11324329146;S
20241022;111132;864.7;1;11324329147;S
20241022;111132;864.7;4;11324329148;S
20241022;111132;864.6;3;11324329149;S
20241022;111200;865.1;1;11324356540;B
20241022;111227;864.5;20;11324379085;S
20241022;111228;864.5;1;11324380077;S
20241022;111239;865.1;1;11324391601;B
20241022;111509;864.5;5;11324545940;S
20241022;111523;864.5;4;11324558941;S
20241022;111543;865.1;1;11324580732;B
20241022;111607;865;1;11324606305;B
20241022;111607;865.1;3;11324606306;B
20241022;111607;865.2;1;11324606307;B
20241022;111607;865.2;1;11324606308;B
20241022;111607;865.2;5;11324606309;B
20241022;111607;865.2;11;11324606310;B
20241022;111618;865.2;2;11324618896;B
20241022;111618;865.4;2;11324618897;B
20241022;111642;864.7;1;11324645209;S
20241022;111642;864.7;1;11324645210;S
20241022;111642;864.6;50;11324645211;S
20241022;111642;864.6;2;11324645212;S
20241022;111642;864.5;3;11324645213;S
20241022;111642;864.5;21;11324645214;S
20241022;111657;865.3;1;11324661390;B
20241022;111708;864.6;1;11324672677;S
20241022;111737;864.5;20;11324704726;S
20241022;111737;864.5;9;11324704727;S
20241022;111737;864.5;1;11324704728;S
20241022;111737;864.4;20;11324704729;S
20241022;111912;864.5;1;11324798939;S
20241022;111915;864.5;1;11324802507;S
20241022;111945;864.5;1;11324835830;S
20241022;111954;864.4;30;11324845615;S
20241022;111954;864.4;40;11324845616;S
20241022;111954;864.3;1;11324845617;S
20241022;111954;864.2;8;11324845618;S
20241022;111954;864.2;11;11324845619;S
20241022;111954;864.2;10;11324845620;S
20241022;111954;864.2;10;11324845621;S
20241022;111954;864.2;5;11324845622;S
20241022;111954;864.1;35;11324845623;S
20241022;112005;864.4;1;11324856917;B
20241022;112005;864.4;1;11324856918;B
20241022;112011;864.4;2;11324863640;B
20241022;112015;864.4;2;11324868490;B
20241022;112019;864.4;1;11324872522;B
20241022;112028;864.2;1;11324882508;S
20241022;112029;864.2;1;11324883353;S
20241022;112029;864.1;2;11324883354;S
20241022;112101;864.4;22;11324912443;B
20241022;112101;864.4;7;11324912444;B
20241022;112101;864.5;14;11324912445;B
20241022;112102;864.5;50;11324912831;B
20241022;112102;864.5;50;11324913518;B
20241022;112103;864.5;35;11324914580;B
20241022;112103;864.6;8;11324914581;B
20241022;112138;864.6;1;11324952957;B
20241022;112308;864.4;1;11325051703;S
20241022;112309;864.5;1;11325053310;B
20241022;112309;864.5;5;11325053311;B
20241022;112309;864.6;4;11325053312;B
20241022;112333;864.4;1;11325076033;S
20241022;112415;864.4;4;11325121936;S
20241022;112418;864.1;2;11325124974;S
20241022;112418;864.1;2;11325124975;S
20241022;112418;864.1;3;11325124976;S
20241022;112418;864.1;5;11325124977;S
20241022;112418;864;468;11325124978;S
20241022;112418;864;4;11325124979;S
20241022;112418;864;1;11325124980;S
20241022;112418;864;4;11325124981;S
20241022;112418;864;5;11325124982;S
20241022;112418;864;6;11325124983;S
20241022;112430;864.3;1;11325137603;B
20241022;112450;864;90;11325160318;S
20241022;112537;864.3;3;11325214036;B
20241022;112637;864.3;3;11325276218;B
20241022;112637;864.3;2;11325276219;B
20241022;112743;864;1;11325348355;S
20241022;112747;864.3;2;11325352826;B
20241022;112751;864;76;11325357221;S
20241022;112820;864;2;11325389636;S
20241022;112834;864.2;1;11325392176;B
20241022;112834;864.2;4;11325392177;B
20241022;112939;864.2;1;11325397827;B
20241022;112945;864.2;1;11325398530;B
20241022;113005;864;12;11325400198;S
20241022;113100;864.1;2;11325405022;B
20241022;113118;864;44;11325406546;S
20241022;113118;864;6;11325406547;S
20241022;113118;864;1;11325406548;S
20241022;113118;864;2;11325406549;S
20241022;113118;864;86;11325406550;S
20241022;113150;864.1;1;11325409724;B
20241022;113215;864.2;1;11325411531;B
20241022;113217;864.1;1;11325411682;S
20241022;113232;864;2;11325413488;S
20241022;113331;864;3;11325418756;S
20241022;113416;864;25;11325422453;S
20241022;113416;864;125;11325422454;S
20241022;113417;864.2;2;11325422527;B
20241022;113421;864.2;5;11325422746;B
20241022;113421;864.2;50;11325422747;B
20241022;113431;864.2;1;11325423695;B
20241022;113441;864;100;11325424930;S
20241022;113500;864.2;10;11325427035;B
20241022;113529;864.2;4;11325430865;B
20241022;113609;864;3;11325434920;S
20241022;113614;864;232;11325435394;S
20241022;113625;864;1;11325436331;S
20241022;113651;864;10;11325439210;S
20241022;113653;864.1;1;11325439505;B
20241022;113733;864.1;1;11325443767;B
20241022;113749;864;1;11325445120;S
20241022;113800;864;1;11325446014;S
20241022;113801;864;10;11325446191;S
20241022;113807;864.1;10;11325446632;B
20241022;113814;864.1;9;11325447161;B
20241022;113818;864;32;11325447454;S
20241022;113822;864;7;11325447845;S
20241022;113847;864.1;1;11325450261;B
20241022;113847;864.1;3;11325450315;B
20241022;113851;864;3;11325450554;S
20241022;113851;864;1;11325450555;S
20241022;113906;864.1;1;11325452066;B
20241022;113952;864.1;3;11325456348;B
20241022;113952;864.1;1;11325456349;B
20241022;113952;864.1;29;11325456350;B
20241022;114013;864.2;27;11325458193;B
20241022;114019;864.2;3;11325458603;B
20241022;114056;864.1;6;11325461739;S
20241022;114058;864.2;25;11325461891;B
20241022;114138;864.1;65;11325465737;S
20241022;114153;864.1;1;11325466959;S
20241022;114237;864.2;1;11325470693;B
20241022;114343;864.2;1;11325476324;B
20241022;114406;864.1;4;11325477975;S
20241022;114451;864.2;111;11325482164;B
20241022;114451;864.1;5;11325482179;S
20241022;114543;864.2;2;11325486659;B
20241022;114608;864.1;2;11325488496;S
20241022;114659;864.2;4;11325492389;B
20241022;114724;864.2;45;11325494393;B
20241022;114726;864.1;84;11325494482;S
20241022;114726;864.1;5;11325494483;S
20241022;114726;864.1;5;11325494484;S
20241022;114726;864.1;5;11325494485;S
20241022;114726;864.1;5;11325494486;S
20241022;114726;864.1;5;11325494487;S
20241022;114726;864.1;5;11325494488;S
20241022;114726;864.1;50;11325494489;S
20241022;114726;864.1;10;11325494490;S
20241022;114726;864.1;2;11325494491;S
20241022;114829;864.1;1;11325499965;B
20241022;114839;864;1;11325500702;S
20241022;114855;864;3;11325502232;S
20241022;114901;864;2;11325502649;S
20241022;114911;864.1;2;11325503531;B
20241022;114916;864;25;11325503893;S
20241022;114958;864.1;54;11325507555;B
20241022;115006;864.1;2;11325508194;B
20241022;115008;864.1;1;11325508340;B
20241022;115022;864.1;1;11325509196;B
20241022;115114;864.1;1;11325512780;B
20241022;115145;864.1;3;11325515145;B
20241022;115230;864;20;11325519323;S
20241022;115306;864.1;5;11325521702;B
20241022;115317;864.1;25;11325522566;B
20241022;115321;864.1;2;11325522914;B
20241022;115330;864;1;11325523489;S
20241022;115424;864;1;11325528563;S
20241022;115500;864;1;11325531044;S
20241022;115548;864;5;11325534342;S
20241022;115551;864.1;1;11325534545;B
20241022;115624;864;5;11325538027;S
20241022;115640;864.1;9;11325539360;B
20241022;115724;864.1;1;11325542432;B
20241022;115733;864.1;1;11325543027;B
20241022;115750;864;6;11325544045;S
20241022;115754;864.1;1;11325544295;B
20241022;115758;864;2;11325544565;S
20241022;115810;864.1;2;11325545467;B
20241022;115831;864.1;9;11325547120;B
20241022;115907;864.1;1;11325549512;B
20241022;115908;864.1;100;11325549570;B
20241022;115928;864.1;1;11325551014;B
20241022;115958;864.1;1;11325552991;B
20241022;120005;864.1;18;11325553758;B
20241022;120006;864.1;115;11325553908;B
20241022;120037;864.1;1;11325556484;B
20241022;120037;864.1;23;11325556497;B
20241022;120051;864.1;3;11325557489;B
20241022;120102;864.1;1;11325558476;B
20241022;120150;864;20;11325562134;S
20241022;120151;864.1;1100;11325562145;B
20241022;120200;864.1;1;11325563011;B
20241022;120201;864.1;338;11325563039;B
20241022;120201;864.1;10;11325563040;B
20241022;120201;864.1;10;11325563041;B
20241022;120201;864.1;10;11325563042;B
20241022;120201;864.1;10;11325563043;B
20241022;120201;864.1;10;11325563044;B
20241022;120201;864.1;1;11325563045;B
20241022;120201;864.1;10;11325563046;B
20241022;120201;864.1;3;11325563047;B
20241022;120201;864.2;34;11325563051;B
20241022;120201;864.2;18;11325563052;B
20241022;120205;864.2;90;11325563393;B
20241022;120211;864.2;50;11325563808;B
20241022;120218;864.1;2;11325564682;S
20241022;120226;864.2;2;11325565256;B
20241022;120231;864.1;2;11325566847;S
20241022;120239;864.1;1;11325568080;S
20241022;120249;864.1;3;11325569102;S
20241022;120259;864.2;90;11325569996;B
20241022;120259;864.3;3;11325569997;B
20241022;120259;864.3;2;11325569998;B
20241022;120259;864.4;5;11325569999;B
20241022;120334;864.2;1;11325572468;S
20241022;120334;864.2;1;11325572469;S
20241022;120334;864.2;5;11325572470;S
20241022;120334;864.2;5;11325572471;S
20241022;120334;864.1;89;11325572472;S
20241022;120335;864.6;12;11325572520;B
20241022;120335;864.6;30;11325572521;B
20241022;120346;864.5;15;11325573182;B
20241022;120346;864.5;5;11325573183;B
20241022;120346;864.5;1;11325573184;B
20241022;120346;864.5;5;11325573185;B
20241022;120346;864.6;2;11325573186;B
20241022;120408;864.5;1;11325575502;B
20241022;120424;864.7;5;11325577332;B
20241022;120424;864.7;56;11325577333;B
20241022;120424;864.7;1;11325577334;B
20241022;120425;864.3;1;11325577381;S
20241022;120426;864.8;1;11325577460;B
20241022;120510;864.3;1;11325581161;S
20241022;120510;864.2;1;11325581162;S
20241022;120510;864.3;4;11325581165;S
20241022;120556;864.6;1;11325584735;B
20241022;120616;864.6;1;11325586129;B
20241022;120616;864.7;1;11325586130;B
20241022;120630;864.7;2;11325587411;B
20241022;120706;864.7;1;11325590820;B
20241022;120744;864.3;2;11325594520;S
20241022;120755;864.7;6;11325595359;B
20241022;120942;864.3;1;11325604129;S
20241022;120942;864.3;1;11325604130;S
20241022;120942;864.3;1;11325604131;S
20241022;120942;864.3;21;11325604132;S
20241022;120942;864.3;1;11325604133;S
20241022;120942;864.3;10;11325604134;S
20241022;120942;864.2;58;11325604135;S
20241022;120942;864.2;1;11325604136;S
20241022;120942;864.2;9;11325604137;S
20241022;121009;864.2;10;11325606359;S
20241022;121051;864.2;4;11325609731;S
20241022;121128;864.5;1;11325615508;B
20241022;121128;864.5;1;11325615509;B
20241022;121128;864.6;28;11325615510;B
20241022;121213;864.6;5;11325621408;B
20241022;121220;864.3;14;11325622087;S
20241022;121222;864.2;1;11325622230;S
20241022;121225;864.2;5;11325622489;S
20241022;121225;864.2;1;11325622490;S
20241022;121225;864.2;1;11325622491;S
20241022;121242;864.6;1;11325623847;B
20241022;121318;864.6;1;11325626783;B
20241022;121340;864.3;5;11325628384;S
20241022;121356;864.3;5;11325629423;S
20241022;121356;864.3;5;11325629424;S
20241022;121446;864.6;8;11325632856;B
20241022;121457;864.6;1;11325633504;B
20241022;121517;864.6;1;11325634810;B
20241022;121538;864.6;1;11325635966;B
20241022;121543;864.6;10;11325636181;B
20241022;121639;864.4;1;11325641563;S
20241022;121644;864.4;2;11325641904;S
20241022;121647;864.6;1;11325642133;B
20241022;121655;864.4;1;11325642669;S
20241022;121726;864.5;1;11325645197;S
20241022;121726;864.5;3;11325645198;S
20241022;121726;864.4;22;11325645199;S
20241022;121810;864.5;2;11325649590;S
20241022;121811;864.5;1;11325649667;S
20241022;121820;864.5;3;11325650455;S
20241022;121859;864.7;2;11325655241;B
20241022;121906;864.7;10;11325655786;B
20241022;122004;864.7;7;11325664042;B
20241022;122009;864.7;16;11325664726;B
20241022;122022;864.7;45;11325668586;B
20241022;122022;864.7;5;11325668587;B
20241022;122022;864.7;1;11325668588;B
20241022;122022;864.8;2;11325668602;B
20241022;122044;864.6;5;11325675102;S
20241022;122122;864.7;2;11325683591;B
20241022;122139;864.6;12;11325686187;S
20241022;122141;864.7;3;11325686370;B
20241022;122141;864.7;3;11325686371;B
20241022;122208;864.7;3;11325690862;B
20241022;122253;864.6;12;11325700518;S
20241022;122303;864.7;2;11325704169;B
20241022;122303;864.7;213;11325704170;B
20241022;122303;864.8;2;11325704171;B
20241022;122303;864.8;183;11325704172;B
20241022;122308;864.8;11;11325705803;B
20241022;122325;864.6;21;11325708842;S
20241022;122325;864.5;1;11325708843;S
20241022;122325;864.4;1;11325708844;S
20241022;122325;864.4;11;11325708845;S
20241022;122344;864.7;1;11325711725;B
20241022;122441;864.7;3;11325720412;B
20241022;122455;864.7;20;11325722185;B
20241022;122456;864.7;1;11325722224;B
20241022;122459;864.7;6;11325722492;B
20241022;122459;864.7;32;11325722493;B
20241022;122459;864.7;31;11325722494;B
20241022;122459;864.8;218;11325722495;B
20241022;122505;864.8;9;11325723406;B
20241022;122507;864.8;1;11325723516;B
20241022;122511;864.8;1;11325724215;B
20241022;122529;864.8;1;11325726045;B
20241022;122604;864.5;1;11325729597;S
20241022;122726;864.7;5;11325737397;B
20241022;122726;864.7;95;11325737398;B
20241022;122804;864.3;1;11325741287;S
20241022;122804;864.3;1;11325741288;S
20241022;122804;864.3;5;11325741289;S
20241022;122805;864.6;1;11325741447;B
20241022;122805;864.7;5;11325741448;B
20241022;122805;864.7;27;11325741449;B
20241022;122810;864.4;3;11325741853;S
20241022;122826;864.6;1;11325743417;B
20241022;122826;864.7;5;11325743418;B
20241022;122826;864.7;5;11325743419;B
20241022;122827;864.8;1;11325743494;B
20241022;122832;864.8;5;11325743883;B
20241022;122849;864.4;1;11325747604;S
20241022;122849;864.4;1;11325747605;S
20241022;122857;864.7;1;11325749337;B
20241022;122913;864.7;4;11325752499;B
20241022;122916;864.7;33;11325752962;B
20241022;122916;864.7;1;11325752963;B
20241022;122916;864.8;166;11325752964;B
20241022;122927;864.8;130;11325754136;B
20241022;123020;864.8;1;11325759926;B
20241022;123026;864.8;6;11325760715;B
20241022;123034;864.8;15;11325761709;B
20241022;123045;864.8;1;11325763308;B
20241022;123053;864.8;200;11325764212;B
20241022;123105;864.8;8;11325765477;B
20241022;123139;864.8;100;11325770379;B
20241022;123205;864.8;2;11325774285;B
20241022;123253;864.8;3;11325779743;B
20241022;123257;864.7;3;11325780450;S
20241022;123314;864.8;3;11325782356;B
20241022;123325;864.8;2;11325784423;B
20241022;123354;864.4;5;11325792833;S
20241022;123354;864.4;1;11325792834;S
20241022;123354;864.4;4;11325792835;S
20241022;123420;864.5;8;11325797891;S
20241022;123430;864.5;10;11325801133;B
20241022;123507;864.4;8;11325809921;S
20241022;123507;864.4;1;11325809922;S
20241022;123529;864.7;1;11325813088;B
20241022;123543;864.4;2;11325814822;S
20241022;123543;864.7;1;11325814844;B
20241022;123555;864.4;46;11325816399;S
20241022;123606;864.4;2;11325817618;B
20241022;123607;864.4;1;11325817721;B
20241022;123637;864.4;1;11325821188;B
20241022;123650;864.3;1;11325822688;S
20241022;123706;864.3;1;11325824613;S
20241022;123710;864.6;5;11325825053;B
20241022;123741;864.7;1;11325828503;B
20241022;123741;864.7;2;11325828572;B
20241022;123741;864.7;1;11325828573;B
20241022;123741;864.7;4;11325828574;B
20241022;123747;864.7;54;11325829610;B
20241022;123747;864.7;11;11325829611;B
20241022;123747;864.8;167;11325829612;B
20241022;123758;864.7;1;11325830717;B
20241022;123759;864.4;10;11325830853;S
20241022;123805;864.4;1;11325831322;B
20241022;123812;864.4;50;11325832018;B
20241022;123820;864.4;2;11325832730;B
20241022;123834;864.4;1;11325834103;B
20241022;123839;864.4;2;11325834524;B
20241022;123839;864.4;1;11325834525;B
20241022;123839;864.7;7;11325834526;B
20241022;123839;864.7;10;11325834527;B
20241022;123839;864.8;37;11325834528;B
20241022;123839;864.8;80;11325834529;B
20241022;123839;864.8;5;11325834530;B
20241022;123839;864.8;10;11325834531;B
20241022;123839;864.9;4;11325834532;B
20241022;123839;864.9;144;11325834533;B
20241022;123910;864.5;8;11325837674;S
20241022;123910;864.4;10;11325837675;S
20241022;123910;864.4;12;11325837676;S
20241022;123912;864.4;1;11325837835;S
20241022;123950;864.8;1;11325841698;B
20241022;124123;864.8;2;11325850649;B
20241022;124238;864.7;1;11325858158;B
20241022;124259;864.7;1;11325859905;B
20241022;124259;864.7;8;11325859906;B
20241022;124259;864.8;9;11325859907;B
20241022;124322;864.8;3;11325861656;B
20241022;124350;864.8;2;11325863655;B
20241022;124354;864.7;30;11325863990;S
20241022;124354;864.5;7;11325863991;S
20241022;124354;864.4;1;11325863992;S
20241022;124354;864.4;1;11325863993;S
20241022;124354;864.4;1;11325863994;S
20241022;124354;864.4;56;11325863995;S
20241022;124354;864.4;1;11325863996;S
20241022;124354;864.4;7;11325863997;S
20241022;124354;864.3;3;11325863998;S
20241022;124354;864.3;2;11325863999;S
20241022;124354;864.3;21;11325864000;S
20241022;124354;864.3;5;11325864001;S
20241022;124354;864.3;1;11325864002;S
20241022;124354;864.3;3;11325864003;S
20241022;124354;864.2;2;11325864004;S
20241022;124354;864.2;1;11325864005;S
20241022;124354;864.2;198;11325864006;S
20241022;124354;864.1;1;11325864007;S
20241022;124354;864.1;50;11325864008;S
20241022;124354;864.1;2;11325864009;S
20241022;124354;864.1;1;11325864010;S
20241022;124354;864.1;28;11325864011;S
20241022;124354;864.1;1;11325864012;S
20241022;124354;864;227;11325864013;S
20241022;124354;864.1;5;11325864014;S
20241022;124359;864.5;1;11325864409;B
20241022;124410;864.5;1;11325865435;B
20241022;124416;864.5;1;11325865957;B
20241022;124437;864.5;1;11325867640;B
20241022;124444;864.4;1;11325868246;S
20241022;124444;864.1;193;11325868247;S
20241022;124444;864.1;1;11325868248;S
20241022;124444;864.1;15;11325868249;S
20241022;124444;864;155;11325868250;S
20241022;124444;864;1;11325868251;S
20241022;124444;864;33;11325868252;S
20241022;124444;864;251;11325868253;S
20241022;124517;864.1;4;11325870788;S
20241022;124517;864;36;11325870789;S
20241022;124529;864.5;1;11325871657;B
20241022;124624;864.5;1;11325876528;B
20241022;124747;864.5;1;11325884614;B
20241022;124757;864.1;1;11325885478;S
20241022;124757;864;19;11325885479;S
20241022;124837;864.5;1;11325889162;B
20241022;124838;864.1;1;11325889245;S
20241022;124848;864.5;1;11325890177;B
20241022;124848;864.5;1;11325890178;B
20241022;124951;864.5;1;11325896410;B
20241022;124951;864.5;1;11325896411;B
20241022;124951;864.5;8;11325896412;B
20241022;125013;864.6;2;11325898164;B
20241022;125013;864.6;19;11325898165;B
20241022;125013;864.7;5;11325898166;B
20241022;125013;864.7;2;11325898167;B
20241022;125013;864.7;17;11325898168;B
20241022;125023;864.2;1;11325899110;S
20241022;125023;864.2;1;11325899111;S
20241022;125035;864.4;70;11325900001;B
20241022;125050;864.2;1;11325901298;S
20241022;125126;864.4;5;11325904495;B
20241022;125129;864.1;5;11325904732;S
20241022;125129;864.1;10;11325904733;S
20241022;125143;864.1;10;11325905981;S
20241022;125206;864.3;5;11325908004;B
20241022;125224;864.3;1;11325909404;B
20241022;125250;864.1;3;11325911334;S
20241022;125328;864.3;1;11325914494;B
20241022;125432;864.1;5;11325920215;S
20241022;125435;864.1;7;11325920504;S
20241022;125435;864.1;22;11325920505;S
20241022;125435;864.1;21;11325920506;S
20241022;125435;864.1;5;11325920507;S
20241022;125435;864.1;11;11325920508;S
20241022;125449;864.4;1;11325921785;B
20241022;125457;864.4;1;11325922486;B
20241022;125457;864.4;2;11325922487;B
20241022;125457;864.4;2;11325922488;B
20241022;125505;864.4;1;11325923153;B
20241022;125612;864.1;1;11325928551;S
20241022;125625;864.1;9;11325929517;S
20241022;125648;864.1;7;11325931649;S
20241022;125648;864.1;1;11325931650;S
20241022;125648;864.1;1;11325931651;S
20241022;125648;864.1;5;11325931652;S
20241022;125648;864;5;11325931767;S
20241022;125655;864.1;10;11325932368;B
20241022;125727;864.1;1;11325935282;B
20241022;125733;864.1;5;11325935888;B
20241022;125811;864.1;1;11325938478;B
20241022;125837;864.1;31;11325940128;B
20241022;125837;864.3;35;11325940129;B
20241022;125837;864.3;1;11325940130;B
20241022;125837;864.4;5;11325940131;B
20241022;125837;864.4;5;11325940132;B
20241022;125837;864.4;58;11325940133;B
20241022;125837;864.4;1;11325940134;B
20241022;125837;864.4;35;11325940135;B
20241022;125837;864.5;129;11325940136;B
20241022;125854;864.1;1;11325941827;S
20241022;125937;864.1;1;11325969563;S
20241022;125943;864.1;1;11325976268;S
20241022;130011;864.1;1;11326004788;S
20241022;130019;864.4;1;11326015293;B
20241022;130053;864.4;1;11326054209;B
20241022;130109;864.4;1;11326070332;B
20241022;130321;864.4;2;11326079964;B
20241022;130321;864.4;1;11326079965;B
20241022;130333;864.4;1;11326081213;B
20241022;130423;864.5;4;11326085352;B
20241022;130502;864.4;1;11326088577;B
20241022;130513;864.5;1;11326089284;B
20241022;130613;864.2;10;11326093907;S
20241022;130613;864.2;9;11326093908;S
20241022;130613;864.1;1;11326093909;S
20241022;130803;864.3;1;11326102377;B
20241022;130847;864.2;4;11326106044;S
20241022;130847;864.2;1;11326106045;S
20241022;130847;864.2;4;11326106046;S
20241022;130847;864.1;3;11326106047;S
20241022;130847;864.1;1;11326106048;S
20241022;130847;864.1;56;11326106049;S
20241022;130847;864.1;4;11326106050;S
20241022;130847;864;122;11326106051;S
20241022;130850;864.3;6;11326106321;B
20241022;130853;864.4;1;11326106515;B
20241022;130854;864.1;1;11326106651;S
20241022;130903;864.1;1;11326107320;S
20241022;130903;864;23;11326107321;S
20241022;130951;864.3;5;11326110748;B
20241022;131049;864.3;1;11326115118;B
20241022;131102;864.4;2;11326116240;B
20241022;131129;864.3;1;11326118200;B
20241022;131137;864.3;2;11326118848;B
20241022;131206;864.3;1;11326123859;B
20241022;131210;864.3;2;11326124891;B
20241022;131214;864.4;1;11326125463;B
20241022;131252;864.3;5;11326130068;B
20241022;131300;864.4;1;11326130755;B
20241022;131328;864.3;9;11326133045;B
20241022;131347;864.3;1;11326134663;B
20241022;131350;864.1;1;11326134784;S
20241022;131350;864.1;9;11326134785;S
20241022;131350;864.1;1;11326134786;S
20241022;131544;864.3;1;11326148318;B
20241022;131554;864.3;7;11326149470;B
20241022;131554;864.4;10;11326149471;B
20241022;131554;864.4;10;11326149472;B
20241022;131554;864.4;1;11326149473;B
20241022;131554;864.4;55;11326149474;B
20241022;131554;864.5;197;11326149475;B
20241022;131610;864.5;100;11326150368;B
20241022;131631;864.4;4;11326151718;B
20241022;131638;864.1;58;11326152165;S
20241022;131638;864.1;8;11326152166;S
20241022;131638;864.1;10;11326152167;S
20241022;131638;864;39;11326152168;S
20241022;131711;864.1;3;11326154790;S
20241022;131711;864.1;3;11326154791;S
20241022;131711;864;5;11326154792;S
20241022;131711;864;2;11326154793;S
20241022;131711;864.3;6;11326154803;B
20241022;131717;864.3;2;11326155197;B
20241022;131717;864.4;1;11326155198;B
20241022;131732;864.4;5;11326156339;B
20241022;131732;864.4;58;11326156340;B
20241022;131732;864.4;3;11326156341;B
20241022;131732;864.4;3;11326156342;B
20241022;131732;864.5;41;11326156343;B
20241022;131751;864.4;1;11326157644;B
20241022;131830;864.4;1;11326160694;B
20241022;131855;864.4;5;11326162231;B
20241022;131924;864.4;1;11326164362;B
20241022;131927;864.4;2;11326164519;B
20241022;131927;864.5;8;11326164520;B
20241022;131953;864.5;50;11326166350;B
20241022;131958;864.5;13;11326166742;B
20241022;132012;864.1;2;11326167484;S
20241022;132023;864.1;6;11326168276;S
20241022;132023;864.1;44;11326168277;S
20241022;132045;864.3;1;11326169923;B
20241022;132153;864.3;1;11326174071;B
20241022;132203;864.3;1;11326174873;B
20241022;132211;864.3;1;11326175511;B
20241022;132245;864.3;1;11326177919;B
20241022;132345;864.3;2;11326182263;B
20241022;132440;864.3;1;11326186370;B
20241022;132440;864.4;24;11326186371;B
20241022;132535;864.4;3;11326190024;B
20241022;132536;864.4;2;11326190103;B
20241022;132611;864.5;50;11326192682;B
20241022;132649;864.5;1;11326196279;B
20241022;132700;864.4;1;11326197161;S
20241022;132726;864.5;1;11326199261;B
20241022;132847;864.5;386;11326204869;B
20241022;132847;864.8;1;11326204870;B
20241022;132847;864.8;8;11326204871;B
20241022;132847;864.9;56;11326204872;B
20241022;132847;864.9;5;11326204873;B
20241022;132847;864.9;4;11326204874;B
20241022;132847;865;2359;11326204875;B
20241022;132847;864.9;15;11326204876;B
20241022;132847;865;641;11326204877;B
20241022;132847;865;1;11326204878;B
20241022;132847;865;2;11326204879;B
20241022;132847;865;2;11326204880;B
20241022;132847;865;2;11326204881;B
20241022;132850;865.9;5;11326205079;B
20241022;132850;866;4;11326205080;B
20241022;132850;866;41;11326205081;B
20241022;132851;866;1;11326205095;B
20241022;132856;866;50;11326205641;B
20241022;132857;866;1;11326205675;B
20241022;132913;866;10;11326206838;B
20241022;132914;866;8;11326206940;B
20241022;132922;866;2;11326207372;B
20241022;132924;865.9;1;11326207533;S
20241022;132932;866;1;11326208020;B
20241022;132939;866;5;11326208669;B
20241022;132939;866;2;11326208676;B
20241022;132943;866;5;11326208998;B
20241022;132944;866;5;11326209065;B
20241022;132945;866;50;11326209079;B
20241022;132947;866;5;11326209199;B
20241022;132948;866;45;11326209242;B
20241022;132948;866;5;11326209260;B
20241022;132949;866;14;11326209333;B
20241022;132954;866.3;6;11326209610;B
20241022;132954;866.6;4;11326209611;B
20241022;133117;866.2;1;11326214199;B
20241022;133134;865.8;1;11326215149;S
20241022;133139;866.2;5;11326215489;B
20241022;133140;866.2;1;11326215525;B
20241022;133200;866.2;1;11326216644;B
20241022;133201;865.7;2;11326216739;S
20241022;133201;865.7;9;11326216740;S
20241022;133203;865.7;2;11326216967;B
20241022;133220;865.7;1;11326218396;B
20241022;133246;865.6;2;11326220064;S
20241022;133304;865.6;1;11326221365;S
20241022;133308;865.6;2;11326221661;B
20241022;133308;865.7;1;11326221662;B
20241022;133308;865.8;1;11326221663;B
20241022;133308;865.9;1;11326221664;B
20241022;133310;866.2;2;11326221742;B
20241022;133310;866.3;1;11326221743;B
20241022;133310;866.3;4;11326221787;B
20241022;133310;866.4;3;11326221788;B
20241022;133310;866.5;1;11326221789;B
20241022;133310;866.5;2;11326221790;B
20241022;133311;866.5;3;11326221844;B
20241022;133311;866.5;7;11326221845;B
20241022;133312;866.5;7;11326221890;B
20241022;133312;866.6;3;11326221891;B
20241022;133313;866.4;3;11326221963;B
20241022;133313;866.5;7;11326221964;B
20241022;133401;866.4;4;11326224927;B
20241022;133403;865.8;1;11326225159;S
20241022;133403;865.7;1;11326225160;S
20241022;133403;865.7;1;11326225161;S
20241022;133403;865.7;1;11326225162;S
20241022;133403;865.7;4;11326225163;S
20241022;133403;865.6;3;11326225164;S
20241022;133403;865.6;4;11326225165;S
20241022;133403;865.5;58;11326225166;S
20241022;133403;865.5;25;11326225167;S
20241022;133403;865.4;1;11326225168;S
20241022;133403;865.4;1;11326225169;S
20241022;133440;866.1;1;11326227399;B
20241022;133440;866.2;1;11326227400;B
20241022;133440;866.2;1;11326227401;B
20241022;133440;866.2;5;11326227402;B
20241022;133440;866.3;4;11326227403;B
20241022;133440;866.3;4;11326227404;B
20241022;133440;866.4;1;11326227405;B
20241022;133440;866.4;1;11326227406;B
20241022;133440;866.4;1;11326227407;B
20241022;133440;866.4;1;11326227408;B
20241022;133440;866.5;5;11326227409;B
20241022;133440;866.6;7;11326227410;B
20241022;133440;866.6;5;11326227411;B
20241022;133440;866.6;3;11326227412;B
20241022;133448;866.5;5;11326227856;B
20241022;133449;866.5;2;11326227929;B
20241022;133506;866;3;11326229044;S
20241022;133506;865.9;2;11326229045;S
20241022;133507;866.4;3;11326229135;B
20241022;133507;866.5;14;11326229136;B
20241022;133510;866.5;7;11326229291;B
20241022;133612;866.4;3;11326233661;B
20241022;133612;866.5;2;11326233662;B
20241022;133627;866.2;1;11326234925;S
20241022;133634;866.5;1;11326235715;B
20241022;133706;866.5;1;11326238478;B
20241022;133706;866.2;3;11326238502;S
20241022;133706;866.2;4;11326238503;S
20241022;133706;866.2;4;11326238504;S
20241022;133706;866.2;1;11326238505;S
20241022;133731;866.5;3;11326240370;B
20241022;133737;866.5;2;11326240820;B
20241022;133949;866.4;2;11326248651;B
20241022;133957;866.4;3;11326249109;B
20241022;133957;866.5;7;11326249110;B
20241022;133958;866.2;1;11326249132;S
20241022;134021;866.5;4;11326250638;B
20241022;134036;866.5;2;11326251765;B
20241022;134036;866.6;1;11326251766;B
20241022;134036;866.6;10;11326251767;B
20241022;134036;866.7;5;11326251768;B
20241022;134036;866.8;2;11326251769;B
20241022;134036;866.8;16;11326251770;B
20241022;134036;866.9;58;11326251771;B
20241022;134036;866.9;100;11326251772;B
20241022;134036;867;4;11326251773;B
20241022;134036;867;15;11326251774;B
20241022;134036;867;4;11326251775;B
20241022;134036;867;5;11326251776;B
20241022;134036;867.2;70;11326251777;B
20241022;134036;867.3;50;11326251778;B
20241022;134036;867.5;1;11326251779;B
20241022;134036;867.6;1;11326251780;B
20241022;134036;867.7;50;11326251781;B
20241022;134036;867.8;1;11326251782;B
20241022;134036;867.8;55;11326251783;B
20241022;134036;867.9;50;11326251784;B
20241022;134036;868;12;11326251785;B
20241022;134036;868;44;11326251786;B
20241022;134147;867.6;1;11326256053;B
20241022;134216;867.6;1;11326258061;B
20241022;134350;867.4;1;11326263977;B
20241022;134358;867;1;11326264526;S
20241022;134358;867;1;11326264527;S
20241022;134358;866.9;1;11326264528;S
20241022;134358;866.9;1;11326264529;S
20241022;134359;866.6;1;11326264572;S
20241022;134421;867.2;1;11326266097;B
20241022;134421;867.2;1;11326266098;B
20241022;134421;867.2;1;11326266099;B
20241022;134421;867.4;1;11326266100;B
20241022;134421;867.4;1;11326266101;B
20241022;134426;867.5;1;11326266469;B
20241022;134509;866.6;7;11326268741;S
20241022;134509;866.5;1;11326268742;S
20241022;134509;866.4;1;11326268743;S
20241022;134509;866.4;16;11326268744;S
20241022;134509;866.3;1;11326268745;S
20241022;134509;866.2;1;11326268746;S
20241022;134509;866.2;5;11326268747;S
20241022;134509;866.2;1;11326268748;S
20241022;134509;866.1;3;11326268749;S
20241022;134509;866.1;49;11326268750;S
20241022;134529;866.8;1;11326269572;B
20241022;134609;866.7;3;11326271648;B
20241022;134614;866.7;1;11326272029;B
20241022;134713;866.7;1;11326276275;B
20241022;134713;866.7;1;11326276276;B
20241022;134713;866.8;8;11326276277;B
20241022;134751;866.7;1;11326279132;B
20241022;134751;867;1;11326279133;B
20241022;134810;866.8;1;11326280171;B
20241022;134824;866.8;1;11326280938;S
20241022;134831;867;1;11326281311;B
20241022;134836;866.9;1;11326281699;B
20241022;134836;867;1;11326281734;B
20241022;134850;867;2;11326282521;B
20241022;134850;867;1;11326282522;B
20241022;134850;867.1;1;11326282523;B
20241022;134850;867.2;1;11326282524;B
20241022;134850;867.3;1;11326282525;B
20241022;134850;867.3;8;11326282526;B
20241022;134850;867.4;5;11326282527;B
20241022;134850;867.5;15;11326282528;B
20241022;134908;867.3;2;11326283454;B
20241022;134939;867;2;11326285304;B
20241022;135016;866.9;1;11326288114;S
20241022;135016;866.9;1;11326288147;S
20241022;135026;866.8;1;11326288756;S
20241022;135029;866.5;5;11326288931;S
20241022;135029;866.7;15;11326288944;B
20241022;135056;866.7;2;11326290859;B
20241022;135056;866.8;3;11326290860;B
20241022;135140;866.8;1;11326293868;B
20241022;135311;866.8;15;11326299935;B
20241022;135335;866.7;2;11326301444;S
20241022;135335;866.7;2;11326301445;S
20241022;135335;866.7;4;11326301446;S
20241022;135340;866.7;1;11326301678;B
20241022;135353;866.7;2;11326302436;B
20241022;135421;866.7;5;11326304103;B
20241022;135449;866.7;1;11326305852;B
20241022;135533;866.5;6;11326308602;S
20241022;135605;866.7;1;11326310331;B
20241022;135605;866.7;10;11326310332;B
20241022;135605;866.7;1;11326310333;B
20241022;135605;866.8;8;11326310334;B
20241022;135612;866.8;3;11326310760;B
20241022;135719;866.8;15;11326314980;B
20241022;135729;866.8;4;11326315633;B
20241022;135729;866.8;10;11326315634;B
20241022;135729;866.9;50;11326315635;B
20241022;135729;866.9;45;11326315636;B
20241022;135729;866.9;2;11326315637;B
20241022;135729;866.9;1;11326315638;B
20241022;135729;867;8;11326315639;B
20241022;135729;867;368;11326315640;B
20241022;135738;867;5;11326316267;B
20241022;135751;867;1;11326316989;B
20241022;135807;866.9;10;11326317735;B
20241022;135828;866.5;1;11326318775;S
20241022;135841;866.5;1;11326319476;S
20241022;140034;866.8;1;11326326487;B
20241022;140121;866.8;2;11326333299;B
20241022;140121;866.8;2;11326333300;B
20241022;140132;866.8;1;11326345260;B
20241022;140134;866.5;1;11326347602;S
20241022;140134;866.5;3;11326347603;S
20241022;140421;866.7;1;11326471707;B
20241022;140559;866.8;1;11326480577;B
20241022;140638;866.8;1;11326483018;B
20241022;140705;866.8;1;11326484905;B
20241022;140705;866.8;5;11326484906;B
20241022;140705;866.8;8;11326484907;B
20241022;140733;866.9;1;11326486563;B
20241022;140751;866.6;1;11326487613;S
20241022;140751;866.6;1;11326487614;S
20241022;140751;866.5;1;11326487615;S
20241022;140751;866.5;5;11326487616;S
20241022;140751;866.5;1;11326487617;S
20241022;140751;866.5;5;11326487618;S
20241022;140751;866.4;2;11326487619;S
20241022;140751;866.3;3;11326487620;S
20241022;140751;866.3;5;11326487621;S
20241022;140751;866.2;1;11326487622;S
20241022;140751;866.2;1;11326487623;S
20241022;140751;866.2;2;11326487624;S
20241022;140751;866;14;11326487625;S
20241022;140751;866;4;11326487626;S
20241022;140751;866;1;11326487627;S
20241022;140751;866;10;11326487628;S
20241022;140751;866;2;11326487629;S
20241022;140751;865.9;15;11326487630;S
20241022;140751;865.8;3;11326487631;S
20241022;140751;865.8;18;11326487632;S
20241022;140911;866.6;1;11326495641;B
20241022;140915;866.1;3;11326495849;S
20241022;140915;866.1;1;11326495850;S
20241022;140915;866.1;1;11326495851;S
20241022;140915;866;3;11326495852;S
20241022;140915;866;1;11326495853;S
20241022;140915;866;1;11326495854;S
20241022;140915;866;7;11326495855;S
20241022;140915;865.9;1;11326495856;S
20241022;140915;865.9;50;11326495857;S
20241022;140915;865.9;1;11326495858;S
20241022;140915;865.9;7;11326495859;S
20241022;140915;865.7;16;11326495860;S
20241022;140915;865.7;5;11326495861;S
20241022;140915;865.6;1;11326495862;S
20241022;140915;865.6;1;11326495863;S
20241022;140915;865.6;1;11326495864;S
20241022;140915;865.6;2;11326495865;S
20241022;140915;865.6;40;11326495866;S
20241022;140915;865.6;9;11326495867;S
20241022;140915;865.5;1;11326495868;S
20241022;140915;865.5;2;11326495869;S
20241022;140915;865.5;46;11326495870;S
20241022;140942;866.2;1;11326497530;B
20241022;140946;865.6;1;11326497700;S
20241022;140946;865.6;1;11326497701;S
20241022;140946;865.6;5;11326497702;S
20241022;140946;865.5;4;11326497703;S
20241022;140946;865.5;50;11326497704;S
20241022;140946;865.5;70;11326497705;S
20241022;140946;865.5;12;11326497706;S
20241022;140946;865.5;2;11326497707;S
20241022;140946;865.4;1;11326497708;S
20241022;140946;865.4;1;11326497709;S
20241022;140946;865.4;20;11326497710;S
20241022;140946;865.4;50;11326497711;S
20241022;140946;865.3;3;11326497712;S
20241022;140946;865.3;10;11326497713;S
20241022;140946;865.3;28;11326497714;S
20241022;140946;865.3;42;11326497715;S
20241022;141010;865.5;1;11326499539;S
20241022;141010;865.4;3;11326499540;S
20241022;141010;865.4;100;11326499541;S
20241022;141010;865.3;8;11326499542;S
20241022;141010;865.3;1;11326499543;S
20241022;141010;865.3;1;11326499544;S
20241022;141010;865.3;86;11326499545;S
20241022;141027;865.7;1;11326500803;B
20241022;141109;865.7;1;11326503464;S
20241022;141109;865.5;8;11326503465;S
20241022;141109;865.4;4;11326503466;S
20241022;141109;865.4;5;11326503467;S
20241022;141109;865.4;2;11326503468;S
20241022;141109;865.4;8;11326503469;S
20241022;141109;865.3;164;11326503470;S
20241022;141109;865.2;100;11326503471;S
20241022;141109;865.2;1;11326503472;S
20241022;141109;865.2;1;11326503473;S
20241022;141109;865.2;6;11326503474;S
20241022;141140;865.5;1;11326505195;B
20241022;141140;865.6;2;11326505196;B
20241022;141200;865.3;1;11326506261;S
20241022;141200;865.3;3;11326506262;S
20241022;141200;865.3;1;11326506263;S
20241022;141227;865.3;1;11326508055;S
20241022;141227;865.2;4;11326508056;S
20241022;141227;865.2;10;11326508057;S
20241022;141227;865.2;80;11326508058;S
20241022;141247;865.5;3;11326509031;B
20241022;141328;865.2;3;11326514909;S
20241022;141422;865.3;1;11326518160;S
20241022;141422;865.2;3;11326518161;S
20241022;141433;865.5;5;11326518749;B
20241022;141433;865.7;19;11326518750;B
20241022;141438;865.4;1;11326519033;S
20241022;141438;865.3;5;11326519034;S
20241022;141438;865.3;4;11326519035;S
20241022;141452;865.4;50;11326519869;S
20241022;141452;865.4;50;11326519870;S
20241022;141452;865.4;50;11326519871;S
20241022;141452;865.4;50;11326519872;S
20241022;141452;865.4;50;11326519873;S
20241022;141452;865.3;1;11326519874;S
20241022;141452;865.3;1;11326519875;S
20241022;141452;865.3;28;11326519876;S
20241022;141452;865.3;3;11326519877;S
20241022;141452;865.2;8;11326519878;S
20241022;141503;865.6;3;11326520694;B
20241022;141503;865.6;1;11326520695;B
20241022;141503;865.6;28;11326520696;B
20241022;141503;865.6;5;11326520697;B
20241022;141523;865.3;5;11326522043;S
20241022;141523;865.3;1;11326522044;S
20241022;141523;865.3;3;11326522045;S
20241022;141538;865.3;1;11326522982;S
20241022;141615;865.5;1;11326524964;B
20241022;141615;865.6;3;11326524965;B
20241022;141615;865.6;1;11326524966;B
20241022;141615;865.6;2;11326524967;B
20241022;141623;865.3;3;11326525418;S
20241022;141640;865.6;1;11326526072;B
20241022;141645;865.3;1;11326526283;S
20241022;141751;865.4;12;11326530024;S
20241022;141807;865.5;1;11326530814;B
20241022;141846;865.6;2;11326536404;B
20241022;141901;865.4;1;11326537199;S
20241022;141925;865.4;33;11326538948;S
20241022;141925;865.3;2;11326538949;S
20241022;141925;865.3;1;11326538950;S
20241022;141925;865.3;28;11326538951;S
20241022;141925;865.3;13;11326538952;S
20241022;141925;865.2;106;11326538953;S
20241022;141925;865.2;17;11326538954;S
20241022;141938;865.5;1;11326539860;B
20241022;141941;865.5;15;11326540092;B
20241022;141941;865.6;1;11326540093;B
20241022;141941;865.6;1;11326540094;B
20241022;141941;865.6;1;11326540095;B
20241022;141941;865.6;12;11326540096;B
20241022;142001;865.3;2;11326541426;S
20241022;142135;865.3;1;11326556030;B
20241022;142145;865.2;7;11326556922;S
20241022;142211;865.2;18;11326558789;S
20241022;142211;865.1;2;11326558790;S
20241022;142211;865.1;3;11326558791;S
20241022;142211;865.1;200;11326558792;S
20241022;142211;865.1;2;11326558793;S
20241022;142211;865.1;116;11326558794;S
20241022;142211;865.1;3;11326558795;S
20241022;142211;865.1;1;11326558796;S
20241022;142211;865.1;200;11326558797;S
20241022;142211;865.1;10;11326558798;S
20241022;142211;865.1;16;11326558799;S
20241022;142211;865;585;11326558800;S
20241022;142212;865;51;11326558813;S
20241022;142246;865.3;1;11326561194;B
20241022;142250;865.3;1;11326561479;B
20241022;142354;865.1;1;11326565179;S
20241022;142358;865.3;1;11326565509;B
20241022;142359;865.3;1;11326565599;B
20241022;142414;865.1;1;11326566657;S
20241022;142442;865.1;2;11326568269;S
20241022;142605;865.1;8;11326574402;S
20241022;142646;865.1;39;11326581232;S
20241022;142718;865.3;2;11326583142;B
20241022;142749;865.1;1;11326585331;S
20241022;142809;865.1;2;11326586415;S
20241022;143044;865.3;2;11326602713;B
20241022;143051;865.3;2;11326603059;B
20241022;143131;865.3;1;11326605448;B
20241022;143147;865.1;1;11326606372;S
20241022;143151;865.3;1;11326606586;B
20241022;143216;865.3;1;11326608231;B
20241022;143238;865.3;3;11326609392;B
20241022;143238;865.3;1;11326609393;B
20241022;143238;865.3;1;11326609394;B
20241022;143246;865.4;2;11326609766;B
20241022;143249;865.4;2;11326609835;B
20241022;143408;865.5;2;11326614922;B
20241022;143408;865.5;5;11326614923;B
20241022;143408;865.5;1;11326614924;B
20241022;143408;865.6;3;11326614925;B
20241022;143408;865.6;10;11326614959;B
20241022;143459;865.3;1;11326621146;S
20241022;143514;865.3;4;11326621809;S
20241022;143514;865.3;3;11326621810;S
20241022;143518;865.3;7;11326621975;S
20241022;143518;865.3;1;11326621976;S
20241022;143518;865.2;3;11326621977;S
20241022;143532;865.2;2;11326622852;S
20241022;143546;865.1;1;11326623524;S
20241022;143556;865.2;3;11326624164;B
20241022;143600;865.2;1;11326624330;B
20241022;143606;865.2;6;11326624648;B
20241022;143606;865.5;1;11326624649;B
20241022;143606;865.5;4;11326624650;B
20241022;143617;865.5;1;11326625514;B
20241022;143643;865.5;3;11326626745;B
20241022;143643;865.6;1;11326626746;B
20241022;143643;865.6;1;11326626747;B
20241022;143727;865.6;1;11326630362;B
20241022;143727;865.6;2;11326630363;B
20241022;143735;865.6;2;11326631048;B
20241022;143812;865.5;1;11326633647;B
20241022;143915;865.4;1;11326640880;B
20241022;143950;865.5;1;11326642918;B
20241022;144037;865.5;8;11326646292;B
20241022;144050;865.5;1;11326647160;B
20241022;144056;865.5;9;11326647475;B
20241022;144145;865.6;2;11326650624;B
20241022;144223;865.5;1;11326653050;S
20241022;144243;865.5;1;11326654643;S
20241022;144256;865.6;5;11326655578;B
20241022;144308;865.6;1;11326656225;B
20241022;144310;865.6;8;11326656309;B
20241022;144339;865.5;10;11326658148;S
20241022;144348;865.5;1;11326658762;S
20241022;144348;865.5;1;11326658763;S
20241022;144348;865.3;1;11326658764;S
20241022;144351;865.3;1;11326658992;S
20241022;144418;865.6;2;11326660716;B
20241022;144421;865.5;1;11326660856;B
20241022;144512;865.3;1;11326663552;S
20241022;144512;865.2;28;11326663553;S
20241022;144512;865.1;1;11326663554;S
20241022;144539;865.1;4;11326664890;S
20241022;144539;865.1;2;11326664891;S
20241022;144539;865.1;2;11326664892;S
20241022;144539;865.1;1;11326664893;S
20241022;144539;865.1;2;11326664894;S
20241022;144539;865.1;5;11326664895;S
20241022;144539;865;484;11326664896;S
20241022;144549;865.1;2;11326665378;S
20241022;144549;865;18;11326665379;S
20241022;144600;865.2;1;11326666027;B
20241022;144600;865.3;12;11326666028;B
20241022;144701;865.1;1;11326669661;S
20241022;144701;865;9;11326669662;S
20241022;144708;865.1;1;11326670176;S
20241022;144733;865.3;2;11326672076;B
20241022;144837;865.1;1;11326677195;S
20241022;144837;865;1;11326677196;S
20241022;144843;865;2;11326677536;S
20241022;144926;865;2;11326680971;S
20241022;144926;865.3;1;11326680991;B
20241022;144926;865.3;2;11326680992;B
20241022;144926;865.4;2;11326680993;B
20241022;144926;865.4;1;11326680994;B
20241022;144948;865.3;8;11326682464;B
20241022;144948;865.4;4;11326682465;B
20241022;144948;865.4;2;11326682466;B
20241022;144948;865.4;2;11326682467;B
20241022;144948;865.4;1;11326682468;B
20241022;144949;865.4;1;11326682528;B
20241022;145248;865.1;1;11326695012;S
20241022;145320;865.1;3;11326697197;S
20241022;145320;865.1;10;11326697198;S
20241022;145320;865.1;10;11326697199;S
20241022;145320;865.1;1;11326697200;S
20241022;145320;865.1;10;11326697201;S
20241022;145320;865;466;11326697202;S
20241022;145351;865.3;1;11326698827;B
20241022;145351;865.3;5;11326698828;B
20241022;145351;865.4;3;11326698829;B
20241022;145351;865.4;1;11326698830;B
20241022;145356;865.1;2;11326699102;S
20241022;145356;865.1;1;11326699103;S
20241022;145356;865.1;1;11326699104;S
20241022;145356;865.1;7;11326699105;S
20241022;145544;865.3;1;11326706264;B
20241022;145554;865.3;4;11326707306;B
20241022;145554;865.3;1;11326707307;B
20241022;145554;865.3;2;11326707308;B
20241022;145554;865.3;1;11326707309;B
20241022;145554;865.3;7;11326707310;B
20241022;145554;865.3;1;11326707311;B
20241022;145554;865.4;7;11326707312;B
20241022;145554;865.4;10;11326707313;B
20241022;145554;865.4;1;11326707314;B
20241022;145554;865.4;10;11326707315;B
20241022;145554;865.4;2;11326707316;B
20241022;145554;865.4;10;11326707317;B
20241022;145554;865.4;4;11326707318;B
20241022;145554;865.5;2;11326707319;B
20241022;145554;865.5;5;11326707320;B
20241022;145554;865.5;2;11326707321;B
20241022;145554;865.6;2;11326707322;B
20241022;145554;865.6;2;11326707323;B
20241022;145554;865.6;1;11326707324;B
20241022;145554;865.6;5;11326707325;B
20241022;145554;865.6;5;11326707326;B
20241022;145554;865.6;5;11326707327;B
20241022;145554;865.7;1;11326707328;B
20241022;145554;865.7;1;11326707329;B
20241022;145554;865.7;29;11326707330;B
20241022;145602;865.2;1;11326708014;S
20241022;145605;865.6;8;11326708240;B
20241022;145605;865.7;27;11326708241;B
20241022;145703;865.4;2;11326715610;S
20241022;145703;865.4;1;11326715611;S
20241022;145709;865.4;10;11326716224;S
20241022;145814;865.4;4;11326719855;S
20241022;145820;865.7;1;11326720209;B
20241022;145841;865.7;4;11326740659;B
20241022;145841;865.7;2;11326740660;B
20241022;145848;865.7;2;11326749499;B
20241022;145851;865.4;42;11326752242;S
20241022;145851;865.4;34;11326752243;S
20241022;145851;865.3;66;11326752244;S
20241022;145915;865.3;1;11326780502;S
20241022;145918;865.3;7;11326783679;S
20241022;150003;865.6;2;11326834503;B
20241022;150103;865.5;5;11326857293;B
20241022;150103;865.5;1;11326857294;B
20241022;150213;865.5;1;11326862933;S
20241022;150414;865.6;18;11326869997;B
20241022;150414;865.6;2;11326869998;B
20241022;150509;865.5;1;11326873678;S
20241022;150512;865.6;3;11326873835;B
20241022;150523;865.6;7;11326874558;B
20241022;150953;865.6;2;11326889660;B
20241022;151021;865.5;9;11326891168;S
20241022;151021;865.5;5;11326891169;S
20241022;151021;865.4;36;11326891170;S
20241022;151044;865.4;7;11326892462;B
20241022;151044;865.6;3;11326892463;B
20241022;151200;865.6;2;11326896593;B
20241022;151200;865.6;3;11326896594;B
20241022;151224;865.4;1;11326897833;S
20241022;151344;865.5;1;11326901409;S
20241022;151344;865.4;1;11326901410;S
20241022;151355;865.6;2;11326902030;B
20241022;151355;865.7;1;11326902031;B
20241022;151447;865.7;3;11326905691;B
20241022;151447;865.7;2;11326905692;B
20241022;151447;865.7;3;11326905693;B
20241022;151550;865.7;2;11326910528;B
20241022;151550;865.7;18;11326910529;B
20241022;151550;865.8;10;11326910530;B
20241022;151623;865.7;5;11326912379;B
20241022;151623;865.7;15;11326912380;B
20241022;151624;865.8;1;11326912504;B
20241022;151642;865.7;5;11326913404;B
20241022;151642;865.8;5;11326913405;B
20241022;151704;865.8;3;11326915116;B
20241022;151720;865.8;1;11326916697;B
20241022;151720;865.8;4;11326916698;B
20241022;151747;865.8;1;11326917968;B
20241022;151818;865.7;2;11326919622;S
20241022;151832;865.8;1;11326920264;B
20241022;151842;865.8;1;11326920774;B
20241022;151850;865.7;1;11326921272;S
20241022;151921;865.7;3;11326922679;S
20241022;151951;865.7;4;11326924226;S
20241022;152009;865.7;1;11326925204;B
20241022;152025;865.7;1;11326926017;B
20241022;152025;865.7;20;11326926018;B
20241022;152025;865.7;5;11326926019;B
20241022;152025;865.8;17;11326926020;B
20241022;152025;865.8;2;11326926021;B
20241022;152111;865.8;1;11326929087;B
20241022;152145;865.8;10;11326931529;B
20241022;152154;865.8;1;11326932011;B
20241022;152239;865.8;1;11326935228;B
20241022;152253;865.6;5;11326935958;S
20241022;152255;865.8;2;11326936204;B
20241022;152313;865.8;3;11326937136;B
20241022;152337;865.8;1;11326938726;B
20241022;152437;865.6;2;11326942450;S
20241022;152539;865.7;10;11326945704;S
20241022;152539;865.6;8;11326945705;S
20241022;152539;865.6;6;11326945706;S
20241022;152539;865.6;2;11326945707;S
20241022;152539;865.5;10;11326945708;S
20241022;152539;865.5;6;11326945709;S
20241022;152539;865.4;17;11326945710;S
20241022;152704;865.5;4;11326950860;S
20241022;152704;865.4;3;11326950861;S
20241022;152704;865.4;1;11326950862;S
20241022;152704;865.4;2;11326950863;S
20241022;152704;865.4;4;11326950864;S
20241022;152704;865.3;26;11326950865;S
20241022;152704;865.3;1;11326950866;S
20241022;152704;865.2;1;11326950867;S
20241022;152704;865.2;28;11326950868;S
20241022;152704;865.2;10;11326950869;S
20241022;152704;865.2;1;11326950870;S
20241022;152704;865.2;5;11326950871;S
20241022;152704;865.1;1;11326950872;S
20241022;152704;865.1;4;11326950873;S
20241022;152704;865.1;10;11326950874;S
20241022;152704;865.1;30;11326950875;S
20241022;152704;865.1;50;11326950876;S
20241022;152704;865.1;30;11326950877;S
20241022;152704;865.1;1;11326950878;S
20241022;152704;865;798;11326950879;S
20241022;152911;865.4;1;11326958936;B
20241022;152929;865.4;7;11326959902;B
20241022;152929;865.5;58;11326959903;B
20241022;152929;865.5;2;11326959904;B
20241022;152929;865.5;2;11326959905;B
20241022;152929;865.5;5;11326959906;B
20241022;152929;865.5;10;11326959907;B
20241022;152929;865.5;5;11326959908;B
20241022;152929;865.6;1;11326959909;B
20241022;152929;865.6;50;11326959910;B
20241022;152929;865.6;2;11326959911;B
20241022;152929;865.6;5;11326959912;B
20241022;152929;865.6;10;11326959913;B
20241022;152929;865.6;5;11326959914;B
20241022;152929;865.7;30;11326959915;B
20241022;152929;865.7;30;11326959916;B
20241022;152929;865.7;1;11326959917;B
20241022;152929;865.8;5;11326959918;B
20241022;152929;865.8;1;11326959919;B
20241022;152929;865.8;3;11326959920;B
20241022;152929;865.8;5;11326959921;B
20241022;152929;865.8;1;11326959922;B
20241022;152929;865.8;84;11326959923;B
20241022;152929;865.9;5;11326959924;B
20241022;152929;865.9;58;11326959925;B
20241022;152929;866;1;11326959926;B
20241022;152929;866;20;11326959927;B
20241022;152929;866;3;11326959928;B
20241022;152929;866;4;11326959929;B
20241022;152929;866;5;11326959930;B
20241022;152929;866;1;11326959931;B
20241022;152929;866;20;11326959932;B
20241022;152929;866;10;11326959933;B
20241022;152929;866;5;11326959934;B
20241022;152929;866;50;11326959935;B
20241022;152929;866;10;11326959936;B
20241022;153017;866;1;11326964584;S
20241022;153017;866;1;11326964597;S
20241022;153034;866;3;11326965425;S
20241022;153047;866.1;2;11326966101;B
20241022;153117;866.1;90;11326967580;B
20241022;153134;866.1;1;11326968442;B
20241022;153313;866;3;11326974314;S
20241022;153342;866.1;2;11326976155;B
20241022;153435;866;250;11326978901;S
20241022;153439;866;50;11326979115;S
20241022;153441;866;2;11326979241;S
20241022;153451;866;50;11326979786;S
20241022;153452;866;50;11326979820;S
20241022;153453;866;50;11326979875;S
20241022;153544;866;1999;11326982710;S
20241022;153544;866;1;11326982711;S
20241022;153602;866;1;11326983567;S
20241022;153628;866.1;5;11326984518;B
20241022;153628;866.1;5;11326984519;B
20241022;153650;866;25;11326985528;S
20241022;153652;866;1;11326985601;S
20241022;153652;866;1;11326985636;S
20241022;153720;865.6;1;11326987143;S
20241022;153720;865.3;58;11326987144;S
20241022;153720;865.3;12;11326987145;S
20241022;153803;865.2;3;11326989462;S
20241022;153926;865.2;1;11326993312;S
20241022;153937;865.6;1;11326993811;B
20241022;153938;865.2;1;11326993835;S
20241022;154040;865.5;1;11326997885;B
20241022;154058;865.2;10;11326998786;S
20241022;154058;865.2;2;11326998787;S
20241022;154113;865.1;3;11326999550;S
20241022;154222;865.1;1;11327002755;S
20241022;154325;865.1;6;11327006410;S
20241022;154325;865.1;1;11327006411;S
20241022;154325;865.1;5;11327006412;S
20241022;154325;865.1;5;11327006413;S
20241022;154325;865.1;20;11327006414;S
20241022;154325;865.1;3;11327006415;S
20241022;154339;865.1;2;11327007433;B
20241022;154343;865;250;11327007632;S
20241022;154343;865;1;11327007637;S
20241022;154404;865;10;11327008798;S
20241022;154445;865;188;11327010782;S
20241022;154511;865.1;1;11327012044;B
20241022;154529;865.1;9;11327012901;B
20241022;154529;865.1;16;11327012902;B
20241022;154544;865.1;4;11327013723;B
20241022;154544;865.2;50;11327013724;B
20241022;154544;865.2;2;11327013725;B
20241022;154544;865.3;24;11327013726;B
20241022;154558;865.3;1;11327014323;B
20241022;154559;865;1;11327014382;S
20241022;154643;865.1;1;11327016983;B
20241022;154703;865.1;1;11327017901;B
20241022;154739;865;13;11327020025;S
20241022;154833;865;1;11327023305;S
20241022;154837;865.1;10;11327023545;B
20241022;155045;865.1;2;11327032808;B
20241022;155052;865;15;11327036653;S
20241022;155104;865.1;2;11327048596;B
20241022;155107;865.1;1;11327053112;B
20241022;155131;865;4;11327071483;S
20241022;155159;865;67;11327073689;S
20241022;155211;865.1;2;11327074410;B
20241022;155223;865.1;3;11327075220;B
20241022;155417;865.1;4;11327081918;B
20241022;155528;865.1;1;11327087297;B
20241022;155626;865.1;3;11327090937;B
20241022;155658;865;6;11327092567;S
20241022;155706;865.1;1;11327093423;B
20241022;155711;865.1;1;11327093726;B
20241022;155727;865.1;2;11327094713;B
20241022;155736;865.1;2;11327095191;B
20241022;155744;865;1;11327096726;S
20241022;155814;865.1;1;11327098637;B
20241022;160002;865;3;11327105574;S
20241022;160007;865.1;6;11327105867;B
20241022;160015;865;18;11327106288;S
20241022;160019;865.1;1;11327106481;B
20241022;160023;865.1;2;11327106652;B
20241022;160032;865;232;11327107012;S
20241022;160040;865;100;11327107589;S
20241022;160040;865.1;5;11327107659;B
20241022;160040;865.1;3;11327107660;B
20241022;160040;865.1;3;11327107661;B
20241022;160040;865.1;1;11327107662;B
20241022;160040;865.1;18;11327107663;B
20241022;160156;865;20;11327112250;S
20241022;160246;865;50;11327114830;S
20241022;160253;865.1;2;11327115289;B
20241022;160434;865;1;11327121440;S
20241022;160528;865.1;15;11327124710;B
20241022;160547;865;6;11327126324;S
20241022;160557;865;148;11327127221;S
20241022;160601;865;1;11327127477;S
20241022;160610;865.1;3;11327128277;B
20241022;160704;865;2;11327131794;S
20241022;160714;865.1;2;11327132404;B
20241022;160753;865.1;2;11327134369;B
20241022;160923;865;38;11327140020;S
20241022;161011;865.1;1;11327143048;B
20241022;161011;865.1;206;11327143094;B
20241022;161018;865.1;1;11327143526;B
20241022;161104;865;4;11327146101;S
20241022;161200;865;20;11327149146;S
20241022;161312;865;40;11327152997;S
20241022;161415;865.1;1;11327156327;B
20241022;161527;865.1;5;11327160162;B
20241022;161545;865.1;2;11327161103;B
20241022;161601;865.1;2;11327161920;B
20241022;161634;865.1;15;11327163532;B
20241022;161640;865.1;1;11327163735;B
20241022;161702;865;1;11327165246;S
20241022;161742;865.1;11;11327167299;B
20241022;161908;865.1;1;11327173161;B
20241022;161911;865.1;1;11327173295;B
20241022;162047;865;92;11327184702;S
20241022;162125;865.1;3;11327189664;B
20241022;162129;865.1;3;11327189915;B
20241022;162200;865.1;380;11327191440;B
20241022;162201;865.1;3;11327191507;B
20241022;162211;865.1;3;11327192099;B
20241022;162224;865.1;1;11327192757;B
20241022;162237;865.1;1;11327193919;B
20241022;162256;865;2;11327195310;S
20241022;162316;865.1;3;11327198745;B
20241022;162317;865;2;11327198761;S
20241022;162341;865.1;5;11327201219;B
20241022;162431;865.1;1;11327205278;B
20241022;162435;865;3;11327205576;S
20241022;162442;865;6;11327205887;S
20241022;162518;865.1;1;11327207993;B
20241022;162518;865;530;11327207999;S
20241022;162518;865;100;11327208001;S
20241022;162548;865;2;11327211097;S
20241022;162629;865;2;11327212967;S
20241022;162711;865;3;11327215066;S
20241022;162724;865;504;11327215765;S
20241022;162744;865;200;11327217010;S
20241022;162809;865;1;11327218308;S
20241022;162816;865.1;2;11327218682;B
20241022;162923;865.1;1;11327223596;B
20241022;162951;865.1;3;11327225401;B
20241022;163017;865;10;11327227111;S
20241022;163036;865;33;11327228283;S
20241022;163230;865.1;6;11327237566;B
20241022;163300;865.1;1;11327239685;B
20241022;163327;865.1;8;11327241393;B
20241022;163419;865.1;1;11327244206;B
20241022;163430;865.1;20;11327244808;B
20241022;163449;865.1;1;11327245803;B
20241022;163619;865;8;11327250417;S
20241022;163645;865.1;1;11327252107;B
20241022;163731;865;1;11327254580;S
20241022;163735;865;1;11327254756;S
20241022;163808;865.1;9;11327256761;B
20241022;163910;865.1;2;11327260589;B
20241022;163914;865;1;11327260830;S
20241022;163914;865.1;2;11327260856;B
20241022;163914;865.1;1;11327260857;B
20241022;163914;865.1;17;11327260858;B
20241022;163954;865;3;11327263078;S
20241022;163957;865.1;3;11327263257;B
20241022;164010;865;1;11327263989;S
20241022;164040;865.1;1;11327265701;B
20241022;164148;865.1;50;11327269136;B
20241022;164205;865.1;1;11327270036;B
20241022;164222;865.1;1;11327271198;B
20241022;164241;865.3;3;11327272547;B
20241022;164242;865.1;1;11327272581;S
20241022;164325;865.1;1;11327275863;S
20241022;164325;865.1;1;11327275864;S
20241022;164325;865;2848;11327275865;S
20241022;164325;865;6;11327275866;S
20241022;164325;865;859;11327275867;S
20241022;164325;865;62;11327275868;S
20241022;164325;865;50;11327275869;S
20241022;164325;865;171;11327275870;S
20241022;164325;865;1;11327275871;S
20241022;164325;865;1;11327275872;S
20241022;164325;865;100;11327275873;S
20241022;164325;865;1;11327275874;S
20241022;164325;865;11;11327275875;S
20241022;164325;865;1;11327275876;S
20241022;164325;865;3;11327275877;S
20241022;164325;865;2;11327275878;S
20241022;164325;865;2;11327275879;S
20241022;164325;865;1;11327275880;S
20241022;164325;865;1;11327275881;S
20241022;164325;865;12;11327275882;S
20241022;164325;865;3;11327275883;S
20241022;164325;865;7;11327275884;S
20241022;164325;865;3;11327275885;S
20241022;164325;865;4;11327275886;S
20241022;164325;865;1;11327275887;S
20241022;164325;864.8;1;11327275888;S
20241022;164325;864.8;19;11327275889;S
20241022;164325;864.8;20;11327275890;S
20241022;164325;864.8;1;11327275893;S
20241022;164325;864.7;10;11327275894;S
20241022;164325;864.7;1;11327275895;S
20241022;164325;864.5;22;11327275896;S
20241022;164325;864.5;17;11327275897;S
20241022;164325;864.5;1;11327275900;S
20241022;164325;864.5;1;11327275901;S
20241022;164325;864.5;5;11327275906;S
20241022;164325;864.5;1;11327275908;S
20241022;164325;864.4;1;11327275909;S
20241022;164353;864.3;1;11327277311;S
20241022;164353;864.3;1;11327277312;S
20241022;164401;864.2;6;11327277651;S
20241022;164450;864.2;4;11327280542;S
20241022;164453;864.2;10;11327280834;S
20241022;164453;864.2;2;11327280835;S
20241022;164455;864.1;1;11327280926;S
20241022;164455;864;24;11327280927;S
20241022;164455;864;39;11327280928;S
20241022;164455;864;1;11327280929;S
20241022;164455;864;1;11327280930;S
20241022;164455;864;5;11327280931;S
20241022;164455;864;4;11327280932;S
20241022;164455;864;40;11327280933;S
20241022;164456;864;3;11327281012;S
20241022;164457;864;3;11327281013;S
20241022;164457;864;1;11327281014;S
20241022;164457;864;10;11327281015;S
20241022;164457;864;6;11327281016;S
20241022;164457;864;2;11327281017;S
20241022;164457;864;3;11327281018;S
20241022;164459;864;2;11327281178;S
20241022;164459;864;15;11327281179;S
20241022;164459;864;8;11327281180;S
20241022;164459;864;2;11327281212;S
20241022;164459;864;1;11327281213;S
20241022;164459;864;1;11327281214;S
20241022;164459;863.9;21;11327281215;S
20241022;164500;863.9;25;11327281338;S
20241022;164501;863.9;211;11327281447;S
20241022;164501;863.9;8;11327281448;S
20241022;164501;863.9;1;11327281449;S
20241022;164501;863.9;20;11327281450;S
20241022;164501;863.8;13;11327281451;S
20241022;164501;863.8;1;11327281452;S
20241022;164501;863.8;9;11327281453;S
20241022;164502;863.8;45;11327281512;S
20241022;164502;863.7;30;11327281513;S
20241022;164502;863.6;29;11327281514;S
20241022;164502;863.5;1;11327281515;S
20241022;164502;863.5;2;11327281516;S
20241022;164502;863.5;3;11327281517;S
20241022;164502;863.5;10;11327281518;S
20241022;164502;863.4;1;11327281519;S
20241022;164502;863.4;80;11327281520;S
20241022;164502;863.3;25;11327281521;S
20241022;164502;863.3;10;11327281522;S
20241022;164502;863.3;5;11327281523;S
20241022;164502;863.3;100;11327281524;S
20241022;164502;863.2;10;11327281525;S
20241022;164502;863.2;2;11327281526;S
20241022;164502;863.2;1;11327281527;S
20241022;164502;863.2;120;11327281528;S
20241022;164502;863.2;200;11327281529;S
20241022;164503;863.2;50;11327281566;S
20241022;164506;863.2;170;11327281709;S
20241022;164513;863.2;15;11327282046;S
20241022;164520;863.2;215;11327282522;S
20241022;164520;863.2;1;11327282523;S
20241022;164520;863.1;1;11327282524;S
20241022;164520;863.1;10;11327282525;S
20241022;164520;863.1;1;11327282526;S
20241022;164520;863.1;5;11327282527;S
20241022;164520;863.1;20;11327282528;S
20241022;164520;863.1;1;11327282529;S
20241022;164520;863.1;59;11327282530;S
20241022;164520;863.1;2;11327282531;S
20241022;164520;863.1;4;11327282532;S
20241022;164520;863.1;24;11327282533;S
20241022;164520;863;82;11327282534;S
20241022;164520;863;4;11327282535;S
20241022;164520;863;13;11327282536;S
20241022;164520;863;18;11327282542;S
20241022;164520;863;1;11327282543;S
20241022;164520;863;1;11327282544;S
20241022;164520;863;5;11327282545;S
20241022;164520;863;6;11327282546;S
20241022;164520;863;5;11327282547;S
20241022;164520;863;3;11327282548;S
20241022;164520;863;1;11327282549;S
20241022;164520;863;3;11327282550;S
20241022;164520;863;2;11327282551;S
20241022;164520;863;4;11327282552;S
20241022;164520;863;10;11327282553;S
20241022;164520;863;40;11327282554;S
20241022;164520;863;1;11327282555;S
20241022;164520;863;231;11327282556;S
20241022;164520;862;1;11327282557;S
20241022;164520;862;68;11327282558;S
20241022;164521;862;15;11327282601;S
20241022;164521;862;17;11327282615;S
20241022;164521;862;4;11327282616;S
20241022;164521;862;4;11327282617;S
20241022;164521;862;6;11327282618;S
20241022;164521;862;15;11327282619;S
20241022;164521;862;4;11327282620;S
20241022;164521;862;24;11327282654;S
20241022;164523;862;77;11327282766;S
20241022;164526;862;10;11327282881;S
20241022;164526;862;3;11327282882;S
20241022;164526;861.3;2;11327282883;S
20241022;164526;861.3;6;11327282884;S
20241022;164526;861;2;11327282885;S
20241022;164526;861;4;11327282886;S
20241022;164526;861;1;11327282887;S
20241022;164526;861;15;11327282888;S
20241022;164526;860.9;1;11327282889;S
20241022;164526;860.9;1;11327282890;S
20241022;164526;860.8;2;11327282891;S
20241022;164526;860.8;13;11327282892;S
20241022;164526;860.7;1;11327282893;S
20241022;164526;860.7;1;11327282894;S
20241022;164526;860.7;4;11327282895;S
20241022;164526;860.7;4;11327282896;S
20241022;164526;860.6;1;11327282897;S
20241022;164526;860.5;1;11327282898;S
20241022;164526;860.5;2;11327282899;S
20241022;164526;860.5;1;11327282900;S
20241022;164526;860.3;46;11327282901;S
20241022;164526;860.3;89;11327282902;S
20241022;164530;862.4;20;11327283068;B
20241022;164530;862.5;1;11327283069;B
20241022;164530;862.9;1;11327283070;B
20241022;164530;863.6;58;11327283071;B
20241022;164530;863.7;16;11327283072;B
20241022;164530;863.8;58;11327283073;B
20241022;164530;863.9;43;11327283074;B
20241022;164530;863.9;27;11327283075;B
20241022;164530;863.9;20;11327283076;B
20241022;164530;864;3;11327283077;B
20241022;164530;864;70;11327283078;B
20241022;164530;864.4;104;11327283079;B
20241022;164530;864.4;196;11327283080;B
20241022;164530;864.6;215;11327283081;B
20241022;164530;864.9;33;11327283082;B
20241022;164530;864.9;67;11327283083;B
20241022;164530;864.9;80;11327283084;B
20241022;164530;865;8;11327283085;B
20241022;164530;865;840;11327283086;B
20241022;164530;865;1;11327283087;B
20241022;164530;865;205;11327283088;B
20241022;164530;865;45;11327283089;B
20241022;164532;865.1;5;11327283253;S
20241022;164534;865.1;5;11327283354;S
20241022;164537;865.4;5;11327283487;S
20241022;164537;865.4;20;11327283526;B
20241022;164537;865.4;3;11327283529;B
20241022;164538;865.6;12;11327283544;B
20241022;164538;865.6;20;11327283545;B
20241022;164538;865.8;50;11327283546;B
20241022;164538;865.9;24;11327283547;B
20241022;164538;866;10;11327283569;B
20241022;164539;866;1;11327283581;B
20241022;164540;866;20;11327283620;B
20241022;164542;865.9;2;11327283734;S
20241022;164543;866;10;11327283810;B
20241022;164609;865.7;1;11327285134;S
20241022;164609;865.7;19;11327285135;S
20241022;164609;865.7;5;11327285136;S
20241022;164609;865.6;19;11327285137;S
20241022;164609;865.6;50;11327285138;S
20241022;164609;865.5;58;11327285139;S
20241022;164609;865.4;60;11327285140;S
20241022;164609;865.3;19;11327285141;S
20241022;164648;865.9;1;11327287161;B
20241022;164700;865.9;27;11327287806;B
20241022;164700;866;73;11327287807;B
20241022;164705;866;6;11327288085;B
20241022;164706;866;1;11327288116;B
20241022;164727;865.9;1;11327289149;B
20241022;164735;865.7;1;11327289503;S
20241022;164750;865.9;5;11327290507;B
20241022;164752;865.7;67;11327290575;B
20241022;164836;865.5;2;11327293092;S
20241022;164836;865.5;1;11327293093;S
20241022;164840;865.5;1;11327293361;B
20241022;164844;865.5;6;11327293567;B
20241022;164844;865.5;5;11327293568;B
20241022;164844;865.5;5;11327293569;B
20241022;164844;865.6;1;11327293570;B
20241022;164844;865.6;28;11327293571;B
20241022;164844;865.6;50;11327293572;B
20241022;164844;865.6;15;11327293573;B
20241022;164939;865.4;1;11327297024;S
20241022;164939;865.4;82;11327297025;S
20241022;164939;865.3;81;11327297026;S
20241022;164939;865.3;23;11327297027;S
20241022;164939;865.3;82;11327297028;S
20241022;164939;865.2;31;11327297029;S
20241022;164939;865.5;1;11327297060;B
20241022;164942;865.2;30;11327297234;S
20241022;164951;865.3;1;11327297635;S
20241022;164951;865.2;14;11327297636;S
20241022;164951;865.2;200;11327297637;S
20241022;164951;865.2;35;11327297638;S
20241022;164954;865.4;1;11327297869;B
20241022;165030;865.4;1;11327300019;B
20241022;165034;865.2;1;11327300169;S
20241022;165120;865.2;10;11327302771;S
20241022;165128;865.4;3;11327303122;B
20241022;165137;865.2;10;11327303568;S
20241022;165143;865.3;2;11327303919;B
20241022;165217;865.3;3;11327305558;B
20241022;165314;865.3;1;11327309238;B
20241022;165339;865.3;1;11327310853;B
20241022;165349;865.3;1;11327311360;B
20241022;165509;865.1;1;11327315918;S
20241022;165520;865.2;6;11327316813;S
20241022;165528;865.3;12;11327317315;B
20241022;165528;865.3;5;11327317316;B
20241022;165528;865.5;49;11327317317;B
20241022;165528;865.6;8;11327317318;B
20241022;165528;865.7;36;11327317319;B
20241022;165531;865.3;58;11327317513;S
20241022;165531;865.2;69;11327317514;S
20241022;165531;865.1;514;11327317515;S
20241022;165531;865.1;525;11327317516;S
20241022;165531;865.1;525;11327317517;S
20241022;165531;865.1;1;11327317518;S
20241022;165531;865.1;1;11327317519;S
20241022;165531;865.1;200;11327317520;S
20241022;165531;865.1;200;11327317521;S
20241022;165531;865.1;144;11327317522;S
20241022;165531;865.1;69;11327317523;S
20241022;165531;865.1;1;11327317524;S
20241022;165531;865;139;11327317525;S
20241022;165531;865;820;11327317526;S
20241022;165531;865;245;11327317527;S
20241022;165531;865;192;11327317528;S
20241022;165531;865;40;11327317529;S
20241022;165531;865;68;11327317530;S
20241022;165531;865;66;11327317531;S
20241022;165531;865;368;11327317532;S
20241022;165531;865;104;11327317533;S
20241022;165531;865;20;11327317534;S
20241022;165531;865;54;11327317535;S
20241022;165531;865;178;11327317536;S
20241022;165531;865;177;11327317537;S
20241022;165531;865;155;11327317538;S
20241022;165823;865.3;1;11327327624;B
20241022;165838;865.1;30;11327328404;S
20241022;165838;865.1;1;11327328405;S
20241022;165838;865;141;11327328406;S
20241022;165838;865;192;11327328407;S
20241022;165838;865;85;11327328408;S
20241022;165838;865;251;11327328409;S
20241022;165838;865;86;11327328410;S
20241022;165838;865;123;11327328411;S
20241022;165838;865;380;11327328412;S
20241022;165838;865;98;11327328413;S
20241022;165838;865;113;11327328414;S
20241022;165838;865;351;11327328415;S
20241022;165838;865;72;11327328416;S
20241022;165838;865;161;11327328417;S
20241022;165838;865;469;11327328418;S
20241022;165838;865;269;11327328419;S
20241022;165838;865;62;11327328420;S
20241022;165838;865;414;11327328421;S
20241022;165838;865;201;11327328422;S
20241022;165838;865;320;11327328423;S
20241022;165838;865;218;11327328424;S
20241022;165838;865;247;11327328425;S
20241022;165838;865;94;11327328426;S
20241022;165838;865;553;11327328427;S
20241022;165838;865;69;11327328428;S
20241022;165838;865;235;11327328429;S
20241022;165838;865;659;11327328430;S
20241022;165838;865;856;11327328431;S
20241022;165838;865;166;11327328432;S
20241022;165838;865;62;11327328433;S
20241022;165838;865;688;11327328434;S
20241022;165838;865;529;11327328435;S
20241022;165838;865;174;11327328436;S
20241022;165838;865;149;11327328437;S
20241022;165838;865;225;11327328438;S
20241022;165838;865;215;11327328439;S
20241022;165838;865;359;11327328440;S
20241022;165838;865;254;11327328441;S
20241022;165838;865;278;11327328442;S
20241022;165838;865;151;11327328443;S
20241022;165841;865;71;11327328611;S
20241022;165841;865;129;11327328612;S
20241022;165841;865;80;11327328665;S
20241022;165841;865;120;11327328666;S
20241022;165845;865;88;11327328844;S
20241022;165845;865;477;11327328845;S
20241022;165845;865;249;11327328846;S
20241022;165845;865;55;11327328847;S
20241022;165845;865;57;11327328848;S
20241022;165845;865;538;11327328849;S
20241022;165845;865;116;11327328850;S
20241022;165847;865;341;11327328908;S
20241022;165847;865;59;11327328909;S
20241022;165854;865;8;11327329341;S
20241022;165856;865;8;11327329407;S
20241022;165907;865;9;11327329939;S
20241022;165914;865;95;11327330321;S
20241022;165917;865;11;11327330496;S
20241022;165917;865;189;11327330497;S
20241022;165920;865;54;11327330639;S
20241022;165920;865;35;11327330640;S
20241022;165927;865;285;11327330985;S
20241022;165927;865;248;11327330986;S
20241022;165927;865;68;11327330987;S
20241022;165927;865;267;11327330988;S
20241022;165927;865;57;11327330989;S
20241022;165927;865;47;11327330990;S
20241022;165927;865;219;11327330991;S
20241022;165927;865;53;11327330992;S
20241022;165927;865;149;11327330993;S
20241022;165927;865;54;11327330994;S
20241022;165927;865;6270;11327330995;S
20241022;165927;865;99;11327330996;S
20241022;165927;865;210;11327330997;S
20241022;165927;865;351;11327330998;S
20241022;165927;865;230;11327330999;S
20241022;165927;865;161;11327331000;S
20241022;165927;865;114;11327331001;S
20241022;165927;865;82;11327331002;S
20241022;165927;865;163;11327331003;S
20241022;165927;865;194;11327331004;S
20241022;165927;865;162;11327331005;S
20241022;165927;865;104;11327331006;S
20241022;165927;865;60;11327331007;S
20241022;165927;865;101;11327331008;S
20241022;165927;865;67;11327331009;S
20241022;165927;865;51;11327331010;S
20241022;165927;865;1;11327331011;S
20241022;165927;865;1;11327331012;S
20241022;165927;865;3;11327331013;S
20241022;165927;865;1;11327331014;S
20241022;165927;865;3;11327331015;S
20241022;165928;864.5;10;11327331018;S
20241022;165928;863.1;1;11327331019;S
20241022;165928;863.1;1;11327331021;S
20241022;165928;863.1;8;11327331022;S
20241022;165928;863.1;1;11327331023;S
20241022;165928;863;20;11327331024;S
20241022;165928;863;1;11327331025;S
20241022;165951;862.8;1;11327332310;S
