<DATE>;<TIME>;<LAST>;<VOL>;<ID>;<OPER>
20241029;095947;0.6289;1000;11352137484;B
20241029;095947;0.6289;99000;11352137485;B
20241029;095947;0.6289;1000;11352137486;B
20241029;095947;0.6289;1000;11352137487;B
20241029;095947;0.6289;1000;11352137488;B
20241029;095947;0.6289;1000;11352137489;B
20241029;095947;0.6289;3000;11352137490;B
20241029;095947;0.6289;1000;11352137491;S
20241029;095947;0.6289;35000;11352137492;B
20241029;095947;0.6289;8000;11352137493;B
20241029;095947;0.6289;2000;11352137494;S
20241029;095947;0.6289;3000;11352137495;S
20241029;095947;0.6289;1000;11352137496;S
20241029;095947;0.6289;3000;11352137497;B
20241029;095947;0.6289;5000;11352137498;B
20241029;095947;0.6289;150000;11352137499;B
20241029;095947;0.6289;12000;11352137500;S
20241029;095947;0.6289;5000;11352137501;S
20241029;095947;0.6289;1000;11352137502;S
20241029;095947;0.6289;10000;11352137503;S
20241029;095947;0.6289;1000;11352137504;B
20241029;095947;0.6289;9000;11352137505;B
20241029;095947;0.6289;11000;11352137506;B
20241029;095947;0.6289;2000;11352137507;B
20241029;095947;0.6289;2000;11352137508;B
20241029;095947;0.6289;5000;11352137509;B
20241029;095947;0.6289;15000;11352137510;B
20241029;095947;0.6289;76000;11352137511;S
20241029;095947;0.6289;1000;11352137512;B
20241029;095947;0.6289;38000;11352137513;S
20241029;095947;0.6289;5000;11352137514;S
20241029;095947;0.6289;10000;11352137515;B
20241029;095947;0.6289;20000;11352137516;S
20241029;095947;0.6289;1000;11352137517;S
20241029;095947;0.6289;4000;11352137518;S
20241029;095947;0.6289;17000;11352137519;S
20241029;095947;0.6289;20000;11352137520;S
20241029;095947;0.6289;40000;11352137521;B
20241029;095947;0.6289;9000;11352137522;B
20241029;095947;0.6289;25000;11352137523;B
20241029;095947;0.6289;20000;11352137524;B
20241029;095947;0.6289;6000;11352137525;B
20241029;095947;0.6289;5000;11352137526;S
20241029;095947;0.6289;6000;11352137527;S
20241029;100000;0.6289;1000;11352141813;S
20241029;100000;0.6296;1000;11352142181;B
20241029;100000;0.6296;50000;11352142182;B
20241029;100000;0.63;50000;11352142235;B
20241029;100001;0.63;99000;11352142572;B
20241029;100001;0.63;101000;11352142574;B
20241029;100001;0.63;9000;11352142575;B
20241029;100001;0.63;5000;11352142576;B
20241029;100001;0.63;4000;11352142577;B
20241029;100001;0.63;1000;11352142578;B
20241029;100001;0.6307;1000;11352142710;B
20241029;100002;0.6321;1000;11352143312;B
20241029;100002;0.6324;3000;11352143313;B
20241029;100003;0.631;1000;11352144404;S
20241029;100003;0.6305;3000;11352144405;S
20241029;100003;0.63;2000;11352144406;S
20241029;100003;0.6294;14000;11352144407;S
20241029;100003;0.6323;1000;11352144426;B
20241029;100003;0.6323;7000;11352144430;B
20241029;100004;0.6299;10000;11352145395;S
20241029;100004;0.632;1000;11352145727;B
20241029;100004;0.632;1000;11352145781;B
20241029;100004;0.6303;4000;11352145788;S
20241029;100004;0.632;6000;11352145791;B
20241029;100004;0.6303;1000;11352145844;S
20241029;100004;0.6303;8000;11352145849;S
20241029;100004;0.6319;1000;11352145874;B
20241029;100004;0.6304;1000;11352145876;S
20241029;100004;0.6292;1000;11352146289;S
20241029;100004;0.6317;1000;11352146319;B
20241029;100004;0.6302;1000;11352146448;S
20241029;100004;0.632;1000;11352146463;B
20241029;100004;0.632;8000;11352146481;B
20241029;100004;0.6325;10000;11352146482;B
20241029;100004;0.6325;1000;11352146491;B
20241029;100004;0.6325;1000;11352146524;B
20241029;100004;0.6325;1000;11352146526;B
20241029;100004;0.6325;1000;11352146530;B
20241029;100004;0.6303;1000;11352146532;S
20241029;100004;0.6325;6000;11352146630;B
20241029;100004;0.6325;10000;11352146635;B
20241029;100004;0.6325;1000;11352146639;B
20241029;100004;0.6324;3000;11352147411;B
20241029;100004;0.6299;1000;11352147555;S
20241029;100004;0.6325;1000;11352147556;B
20241029;100004;0.6325;1000;11352147561;B
20241029;100004;0.6299;1000;11352147562;S
20241029;100005;0.6322;3000;11352147963;B
20241029;100005;0.6298;1000;11352147964;S
20241029;100005;0.6323;1000;11352148453;B
20241029;100005;0.6323;1000;11352148457;B
20241029;100005;0.6303;5000;11352148459;S
20241029;100005;0.6303;1000;11352148460;S
20241029;100005;0.6323;1000;11352148462;B
20241029;100005;0.6323;1000;11352148673;B
20241029;100005;0.6303;1000;11352148676;S
20241029;100005;0.6323;10000;11352148678;B
20241029;100006;0.6325;1000;11352150772;B
20241029;100006;0.6323;2000;11352150860;B
20241029;100006;0.6305;4000;11352150863;S
20241029;100006;0.6304;1000;11352150864;S
20241029;100006;0.6302;2000;11352150865;S
20241029;100006;0.6323;15000;11352150868;B
20241029;100006;0.6302;1000;11352150871;S
20241029;100006;0.6302;1000;11352150876;S
20241029;100006;0.6299;4000;11352150877;S
20241029;100006;0.6294;7000;11352150878;S
20241029;100006;0.6323;1000;11352150881;B
20241029;100006;0.6323;3000;11352150959;B
20241029;100010;0.6305;25000;11352153004;S
20241029;100010;0.6305;8000;11352153155;S
20241029;100013;0.6304;18000;11352153934;S
20241029;100014;0.631;4000;11352154139;B
20241029;100018;0.6304;1000;11352155196;S
20241029;100031;0.6304;36000;11352159707;B
20241029;100031;0.6304;4000;11352159708;B
20241029;100031;0.6307;43000;11352159709;B
20241029;100031;0.6307;50000;11352159710;B
20241029;100031;0.6311;23000;11352159711;B
20241029;100031;0.6322;1000;11352159712;B
20241029;100031;0.6324;30000;11352159713;B
20241029;100031;0.6324;13000;11352159714;B
20241029;100049;0.6313;2000;11352164907;B
20241029;100050;0.631;10000;11352165286;S
20241029;100055;0.631;1000;11352166954;S
20241029;100057;0.6313;14000;11352167285;B
20241029;100057;0.6314;50000;11352167286;B
20241029;100057;0.6323;12000;11352167287;B
20241029;100057;0.6324;5000;11352167288;B
20241029;100057;0.6325;36000;11352167289;B
20241029;100057;0.6325;50000;11352167472;B
20241029;100102;0.6314;19000;11352168810;S
20241029;100102;0.6313;6000;11352168811;S
20241029;100103;0.631;1000;11352169179;S
20241029;100106;0.6324;1000;11352169985;B
20241029;100109;0.6324;3000;11352170811;B
20241029;100109;0.6325;5000;11352170812;B
20241029;100109;0.6328;48000;11352170813;B
20241029;100113;0.6328;2000;11352171654;B
20241029;100115;0.6329;4000;11352172204;B
20241029;100115;0.633;50000;11352172205;B
20241029;100115;0.6336;1000;11352172206;B
20241029;100115;0.6342;123000;11352172207;B
20241029;100115;0.6343;150000;11352172208;B
20241029;100115;0.6343;1000;11352172209;B
20241029;100115;0.6345;71000;11352172210;B
20241029;100116;0.6331;4000;11352172469;B
20241029;100118;0.6331;4000;11352172818;B
20241029;100119;0.6342;1000;11352172971;B
20241029;100119;0.6328;11000;11352173071;S
20241029;100121;0.634;4000;11352173718;B
20241029;100121;0.6342;16000;11352173719;B
20241029;100125;0.6342;59000;11352174516;B
20241029;100125;0.6342;18000;11352174517;B
20241029;100128;0.6331;4000;11352174919;S
20241029;100128;0.6329;4000;11352174920;S
20241029;100128;0.6328;7000;11352174921;S
20241029;100128;0.6327;4000;11352174922;S
20241029;100128;0.6327;11000;11352174923;S
20241029;100128;0.6325;11000;11352174924;S
20241029;100128;0.6324;6000;11352174925;S
20241029;100128;0.6324;4000;11352174926;S
20241029;100128;0.6321;4000;11352174927;S
20241029;100128;0.6321;240000;11352174928;S
20241029;100128;0.6321;5000;11352174929;S
20241029;100128;0.632;3000;11352174930;S
20241029;100128;0.632;80000;11352174931;S
20241029;100128;0.6318;117000;11352174932;S
20241029;100138;0.6312;10000;11352177168;S
20241029;100141;0.6321;11000;11352177587;B
20241029;100141;0.6322;8000;11352177796;B
20241029;100144;0.6322;22000;11352178464;B
20241029;100144;0.6322;2000;11352178749;B
20241029;100145;0.6328;20000;11352178877;B
20241029;100145;0.633;140000;11352178878;B
20241029;100148;0.6325;1000;11352180103;S
20241029;100151;0.6339;2000;11352180888;B
20241029;100151;0.634;3000;11352180889;B
20241029;100151;0.634;10000;11352180890;B
20241029;100151;0.6343;240000;11352180891;B
20241029;100151;0.6344;63000;11352180892;B
20241029;100151;0.6345;82000;11352180893;B
20241029;100201;0.6345;1000;11352183800;B
20241029;100201;0.6345;1000;11352183801;B
20241029;100201;0.6345;2000;11352183928;B
20241029;100206;0.6342;1000;11352185482;B
20241029;100208;0.6342;5000;11352186163;B
20241029;100212;0.6342;1000;11352187292;B
20241029;100214;0.6342;5000;11352188370;S
20241029;100217;0.6343;5000;11352189257;B
20241029;100222;0.6335;5000;11352190842;S
20241029;100222;0.6335;15000;11352190843;S
20241029;100222;0.6334;2000;11352190844;S
20241029;100222;0.6331;4000;11352190845;S
20241029;100222;0.6329;4000;11352190846;S
20241029;100222;0.6329;64000;11352190847;S
20241029;100223;0.6339;13000;11352191200;B
20241029;100223;0.634;1000;11352191433;B
20241029;100227;0.6338;2000;11352192867;B
20241029;100227;0.6338;5000;11352192868;B
20241029;100227;0.6339;6000;11352192869;B
20241029;100231;0.6335;1000;11352193838;S
20241029;100231;0.6335;1000;11352193871;B
20241029;100231;0.6338;7000;11352193872;B
20241029;100236;0.6338;10000;11352195507;B
20241029;100239;0.6339;10000;11352196670;B
20241029;100243;0.6331;4000;11352197931;S
20241029;100243;0.633;4000;11352197932;S
20241029;100243;0.633;160000;11352197933;S
20241029;100243;0.6329;30000;11352197934;S
20241029;100243;0.6329;177000;11352197935;S
20241029;100243;0.6328;5000;11352197936;S
20241029;100243;0.6328;29000;11352197937;S
20241029;100243;0.6327;3000;11352197938;S
20241029;100243;0.6327;588000;11352197939;S
20241029;100248;0.6334;30000;11352200112;B
20241029;100248;0.6336;8000;11352200113;B
20241029;100248;0.6336;12000;11352200114;B
20241029;100255;0.6338;28000;11352202020;B
20241029;100258;0.633;40000;11352202941;S
20241029;100258;0.633;110000;11352202942;S
20241029;100258;0.6339;40000;11352202998;B
20241029;100258;0.6339;10000;11352202999;B
20241029;100300;0.6331;30000;11352203516;S
20241029;100300;0.633;28000;11352203517;S
20241029;100308;0.6334;3000;11352206101;B
20241029;100308;0.6335;47000;11352206102;B
20241029;100310;0.6335;1000;11352206516;B
20241029;100310;0.6335;449000;11352206547;B
20241029;100317;0.6335;51000;11352209147;S
20241029;100317;0.6335;21000;11352209148;S
20241029;100319;0.6334;160000;11352209789;S
20241029;100319;0.6333;40000;11352209790;S
20241029;100319;0.6339;2000;11352209905;B
20241029;100319;0.6339;1000;11352210055;B
20241029;100326;0.6334;4000;11352212191;S
20241029;100326;0.6334;238000;11352212192;S
20241029;100326;0.6332;8000;11352212193;S
20241029;100330;0.6336;18000;11352213701;B
20241029;100330;0.6337;4000;11352213702;B
20241029;100330;0.6338;126000;11352213703;B
20241029;100338;0.6338;1000;11352216354;B
20241029;100341;0.6338;20000;11352217014;B
20241029;100342;0.6338;3000;11352217486;B
20241029;100343;0.6338;90000;11352217549;B
20241029;100343;0.6339;30000;11352217551;B
20241029;100343;0.6339;200000;11352217552;B
20241029;100343;0.634;2000;11352217623;B
20241029;100343;0.634;1000;11352217624;B
20241029;100344;0.634;92000;11352217897;B
20241029;100345;0.634;3000;11352218202;B
20241029;100348;0.6339;5000;11352219093;S
20241029;100348;0.6338;5000;11352219094;S
20241029;100351;0.634;5000;11352219738;B
20241029;100401;0.634;13000;11352222814;B
20241029;100401;0.634;24000;11352222851;B
20241029;100404;0.634;4000;11352223540;B
20241029;100405;0.634;50000;11352223820;B
20241029;100407;0.6339;4000;11352224240;S
20241029;100412;0.634;7000;11352225390;B
20241029;100413;0.634;80000;11352225777;B
20241029;100421;0.6339;4000;11352227837;S
20241029;100422;0.634;5000;11352227941;B
20241029;100431;0.6339;17000;11352229764;S
20241029;100431;0.6339;2000;11352229765;S
20241029;100431;0.6338;31000;11352229766;S
20241029;100436;0.6339;1000;11352230903;S
20241029;100445;0.6339;3000;11352233412;S
20241029;100445;0.6339;55000;11352233413;S
20241029;100445;0.6338;1000;11352233414;S
20241029;100448;0.6339;3000;11352234560;B
20241029;100449;0.6339;5000;11352234994;B
20241029;100449;0.634;216000;11352234995;B
20241029;100449;0.634;251000;11352234996;B
20241029;100450;0.634;4000;11352235384;B
20241029;100450;0.634;50000;11352235515;B
20241029;100453;0.6339;1000;11352236589;B
20241029;100453;0.6339;4000;11352236590;B
20241029;100455;0.6339;10000;11352236995;B
20241029;100455;0.634;43000;11352236996;B
20241029;100456;0.6339;15000;11352237238;B
20241029;100456;0.634;3000;11352237384;B
20241029;100500;0.634;2000;11352238365;B
20241029;100509;0.6339;1000;11352240911;B
20241029;100509;0.634;75000;11352240989;B
20241029;100511;0.6339;1000;11352241572;S
20241029;100515;0.6339;49000;11352242560;S
20241029;100515;0.6338;51000;11352242561;S
20241029;100515;0.6339;2000;11352242665;B
20241029;100520;0.6338;322000;11352243761;S
20241029;100520;0.6338;50000;11352243762;S
20241029;100520;0.6338;10000;11352243763;S
20241029;100520;0.6336;2000;11352243921;S
20241029;100524;0.6339;2000;11352244747;B
20241029;100524;0.6339;1000;11352244748;B
20241029;100530;0.634;2000;11352246267;B
20241029;100533;0.634;10000;11352246970;B
20241029;100539;0.634;60000;11352248512;B
20241029;100539;0.634;2000;11352248513;B
20241029;100539;0.634;6000;11352248514;B
20241029;100539;0.634;10000;11352248515;B
20241029;100539;0.634;40000;11352248516;B
20241029;100539;0.6342;10000;11352248517;B
20241029;100539;0.6342;840000;11352248518;B
20241029;100539;0.6342;200000;11352248519;B
20241029;100539;0.6342;55000;11352248520;B
20241029;100539;0.6343;10000;11352248521;B
20241029;100539;0.6343;210000;11352248522;B
20241029;100539;0.6343;46000;11352248523;B
20241029;100539;0.6345;2000;11352248524;B
20241029;100539;0.6345;82000;11352248525;B
20241029;100539;0.6345;118000;11352248614;B
20241029;100539;0.6346;1000;11352248615;B
20241029;100539;0.6349;10000;11352248616;B
20241029;100539;0.6351;75000;11352248618;B
20241029;100539;0.6351;25000;11352248620;B
20241029;100539;0.6351;16000;11352248621;B
20241029;100539;0.6351;84000;11352248622;B
20241029;100539;0.6353;50000;11352248623;B
20241029;100539;0.6355;32000;11352248753;B
20241029;100539;0.6355;18000;11352248754;B
20241029;100539;0.6355;84000;11352248755;B
20241029;100539;0.6355;19000;11352248756;B
20241029;100540;0.6349;1000;11352248821;B
20241029;100540;0.6351;2000;11352248822;B
20241029;100540;0.6355;97000;11352248823;B
20241029;100543;0.6358;100000;11352249479;S
20241029;100546;0.6358;322000;11352250283;S
20241029;100551;0.6358;9000;11352252355;B
20241029;100553;0.6351;100000;11352253252;B
20241029;100553;0.6358;91000;11352253253;B
20241029;100553;0.6368;61000;11352253254;B
20241029;100553;0.6369;5000;11352253255;B
20241029;100553;0.637;160000;11352253256;B
20241029;100553;0.6371;1000;11352253257;B
20241029;100553;0.6371;50000;11352253258;B
20241029;100553;0.6373;1000;11352253259;B
20241029;100553;0.6373;80000;11352253260;B
20241029;100553;0.6376;20000;11352253261;B
20241029;100553;0.6376;345000;11352253262;B
20241029;100553;0.6377;86000;11352253263;B
20241029;100554;0.637;1000;11352253579;B
20241029;100600;0.6367;2000;11352255044;B
20241029;100600;0.6357;1000;11352255156;B
20241029;100604;0.6358;1000;11352256208;S
20241029;100604;0.6355;30000;11352256209;S
20241029;100606;0.6355;182000;11352256902;S
20241029;100606;0.6355;78000;11352256903;S
20241029;100608;0.6357;10000;11352257415;B
20241029;100610;0.6357;20000;11352257796;B
20241029;100610;0.6357;1000;11352257797;B
20241029;100610;0.6363;32000;11352257798;B
20241029;100610;0.6362;3000;11352257898;B
20241029;100611;0.6352;17000;11352258257;S
20241029;100622;0.6354;1000;11352260819;S
20241029;100622;0.6354;15000;11352260820;S
20241029;100622;0.6353;1000;11352260821;S
20241029;100622;0.6353;50000;11352260822;S
20241029;100622;0.6353;15000;11352260823;S
20241029;100622;0.6352;100000;11352260824;S
20241029;100622;0.6351;10000;11352260825;S
20241029;100626;0.635;1000;11352261688;B
20241029;100627;0.6346;42000;11352261922;S
20241029;100627;0.6344;2000;11352261923;S
20241029;100627;0.6344;55000;11352261924;S
20241029;100631;0.635;7000;11352263187;B
20241029;100632;0.635;1000;11352263437;B
20241029;100633;0.6345;40000;11352263694;S
20241029;100633;0.6344;160000;11352263695;S
20241029;100635;0.635;299000;11352264117;B
20241029;100635;0.6353;1000;11352264118;B
20241029;100640;0.6353;49000;11352265516;B
20241029;100640;0.6354;1000;11352265517;B
20241029;100644;0.6344;20000;11352266362;S
20241029;100644;0.6343;3000;11352266363;S
20241029;100647;0.6354;4000;11352267071;B
20241029;100650;0.6348;5000;11352267879;S
20241029;100650;0.6354;1000;11352267891;B
20241029;100650;0.6354;79000;11352267892;B
20241029;100652;0.6353;10000;11352268373;B
20241029;100656;0.6353;11000;11352269205;B
20241029;100656;0.6355;39000;11352269206;B
20241029;100700;0.6355;1000;11352269963;B
20241029;100702;0.6354;2000;11352270274;S
20241029;100707;0.636;1000;11352271428;B
20241029;100707;0.6361;1000;11352271429;B
20241029;100709;0.6363;1000;11352271860;B
20241029;100710;0.6362;1000;11352272046;S
20241029;100710;0.6362;2000;11352272124;S
20241029;100714;0.6359;29000;11352272977;B
20241029;100714;0.636;15000;11352272978;B
20241029;100715;0.636;27000;11352273182;B
20241029;100716;0.6355;6000;11352273666;S
20241029;100717;0.636;38000;11352273814;B
20241029;100717;0.636;2000;11352273815;B
20241029;100719;0.6362;5000;11352274337;B
20241029;100721;0.636;47000;11352274836;S
20241029;100721;0.6358;14000;11352274837;S
20241029;100721;0.6357;14000;11352274838;S
20241029;100721;0.6355;49000;11352274839;S
20241029;100721;0.6354;59000;11352274840;S
20241029;100721;0.6353;136000;11352274841;S
20241029;100721;0.6351;431000;11352274842;S
20241029;100722;0.6351;210000;11352274992;B
20241029;100723;0.635;1000;11352275115;S
20241029;100723;0.635;5000;11352275116;S
20241029;100723;0.6347;1000;11352275117;S
20241029;100723;0.6346;3000;11352275118;S
20241029;100723;0.6351;1000;11352275143;B
20241029;100725;0.6351;20000;11352275717;B
20241029;100730;0.6356;5000;11352276731;B
20241029;100730;0.6355;8000;11352277095;B
20241029;100732;0.6356;2000;11352277531;B
20241029;100732;0.6356;43000;11352277696;B
20241029;100732;0.6356;17000;11352277697;B
20241029;100732;0.6357;17000;11352277698;B
20241029;100732;0.6357;3000;11352277699;B
20241029;100732;0.6358;120000;11352277700;B
20241029;100733;0.636;1000;11352277883;B
20241029;100733;0.6361;149000;11352277884;B
20241029;100734;0.6348;30000;11352278316;S
20241029;100734;0.6347;128000;11352278317;S
20241029;100734;0.6346;5000;11352278318;S
20241029;100738;0.6356;12000;11352279408;B
20241029;100738;0.6358;131000;11352279409;B
20241029;100738;0.6358;3000;11352279488;B
20241029;100740;0.6352;134000;11352280067;S
20241029;100740;0.6351;23000;11352280068;S
20241029;100740;0.6358;1000;11352280085;B
20241029;100740;0.6351;157000;11352280115;S
20241029;100741;0.6351;157000;11352280203;S
20241029;100741;0.6351;13000;11352280246;S
20241029;100745;0.635;14000;11352281517;B
20241029;100746;0.6345;10000;11352281702;S
20241029;100746;0.6344;2000;11352281703;S
20241029;100747;0.6349;24000;11352281916;B
20241029;100747;0.635;35000;11352281917;B
20241029;100747;0.635;41000;11352281918;B
20241029;100748;0.6343;1000;11352282177;S
20241029;100752;0.6348;1000;11352282968;B
20241029;100755;0.6348;1000;11352283729;B
20241029;100758;0.6343;1000;11352284535;S
20241029;100758;0.6342;3000;11352284536;S
20241029;100758;0.6342;21000;11352284537;S
20241029;100758;0.634;1000;11352284741;S
20241029;100758;0.634;1000;11352284742;S
20241029;100758;0.634;1000;11352284743;S
20241029;100758;0.634;40000;11352284744;S
20241029;100758;0.634;1000;11352284745;S
20241029;100758;0.634;15000;11352284746;S
20241029;100758;0.634;315000;11352284747;S
20241029;100758;0.6339;626000;11352284748;S
20241029;100759;0.6342;4000;11352284764;B
20241029;100800;0.6339;100000;11352285002;S
20241029;100800;0.6342;171000;11352285108;B
20241029;100800;0.6343;151000;11352285109;B
20241029;100800;0.6347;30000;11352285110;B
20241029;100800;0.6348;50000;11352285111;B
20241029;100800;0.635;50000;11352285112;B
20241029;100800;0.635;98000;11352285113;B
20241029;100802;0.6347;1000;11352285563;B
20241029;100802;0.635;29000;11352285564;B
20241029;100805;0.6345;2000;11352286241;S
20241029;100805;0.6343;48000;11352286242;S
20241029;100806;0.6348;7000;11352286402;B
20241029;100806;0.635;32000;11352286433;B
20241029;100812;0.6343;1000;11352287775;S
20241029;100812;0.6349;1000;11352287907;B
20241029;100812;0.6349;1000;11352287908;B
20241029;100818;0.6349;1000;11352289143;B
20241029;100818;0.6349;79000;11352289144;B
20241029;100819;0.6344;130000;11352289427;S
20241029;100823;0.6341;10000;11352290440;S
20241029;100823;0.634;1000;11352290441;S
20241029;100823;0.634;51000;11352290442;S
20241029;100826;0.6342;1000;11352291022;S
20241029;100830;0.6345;50000;11352291918;B
20241029;100830;0.6346;42000;11352291919;B
20241029;100830;0.6347;10000;11352291920;B
20241029;100830;0.6347;42000;11352291921;B
20241029;100830;0.6348;56000;11352291922;B
20241029;100830;0.6348;3000;11352291942;B
20241029;100833;0.6348;2000;11352292910;B
20241029;100834;0.6348;3000;11352293307;B
20241029;100837;0.6347;50000;11352294230;B
20241029;100837;0.6349;50000;11352294231;B
20241029;100837;0.6349;53000;11352294232;B
20241029;100839;0.6344;120000;11352294840;S
20241029;100839;0.6342;7000;11352294856;S
20241029;100843;0.6344;2000;11352295803;B
20241029;100847;0.6342;1000;11352296716;S
20241029;100848;0.6342;1000;11352297191;S
20241029;100851;0.6342;77000;11352297891;S
20241029;100851;0.6341;107000;11352297892;S
20241029;100851;0.634;504000;11352297893;S
20241029;100851;0.634;30000;11352297894;S
20241029;100851;0.634;44000;11352297895;S
20241029;100851;0.6339;1496000;11352297896;S
20241029;100851;0.6339;15000;11352297897;S
20241029;100851;0.6339;50000;11352297898;S
20241029;100851;0.6339;44000;11352297899;S
20241029;100851;0.6334;2000;11352298051;S
20241029;100851;0.6338;1000;11352298066;B
20241029;100852;0.6334;4000;11352298340;S
20241029;100852;0.6334;64000;11352298341;S
20241029;100852;0.6333;12000;11352298342;S
20241029;100855;0.6339;46000;11352299237;B
20241029;100855;0.6334;26000;11352299315;S
20241029;100855;0.6333;24000;11352299316;S
20241029;100856;0.6339;1000;11352299385;B
20241029;100856;0.6333;20000;11352299520;S
20241029;100856;0.6338;1000;11352299532;B
20241029;100857;0.6338;100000;11352300313;B
20241029;100858;0.6333;34000;11352300678;S
20241029;100858;0.6331;5000;11352300679;S
20241029;100858;0.6331;1000;11352300680;S
20241029;100858;0.6331;40000;11352300681;S
20241029;100858;0.633;19000;11352300682;S
20241029;100858;0.633;1000;11352300683;S
20241029;100859;0.633;1000;11352300831;S
20241029;100902;0.6336;4000;11352301463;B
20241029;100907;0.6329;2000;11352302917;S
20241029;100909;0.6329;30000;11352303343;S
20241029;100911;0.6329;100000;11352303797;S
20241029;100912;0.6334;3000;11352304026;B
20241029;100912;0.6334;19000;11352304027;B
20241029;100912;0.6335;14000;11352304028;B
20241029;100920;0.6333;20000;11352306225;B
20241029;100920;0.6334;50000;11352306226;B
20241029;100920;0.6334;20000;11352306227;B
20241029;100920;0.6335;133000;11352306228;B
20241029;100920;0.6337;30000;11352306229;B
20241029;100920;0.6338;140000;11352306230;B
20241029;100920;0.6339;147000;11352306231;B
20241029;100920;0.6341;1000;11352306232;B
20241029;100920;0.6341;50000;11352306233;B
20241029;100920;0.6342;30000;11352306234;B
20241029;100920;0.6342;150000;11352306235;B
20241029;100920;0.6343;50000;11352306236;B
20241029;100920;0.6343;1000;11352306237;B
20241029;100920;0.6345;160000;11352306238;B
20241029;100920;0.6346;80000;11352306239;B
20241029;100920;0.6346;50000;11352306240;B
20241029;100920;0.6346;38000;11352306241;B
20241029;100921;0.6336;50000;11352306305;S
20241029;100921;0.6338;110000;11352306317;S
20241029;100921;0.6337;190000;11352306318;S
20241029;100921;0.6336;136000;11352306451;S
20241029;100923;0.6346;1000;11352306827;B
20241029;100927;0.6339;1000;11352307963;S
20241029;100927;0.6338;1000;11352307964;S
20241029;100927;0.6337;48000;11352307965;S
20241029;100927;0.6337;100000;11352308019;S
20241029;100930;0.6344;1000;11352308528;B
20241029;100930;0.6345;9000;11352308529;B
20241029;100931;0.6337;3000;11352308822;S
20241029;100931;0.6336;3000;11352308823;S
20241029;100931;0.6335;30000;11352308824;S
20241029;100931;0.6334;9000;11352308825;S
20241029;100936;0.6334;1000;11352310023;S
20241029;100940;0.6334;10000;11352311440;S
20241029;100940;0.6343;9000;11352311459;B
20241029;100940;0.6343;1000;11352311460;B
20241029;100940;0.6343;3000;11352311461;B
20241029;100940;0.6343;2000;11352311462;B
20241029;100945;0.6342;1000;11352312747;B
20241029;100947;0.6342;1000;11352313057;B
20241029;100947;0.6343;4000;11352313058;B
20241029;100950;0.6337;1000;11352313639;S
20241029;100950;0.6336;81000;11352313640;S
20241029;100950;0.6335;400000;11352313641;S
20241029;100950;0.6335;1000;11352313642;S
20241029;100950;0.633;8000;11352313755;S
20241029;100951;0.6335;17000;11352313854;B
20241029;100953;0.6335;50000;11352314230;B
20241029;100953;0.6335;1000;11352314372;B
20241029;100958;0.6334;1000;11352315686;B
20241029;100959;0.6334;30000;11352315907;B
20241029;101000;0.6334;22000;11352316030;B
20241029;101002;0.633;2000;11352316608;S
20241029;101002;0.633;23000;11352316609;S
20241029;101013;0.633;1000;11352318681;S
20241029;101015;0.633;6000;11352319084;S
20241029;101015;0.633;14000;11352319085;S
20241029;101015;0.6329;1000;11352319086;S
20241029;101019;0.6329;6000;11352319959;S
20241029;101019;0.6333;1000;11352319972;B
20241029;101019;0.6333;1000;11352319973;B
20241029;101019;0.6333;50000;11352319974;B
20241029;101019;0.6333;3000;11352319975;B
20241029;101019;0.6334;107000;11352319976;B
20241029;101019;0.6334;50000;11352319977;B
20241029;101019;0.6334;240000;11352319978;B
20241029;101019;0.6334;72000;11352319979;B
20241029;101022;0.6333;10000;11352320573;S
20241029;101027;0.6333;250000;11352321336;S
20241029;101029;0.6333;39000;11352321806;S
20241029;101029;0.6333;1000;11352321807;S
20241029;101029;0.6333;5000;11352321808;S
20241029;101030;0.633;1000;11352321983;S
20241029;101030;0.633;1000;11352321984;S
20241029;101030;0.6329;61000;11352321985;S
20241029;101030;0.6329;14000;11352321986;S
20241029;101034;0.6326;9000;11352322837;S
20241029;101034;0.6325;240000;11352322838;S
20241029;101034;0.6324;3000;11352322839;S
20241029;101034;0.6324;48000;11352322840;S
20241029;101038;0.6324;12000;11352323666;S
20241029;101038;0.633;3000;11352323826;B
20241029;101040;0.6329;1000;11352324123;B
20241029;101041;0.6329;13000;11352324311;B
20241029;101041;0.633;2000;11352324312;B
20241029;101041;0.6332;1000;11352324313;B
20241029;101041;0.6333;30000;11352324314;B
20241029;101041;0.6333;3000;11352324315;B
20241029;101041;0.6333;237000;11352324316;B
20241029;101041;0.6334;3000;11352324317;B
20241029;101041;0.6334;7000;11352324318;B
20241029;101041;0.6334;503000;11352324319;B
20241029;101041;0.6335;201000;11352324320;B
20241029;101047;0.6333;1000;11352325703;B
20241029;101050;0.6334;1000;11352326204;B
20241029;101053;0.6334;251000;11352326740;B
20241029;101053;0.6335;249000;11352326741;B
20241029;101053;0.6334;21000;11352326747;B
20241029;101053;0.6334;10000;11352326798;B
20241029;101057;0.6334;1000;11352327602;B
20241029;101057;0.6334;1000;11352327669;B
20241029;101100;0.6328;1000;11352328048;S
20241029;101101;0.6327;1000;11352328308;S
20241029;101101;0.6326;3000;11352328309;S
20241029;101101;0.6326;11000;11352328310;S
20241029;101107;0.6326;10000;11352329314;S
20241029;101107;0.6326;19000;11352329315;S
20241029;101107;0.6325;21000;11352329316;S
20241029;101107;0.6325;150000;11352329382;S
20241029;101129;0.6325;2000;11352332911;B
20241029;101129;0.6325;3000;11352332946;B
20241029;101138;0.6325;3000;11352334354;B
20241029;101142;0.6324;5000;11352334867;S
20241029;101142;0.6325;71000;11352334892;B
20241029;101157;0.6328;1000;11352337427;B
20241029;101158;0.6325;14000;11352337539;S
20241029;101202;0.6328;1000;11352338083;B
20241029;101202;0.6328;10000;11352338204;B
20241029;101202;0.6325;1000;11352338207;S
20241029;101204;0.6325;15000;11352338370;S
20241029;101211;0.6328;1000;11352339561;B
20241029;101221;0.6325;1000;11352341391;S
20241029;101223;0.6325;20000;11352341589;S
20241029;101223;0.6325;123000;11352341590;S
20241029;101226;0.6325;27000;11352341972;S
20241029;101226;0.6325;21000;11352341973;S
20241029;101226;0.6325;1000;11352341974;S
20241029;101234;0.6324;4000;11352343136;S
20241029;101237;0.6324;50000;11352343564;S
20241029;101239;0.6325;71000;11352343886;B
20241029;101245;0.6328;1000;11352344744;B
20241029;101246;0.6328;96000;11352344927;B
20241029;101246;0.6328;50000;11352344928;B
20241029;101246;0.6331;1000;11352344929;B
20241029;101246;0.6331;22000;11352344930;B
20241029;101246;0.6331;31000;11352344931;B
20241029;101246;0.6331;50000;11352344938;B
20241029;101247;0.6324;2000;11352345033;S
20241029;101249;0.6331;90000;11352345283;B
20241029;101249;0.6332;49000;11352345284;B
20241029;101249;0.6333;25000;11352345285;B
20241029;101249;0.6333;3000;11352345286;B
20241029;101249;0.6333;10000;11352345287;B
20241029;101249;0.6334;30000;11352345288;B
20241029;101249;0.6335;50000;11352345289;B
20241029;101249;0.6335;38000;11352345290;B
20241029;101249;0.6335;1000;11352345291;B
20241029;101249;0.6335;159000;11352345292;B
20241029;101249;0.6336;218000;11352345293;B
20241029;101251;0.6335;2000;11352345529;B
20241029;101302;0.6336;8000;11352347050;B
20241029;101306;0.6336;9000;11352347724;B
20241029;101307;0.6336;3000;11352347879;B
20241029;101307;0.6336;650000;11352348032;B
20241029;101308;0.6336;100000;11352348198;B
20241029;101310;0.6334;10000;11352348509;B
20241029;101316;0.6331;3000;11352349459;S
20241029;101325;0.6331;1000;11352351061;B
20241029;101332;0.6327;2000;11352352682;B
20241029;101332;0.633;1000;11352352683;B
20241029;101334;0.6331;74000;11352353085;B
20241029;101337;0.6334;100000;11352353701;B
20241029;101352;0.6331;26000;11352356713;S
20241029;101352;0.6331;25000;11352356714;S
20241029;101353;0.6331;10000;11352356879;B
20241029;101402;0.6331;29000;11352358599;B
20241029;101411;0.6333;7000;11352359992;B
20241029;101412;0.6332;13000;11352360246;S
20241029;101412;0.6331;2000;11352360247;S
20241029;101414;0.6332;10000;11352361102;B
20241029;101414;0.6333;13000;11352361103;B
20241029;101414;0.6334;77000;11352361104;B
20241029;101414;0.6332;5000;11352361178;S
20241029;101441;0.6332;1000;11352367377;B
20241029;101443;0.6333;12000;11352367744;B
20241029;101443;0.6334;13000;11352367745;B
20241029;101443;0.6334;12000;11352367746;B
20241029;101443;0.6336;13000;11352367747;B
20241029;101454;0.6332;3000;11352369428;S
20241029;101454;0.6331;2000;11352369429;S
20241029;101455;0.6331;9000;11352369591;S
20241029;101456;0.6334;1000;11352369698;B
20241029;101501;0.6334;1000;11352370625;B
20241029;101501;0.6332;1000;11352370634;S
20241029;101501;0.6331;2000;11352370635;S
20241029;101501;0.6331;2000;11352370641;S
20241029;101501;0.6335;2000;11352370718;B
20241029;101501;0.6336;1000;11352370731;B
20241029;101501;0.6331;26000;11352370738;S
20241029;101501;0.6336;2000;11352370786;B
20241029;101501;0.6331;1000;11352370791;S
20241029;101501;0.6336;2000;11352370794;B
20241029;101501;0.6336;1000;11352370808;B
20241029;101501;0.6336;5000;11352370834;B
20241029;101501;0.6336;2000;11352370880;B
20241029;101502;0.6336;1000;11352370938;B
20241029;101502;0.6335;1000;11352370941;B
20241029;101502;0.6336;7000;11352370988;B
20241029;101502;0.6336;1000;11352371163;B
20241029;101503;0.6332;1000;11352371370;S
20241029;101503;0.6336;2000;11352371388;B
20241029;101503;0.6336;2000;11352371439;B
20241029;101503;0.6335;73000;11352371579;B
20241029;101503;0.6336;84000;11352371580;B
20241029;101503;0.6336;2000;11352371587;B
20241029;101503;0.6336;10000;11352371700;B
20241029;101503;0.6336;1000;11352371702;B
20241029;101504;0.6331;3000;11352371779;S
20241029;101504;0.6331;1000;11352371830;S
20241029;101504;0.6336;1000;11352372079;B
20241029;101504;0.6336;2000;11352372129;B
20241029;101505;0.6331;1000;11352372232;S
20241029;101505;0.6336;13000;11352372234;B
20241029;101505;0.6336;1000;11352372238;B
20241029;101505;0.6336;2000;11352372241;B
20241029;101505;0.6336;3000;11352372253;B
20241029;101505;0.6331;4000;11352372257;S
20241029;101506;0.6336;8000;11352372654;B
20241029;101506;0.6336;3000;11352372837;B
20241029;101507;0.6336;1000;11352372940;B
20241029;101507;0.6336;1000;11352372955;B
20241029;101507;0.6336;1000;11352372968;B
20241029;101507;0.6336;150000;11352373029;B
20241029;101507;0.6336;2000;11352373086;B
20241029;101507;0.6336;50000;11352373111;B
20241029;101507;0.6335;1000;11352373145;B
20241029;101507;0.6336;10000;11352373153;B
20241029;101507;0.6336;2000;11352373192;B
20241029;101507;0.6336;26000;11352373207;B
20241029;101507;0.6336;906000;11352373208;B
20241029;101507;0.6336;297000;11352373209;B
20241029;101507;0.6336;120000;11352373210;B
20241029;101507;0.6336;277000;11352373211;B
20241029;101507;0.6336;50000;11352373212;B
20241029;101507;0.6342;50000;11352373223;B
20241029;101507;0.6343;46000;11352373224;B
20241029;101507;0.6344;26000;11352373225;B
20241029;101508;0.6344;1000;11352373385;B
20241029;101508;0.6344;19000;11352373751;B
20241029;101508;0.6345;50000;11352373752;B
20241029;101508;0.6346;31000;11352373753;B
20241029;101509;0.6346;1000;11352373986;B
20241029;101509;0.6346;2000;11352374007;B
20241029;101511;0.6345;1000;11352374621;B
20241029;101511;0.6345;9000;11352374622;B
20241029;101511;0.6346;2000;11352374655;B
20241029;101511;0.6341;1000;11352374900;S
20241029;101513;0.6345;1000;11352375685;B
20241029;101516;0.6345;1000;11352376778;B
20241029;101516;0.6345;3000;11352376834;B
20241029;101516;0.6345;2000;11352377025;B
20241029;101517;0.6345;3000;11352377214;B
20241029;101517;0.6345;1000;11352377215;B
20241029;101521;0.6342;1000;11352378624;S
20241029;101522;0.6345;2000;11352379130;B
20241029;101522;0.6341;1000;11352379131;S
20241029;101522;0.6345;1000;11352379152;B
20241029;101526;0.6341;1000;11352380349;S
20241029;101528;0.6344;1000;11352381423;B
20241029;101530;0.6344;1000;11352382237;B
20241029;101535;0.6345;10000;11352383738;B
20241029;101537;0.6345;10000;11352384497;B
20241029;101538;0.6345;10000;11352384594;B
20241029;101538;0.6345;10000;11352384709;B
20241029;101541;0.6344;1000;11352385808;S
20241029;101541;0.6342;1000;11352385809;S
20241029;101544;0.6345;6000;11352386450;B
20241029;101544;0.6346;14000;11352386451;B
20241029;101544;0.6346;2000;11352386673;B
20241029;101547;0.6346;1000;11352387294;B
20241029;101547;0.6346;1000;11352387327;B
20241029;101548;0.6345;1000;11352387550;S
20241029;101551;0.6346;2000;11352388535;B
20241029;101551;0.6346;86000;11352388541;B
20241029;101552;0.6346;3000;11352388860;B
20241029;101552;0.6346;5000;11352389028;B
20241029;101553;0.6346;15000;11352389170;B
20241029;101553;0.6346;1000;11352389196;B
20241029;101554;0.6345;9000;11352389419;S
20241029;101554;0.6345;1000;11352389420;S
20241029;101556;0.6346;5000;11352389730;B
20241029;101556;0.6346;321000;11352389744;B
20241029;101556;0.6346;1000;11352389758;B
20241029;101557;0.6346;2000;11352390215;B
20241029;101559;0.6346;1000;11352390536;B
20241029;101559;0.6346;13000;11352390548;B
20241029;101600;0.6346;100000;11352390732;B
20241029;101601;0.6345;2000;11352391123;S
20241029;101601;0.6346;3000;11352391125;B
20241029;101602;0.6346;8000;11352391431;B
20241029;101603;0.6346;3000;11352391538;B
20241029;101605;0.6346;38000;11352392070;B
20241029;101605;0.6346;9000;11352392071;B
20241029;101605;0.6347;6000;11352392072;B
20241029;101605;0.6346;67000;11352392076;S
20241029;101605;0.6348;5000;11352392146;B
20241029;101606;0.6349;11000;11352392514;B
20241029;101607;0.635;50000;11352392645;B
20241029;101607;0.635;17000;11352392646;B
20241029;101607;0.635;23000;11352392726;B
20241029;101614;0.635;96000;11352394525;B
20241029;101614;0.635;30000;11352394526;B
20241029;101614;0.635;14000;11352394527;B
20241029;101615;0.635;11000;11352394935;B
20241029;101621;0.6351;10000;11352397456;S
20241029;101624;0.6356;20000;11352398744;B
20241029;101624;0.6357;20000;11352398745;B
20241029;101624;0.6357;1000;11352398746;B
20241029;101624;0.6358;1000;11352398747;B
20241029;101624;0.6358;1000;11352398748;B
20241029;101624;0.6358;7000;11352398749;B
20241029;101626;0.6358;1000;11352399199;B
20241029;101628;0.6356;4000;11352400071;B
20241029;101630;0.6352;163000;11352400787;S
20241029;101630;0.635;5000;11352400788;S
20241029;101630;0.6349;82000;11352400789;S
20241029;101631;0.635;1000;11352400865;B
20241029;101631;0.635;1000;11352400899;B
20241029;101633;0.635;3000;11352401955;B
20241029;101635;0.6349;41000;11352402546;B
20241029;101636;0.6356;16000;11352402718;B
20241029;101636;0.6357;18000;11352402719;B
20241029;101637;0.6355;2000;11352403230;B
20241029;101642;0.6354;20000;11352404752;B
20241029;101642;0.6355;73000;11352404753;B
20241029;101642;0.6355;7000;11352404754;B
20241029;101648;0.6353;2000;11352406305;B
20241029;101648;0.6354;1000;11352406451;B
20241029;101649;0.6354;64000;11352406741;B
20241029;101649;0.6355;150000;11352406742;B
20241029;101654;0.6355;20000;11352408136;S
20241029;101655;0.6356;60000;11352408469;S
20241029;101655;0.6356;17000;11352408470;S
20241029;101655;0.6355;112000;11352408471;S
20241029;101658;0.6357;5000;11352409373;B
20241029;101702;0.6357;20000;11352410292;B
20241029;101702;0.6357;100000;11352410569;B
20241029;101704;0.6357;7000;11352411019;B
20241029;101705;0.6356;16000;11352411646;S
20241029;101705;0.6355;54000;11352411647;S
20241029;101705;0.6355;3000;11352411648;S
20241029;101705;0.6355;1000;11352411649;S
20241029;101705;0.6357;25000;11352411663;B
20241029;101705;0.6358;7000;11352411664;B
20241029;101705;0.6358;8000;11352411665;B
20241029;101706;0.6352;5000;11352411789;S
20241029;101706;0.6352;1000;11352411790;S
20241029;101709;0.6352;1000;11352412940;S
20241029;101715;0.6353;1000;11352414648;S
20241029;101715;0.6355;82000;11352414649;B
20241029;101715;0.6355;20000;11352414744;B
20241029;101716;0.6355;98000;11352414808;B
20241029;101716;0.6358;24000;11352414809;B
20241029;101716;0.6359;20000;11352414810;B
20241029;101716;0.6359;58000;11352414811;B
20241029;101716;0.6359;1000;11352414853;B
20241029;101717;0.6359;8000;11352415215;B
20241029;101718;0.6359;2000;11352415523;B
20241029;101720;0.6353;4000;11352416207;S
20241029;101723;0.6359;1000;11352417069;B
20241029;101724;0.6359;3000;11352417356;B
20241029;101726;0.6352;1000;11352418262;S
20241029;101726;0.6351;99000;11352418263;S
20241029;101727;0.6359;2000;11352418646;B
20241029;101727;0.6359;20000;11352418647;B
20241029;101727;0.6359;28000;11352418648;B
20241029;101732;0.6358;50000;11352420267;B
20241029;101732;0.6358;50000;11352420399;B
20241029;101732;0.636;50000;11352420400;B
20241029;101735;0.636;15000;11352421461;B
20241029;101735;0.636;7000;11352421462;B
20241029;101739;0.636;23000;11352422890;B
20241029;101739;0.636;1000;11352422891;B
20241029;101743;0.6361;10000;11352423822;B
20241029;101743;0.6362;38000;11352423823;B
20241029;101747;0.6362;5000;11352425307;B
20241029;101747;0.6362;5000;11352425308;B
20241029;101750;0.6362;1000;11352426086;B
20241029;101751;0.6362;5000;11352426399;B
20241029;101751;0.6362;5000;11352426409;B
20241029;101755;0.6362;1000;11352427842;B
20241029;101756;0.6362;15000;11352427955;B
20241029;101756;0.6362;6000;11352427956;B
20241029;101756;0.6359;1000;11352428053;S
20241029;101759;0.6362;4000;11352429021;B
20241029;101759;0.6363;16000;11352429022;B
20241029;101800;0.6363;5000;11352429348;B
20241029;101800;0.6363;2000;11352429573;B
20241029;101802;0.6363;2000;11352429997;B
20241029;101803;0.6359;3000;11352430364;S
20241029;101804;0.6359;11000;11352430614;B
20241029;101804;0.6363;3000;11352430615;B
20241029;101804;0.6363;1000;11352430719;B
20241029;101804;0.6363;2000;11352430725;B
20241029;101807;0.6362;1000;11352431799;B
20241029;101809;0.6363;10000;11352432247;B
20241029;101811;0.6362;1000;11352433036;B
20241029;101811;0.6363;6000;11352433037;B
20241029;101814;0.6363;3000;11352433784;B
20241029;101814;0.6363;80000;11352433785;B
20241029;101814;0.6364;40000;11352433786;B
20241029;101814;0.6366;1000;11352433787;B
20241029;101814;0.6369;10000;11352433788;B
20241029;101814;0.6371;4000;11352433789;B
20241029;101814;0.6371;2000;11352433790;B
20241029;101814;0.6371;10000;11352433791;B
20241029;101814;0.6371;100000;11352433792;B
20241029;101816;0.636;1000;11352434235;S
20241029;101820;0.6369;1000;11352435377;B
20241029;101820;0.637;24000;11352435378;B
20241029;101820;0.6371;53000;11352435379;B
20241029;101820;0.6372;1000;11352435380;B
20241029;101820;0.6372;50000;11352435381;B
20241029;101820;0.6372;150000;11352435382;B
20241029;101820;0.6373;51000;11352435383;B
20241029;101820;0.6374;4000;11352435384;B
20241029;101820;0.6375;1000;11352435385;B
20241029;101820;0.6375;50000;11352435386;B
20241029;101820;0.6376;30000;11352435387;B
20241029;101820;0.6378;13000;11352435388;B
20241029;101820;0.6379;1000;11352435389;B
20241029;101820;0.6379;1000;11352435390;B
20241029;101820;0.6379;50000;11352435391;B
20241029;101820;0.638;50000;11352435392;B
20241029;101820;0.6381;79000;11352435393;B
20241029;101820;0.6382;1000;11352435394;B
20241029;101820;0.6382;46000;11352435395;B
20241029;101820;0.6382;344000;11352435396;B
20241029;101820;0.6382;2000;11352435476;B
20241029;101820;0.6382;2000;11352435645;B
20241029;101821;0.6382;26000;11352435707;B
20241029;101821;0.6379;2000;11352435755;S
20241029;101821;0.6371;14000;11352435756;S
20241029;101826;0.6379;1000;11352437255;B
20241029;101829;0.6379;10000;11352438056;B
20241029;101833;0.6377;2000;11352439166;B
20241029;101835;0.6374;19000;11352439632;S
20241029;101835;0.6377;1000;11352439757;B
20241029;101835;0.6378;2000;11352439758;B
20241029;101835;0.6378;20000;11352439899;B
20241029;101835;0.6378;15000;11352439900;B
20241029;101836;0.6373;1000;11352440238;S
20241029;101840;0.6375;50000;11352441193;S
20241029;101841;0.6377;2000;11352441434;B
20241029;101844;0.6373;1000;11352442169;S
20241029;101844;0.6373;35000;11352442170;S
20241029;101844;0.6372;30000;11352442171;S
20241029;101844;0.6372;149000;11352442172;S
20241029;101844;0.6369;232000;11352442173;S
20241029;101844;0.6369;105000;11352442174;S
20241029;101844;0.6368;80000;11352442175;S
20241029;101844;0.6367;368000;11352442176;S
20241029;101845;0.6374;10000;11352442355;B
20241029;101845;0.6374;2000;11352442497;B
20241029;101846;0.6374;1000;11352442730;B
20241029;101846;0.6375;18000;11352442731;B
20241029;101846;0.6375;30000;11352442732;B
20241029;101846;0.6375;1000;11352442733;B
20241029;101852;0.6366;1000;11352444246;S
20241029;101852;0.6373;1000;11352444336;B
20241029;101852;0.6374;1000;11352444337;B
20241029;101852;0.6375;24000;11352444338;B
20241029;101852;0.6375;1000;11352444339;B
20241029;101852;0.6376;6000;11352444340;B
20241029;101853;0.6373;1000;11352444614;B
20241029;101854;0.6373;14000;11352444731;B
20241029;101854;0.6374;71000;11352444732;B
20241029;101856;0.6368;160000;11352445182;S
20241029;101856;0.6368;35000;11352445183;S
20241029;101856;0.6367;77000;11352445184;S
20241029;101856;0.6367;228000;11352445185;S
20241029;101856;0.6367;1000;11352445292;S
20241029;101857;0.6372;50000;11352445673;B
20241029;101858;0.6371;3000;11352445981;B
20241029;101858;0.6372;3000;11352445982;B
20241029;101906;0.6372;1000;11352447937;B
20241029;101906;0.6372;3000;11352447938;B
20241029;101908;0.637;41000;11352448796;S
20241029;101908;0.637;119000;11352448798;S
20241029;101908;0.6369;257000;11352448799;S
20241029;101908;0.6369;205000;11352448801;S
20241029;101908;0.6369;35000;11352448802;S
20241029;101908;0.6366;341000;11352448803;S
20241029;101908;0.6366;159000;11352448804;S
20241029;101908;0.6365;50000;11352448805;S
20241029;101908;0.6363;100000;11352448806;S
20241029;101908;0.6362;3000;11352448807;S
20241029;101908;0.6362;9000;11352448808;S
20241029;101909;0.6371;1000;11352449121;B
20241029;101910;0.6371;1000;11352449460;B
20241029;101910;0.6372;1000;11352449461;B
20241029;101910;0.6374;13000;11352449462;B
20241029;101911;0.6367;1000;11352449542;S
20241029;101911;0.6367;35000;11352449543;S
20241029;101911;0.6366;231000;11352449544;S
20241029;101913;0.6362;1000;11352450279;S
20241029;101913;0.6363;100000;11352450292;B
20241029;101914;0.6363;10000;11352450460;B
20241029;101915;0.6363;10000;11352450664;B
20241029;101916;0.6362;29000;11352450979;S
20241029;101916;0.6362;22000;11352450980;S
20241029;101916;0.6361;13000;11352450981;S
20241029;101916;0.6361;1000;11352450982;S
20241029;101916;0.6361;91000;11352450983;S
20241029;101919;0.6363;1000;11352451488;B
20241029;101919;0.6365;1000;11352451489;B
20241029;101919;0.6369;5000;11352451634;B
20241029;101919;0.6369;35000;11352451635;B
20241029;101928;0.6371;1000;11352453524;B
20241029;101933;0.637;35000;11352454331;B
20241029;101933;0.637;10000;11352454332;B
20241029;101933;0.637;10000;11352454333;B
20241029;101933;0.6371;10000;11352454334;B
20241029;101933;0.6371;29000;11352454335;B
20241029;101933;0.6372;16000;11352454336;B
20241029;101933;0.6375;1000;11352454337;B
20241029;101933;0.6375;240000;11352454338;B
20241029;101933;0.6375;160000;11352454339;B
20241029;101933;0.6376;3000;11352454340;B
20241029;101933;0.6376;150000;11352454341;B
20241029;101933;0.6379;156000;11352454342;B
20241029;101933;0.638;300000;11352454343;B
20241029;101933;0.6382;209000;11352454344;B
20241029;101933;0.6384;80000;11352454345;B
20241029;101933;0.6388;100000;11352454346;B
20241029;101933;0.6389;377000;11352454347;B
20241029;101935;0.6377;30000;11352454665;S
20241029;101937;0.6375;16000;11352455114;S
20241029;101938;0.6383;100000;11352455177;B
20241029;101938;0.6383;12000;11352455266;B
20241029;101938;0.6383;40000;11352455341;B
20241029;101943;0.6375;3000;11352456290;S
20241029;101943;0.6375;12000;11352456291;S
20241029;101947;0.638;30000;11352457192;B
20241029;101947;0.638;47000;11352457193;B
20241029;101947;0.6381;23000;11352457194;B
20241029;101949;0.6381;10000;11352457503;B
20241029;101952;0.6373;18000;11352458062;S
20241029;101952;0.6372;35000;11352458063;S
20241029;101953;0.637;3000;11352458197;B
20241029;101955;0.637;1000;11352458743;B
20241029;101956;0.6373;1000;11352459047;B
20241029;101957;0.6373;20000;11352459176;B
20241029;101959;0.6368;1000;11352460071;S
20241029;102000;0.6373;1000;11352460392;B
20241029;102006;0.6372;10000;11352462325;B
20241029;102010;0.6373;1000;11352463485;B
20241029;102015;0.6372;20000;11352465291;S
20241029;102017;0.6373;7000;11352465777;B
20241029;102017;0.6373;13000;11352465778;B
20241029;102021;0.6373;1000;11352467928;B
20241029;102024;0.6372;10000;11352470334;S
20241029;102024;0.6372;5000;11352470439;B
20241029;102027;0.6373;10000;11352472611;B
20241029;102029;0.6373;1000;11352473959;B
20241029;102029;0.6373;1000;11352474518;B
20241029;102036;0.6373;174000;11352479492;B
20241029;102036;0.6374;26000;11352479493;B
20241029;102036;0.6375;27000;11352479494;B
20241029;102036;0.6375;35000;11352479495;B
20241029;102036;0.6379;67000;11352479496;B
20241029;102036;0.638;20000;11352479497;B
20241029;102036;0.6381;3000;11352479498;B
20241029;102036;0.6382;30000;11352479499;B
20241029;102036;0.6382;1000;11352479500;B
20241029;102036;0.6383;50000;11352479501;B
20241029;102036;0.6383;50000;11352479502;B
20241029;102036;0.6384;338000;11352479503;B
20241029;102036;0.6388;10000;11352479504;B
20241029;102036;0.6389;1000;11352479505;B
20241029;102036;0.6389;100000;11352479506;B
20241029;102036;0.639;1000;11352479507;B
20241029;102036;0.639;35000;11352479508;B
20241029;102036;0.6391;80000;11352479509;B
20241029;102036;0.6392;2000;11352479510;B
20241029;102036;0.6394;100000;11352479511;B
20241029;102036;0.6395;1000;11352479512;B
20241029;102036;0.6396;1000;11352479513;B
20241029;102036;0.6396;3000;11352479514;B
20241029;102036;0.6396;3000;11352479515;B
20241029;102036;0.6396;50000;11352479516;B
20241029;102036;0.6396;8000;11352479517;B
20241029;102036;0.6397;1000;11352479518;B
20241029;102036;0.6397;30000;11352479519;B
20241029;102036;0.6397;30000;11352479520;B
20241029;102036;0.6397;730000;11352479521;B
20241029;102036;0.6398;1000;11352479522;B
20241029;102036;0.6398;30000;11352479523;B
20241029;102036;0.6398;50000;11352479524;B
20241029;102036;0.6398;50000;11352479525;B
20241029;102036;0.6398;20000;11352479526;B
20241029;102036;0.6399;1000;11352479527;B
20241029;102036;0.6399;300000;11352479528;B
20241029;102036;0.6399;1000;11352479529;B
20241029;102036;0.6399;1000000;11352479530;B
20241029;102036;0.6399;80000;11352479531;B
20241029;102036;0.6399;20000;11352479532;B
20241029;102036;0.64;3000;11352479533;B
20241029;102036;0.64;20000;11352479534;B
20241029;102036;0.64;1000;11352479535;B
20241029;102036;0.64;1629000;11352479536;B
20241029;102036;0.6384;4000;11352479578;S
20241029;102039;0.6393;4000;11352482281;B
20241029;102040;0.6393;1000;11352482468;S
20241029;102045;0.6395;4000;11352486276;B
20241029;102048;0.639;3000;11352488625;S
20241029;102048;0.6389;30000;11352488626;S
20241029;102048;0.6388;25000;11352488627;S
20241029;102051;0.6396;4000;11352490675;B
20241029;102051;0.6396;35000;11352490676;B
20241029;102051;0.6396;161000;11352490677;B
20241029;102052;0.6394;5000;11352491528;S
20241029;102052;0.6393;5000;11352491529;S
20241029;102052;0.6392;5000;11352491530;S
20241029;102052;0.6391;20000;11352491531;S
20241029;102052;0.639;10000;11352491532;S
20241029;102052;0.639;5000;11352491618;B
20241029;102055;0.639;120000;11352494040;B
20241029;102055;0.6392;35000;11352494041;B
20241029;102055;0.6392;12000;11352494042;B
20241029;102055;0.6395;10000;11352494043;B
20241029;102055;0.6396;23000;11352494044;B
20241029;102059;0.6394;1000;11352496855;B
20241029;102102;0.6394;1000;11352498921;B
20241029;102102;0.6391;20000;11352499166;S
20241029;102102;0.639;7000;11352499167;S
20241029;102103;0.6396;2000;11352499824;B
20241029;102103;0.6396;20000;11352499932;B
20241029;102105;0.6395;1000;11352501355;B
20241029;102108;0.6392;3000;11352503420;S
20241029;102108;0.6395;4000;11352503569;B
20241029;102108;0.6395;11000;11352503570;B
20241029;102108;0.6396;94000;11352503571;B
20241029;102108;0.6396;27000;11352503572;B
20241029;102108;0.6396;1000;11352503573;B
20241029;102108;0.6397;35000;11352503574;B
20241029;102108;0.6398;13000;11352503575;B
20241029;102108;0.64;874000;11352503576;B
20241029;102108;0.64;716000;11352503683;B
20241029;102108;0.64;23000;11352503684;B
20241029;102108;0.64;273000;11352503685;B
20241029;102108;0.64;669000;11352503687;B
20241029;102108;0.64;556000;11352503688;B
20241029;102108;0.64;160000;11352503689;B
20241029;102108;0.64;142000;11352503690;B
20241029;102108;0.64;288000;11352503691;B
20241029;102108;0.64;20000;11352503692;B
20241029;102108;0.64;13000;11352503693;B
20241029;102108;0.64;13000;11352503694;B
20241029;102108;0.64;30000;11352503695;B
20241029;102108;0.64;1000;11352503696;B
20241029;102108;0.64;33000;11352503697;B
20241029;102108;0.64;67000;11352503699;B
20241029;102108;0.64;35000;11352503701;B
20241029;102108;0.64;10000;11352503702;B
20241029;102108;0.64;5000;11352503703;B
20241029;102108;0.64;5000;11352503704;B
20241029;102108;0.64;1000;11352503705;B
20241029;102108;0.64;6000;11352503706;B
20241029;102108;0.64;30000;11352503707;B
20241029;102108;0.64;1000;11352503708;B
20241029;102109;0.6411;1000;11352504108;B
20241029;102109;0.6411;1000;11352504109;B
20241029;102109;0.6411;4000;11352504110;B
20241029;102109;0.6421;1000;11352504431;B
20241029;102109;0.6421;10000;11352504432;B
20241029;102109;0.6421;64000;11352504433;B
20241029;102109;0.641;3000;11352504502;S
20241029;102109;0.6422;30000;11352504593;B
20241029;102109;0.6423;200000;11352504594;B
20241029;102109;0.6423;35000;11352504595;B
20241029;102109;0.6425;1000;11352504596;B
20241029;102109;0.6428;30000;11352504597;B
20241029;102109;0.643;1000;11352504598;B
20241029;102109;0.6431;50000;11352504599;B
20241029;102109;0.6437;80000;11352504600;B
20241029;102109;0.6439;72000;11352504601;B
20241029;102110;0.6434;8000;11352504644;B
20241029;102110;0.6411;35000;11352504661;S
20241029;102110;0.6429;2000;11352504680;B
20241029;102110;0.6433;6000;11352504795;B
20241029;102111;0.6416;1000;11352505446;S
20241029;102111;0.6416;35000;11352505447;S
20241029;102111;0.6413;14000;11352505448;S
20241029;102111;0.6424;5000;11352505661;B
20241029;102114;0.6412;7000;11352508046;S
20241029;102116;0.6411;30000;11352509967;S
20241029;102116;0.6411;35000;11352509968;S
20241029;102116;0.6409;15000;11352509969;S
20241029;102117;0.6413;30000;11352510513;S
20241029;102117;0.6413;35000;11352510514;S
20241029;102117;0.6412;30000;11352510515;S
20241029;102117;0.641;5000;11352510516;S
20241029;102117;0.6409;2000;11352510800;S
20241029;102118;0.6411;194000;11352511224;S
20241029;102118;0.6411;6000;11352511225;S
20241029;102119;0.6411;20000;11352512055;S
20241029;102119;0.6411;35000;11352512056;S
20241029;102119;0.641;143000;11352512057;S
20241029;102119;0.641;1000;11352512058;S
20241029;102119;0.6405;1000;11352512059;S
20241029;102122;0.641;1000;11352514419;B
20241029;102122;0.641;15000;11352514420;B
20241029;102128;0.6411;1000;11352518828;B
20241029;102129;0.6406;30000;11352519073;S
20241029;102129;0.6406;80000;11352519074;S
20241029;102129;0.6405;11000;11352519075;S
20241029;102130;0.6409;9000;11352519246;B
20241029;102130;0.641;200000;11352519247;B
20241029;102130;0.641;35000;11352519248;B
20241029;102130;0.6411;9000;11352519249;B
20241029;102130;0.6417;10000;11352519250;B
20241029;102130;0.6419;10000;11352519251;B
20241029;102130;0.6421;127000;11352519252;B
20241029;102130;0.6418;2000;11352519343;B
20241029;102130;0.6419;198000;11352519344;B
20241029;102132;0.6419;30000;11352519907;B
20241029;102132;0.642;20000;11352519908;B
20241029;102132;0.642;35000;11352519909;B
20241029;102132;0.6421;42000;11352519910;B
20241029;102132;0.6422;3000;11352519911;B
20241029;102132;0.6422;70000;11352519912;B
20241029;102133;0.6409;30000;11352520191;S
20241029;102133;0.6409;35000;11352520192;S
20241029;102133;0.6409;1000;11352520223;B
20241029;102134;0.6409;127000;11352520416;B
20241029;102134;0.6409;1000;11352520550;B
20241029;102134;0.6409;1000;11352520675;B
20241029;102134;0.6409;20000;11352520685;B
20241029;102135;0.6409;4000;11352520880;B
20241029;102136;0.6408;1000;11352521107;B
20241029;102136;0.6403;1000;11352521128;S
20241029;102136;0.6403;26000;11352521129;S
20241029;102137;0.6407;1000;11352521241;B
20241029;102138;0.6405;1000;11352521575;B
20241029;102138;0.6406;17000;11352521576;B
20241029;102139;0.6405;1000;11352521785;B
20241029;102139;0.6407;1000;11352521804;B
20241029;102140;0.6409;50000;11352522130;B
20241029;102141;0.6409;7000;11352522246;B
20241029;102141;0.6409;13000;11352522321;B
20241029;102141;0.6409;137000;11352522322;B
20241029;102142;0.6409;20000;11352522433;B
20241029;102142;0.6409;20000;11352522552;B
20241029;102143;0.6409;1000;11352522808;B
20241029;102143;0.6406;1000;11352522956;S
20241029;102144;0.6409;1000;11352523061;B
20241029;102147;0.6409;21000;11352523855;B
20241029;102147;0.6409;3000;11352523856;B
20241029;102147;0.6409;1000;11352523964;B
20241029;102148;0.6401;3000;11352524116;S
20241029;102148;0.6401;80000;11352524117;S
20241029;102148;0.6401;28000;11352524118;S
20241029;102148;0.6399;1000;11352524188;S
20241029;102148;0.6398;4000;11352524189;S
20241029;102149;0.6403;163000;11352524269;B
20241029;102149;0.6404;35000;11352524270;B
20241029;102149;0.6407;202000;11352524271;B
20241029;102149;0.6403;325000;11352524293;B
20241029;102149;0.6407;454000;11352524294;B
20241029;102149;0.6408;150000;11352524295;B
20241029;102149;0.6409;46000;11352524296;B
20241029;102149;0.6415;1000;11352524297;B
20241029;102149;0.6419;30000;11352524298;B
20241029;102149;0.642;8000;11352524299;B
20241029;102149;0.6406;9000;11352524485;S
20241029;102157;0.6409;1000;11352527199;S
20241029;102157;0.6409;79000;11352527200;S
20241029;102157;0.6409;27000;11352527240;S
20241029;102159;0.6409;29000;11352527965;S
20241029;102159;0.6409;117000;11352528010;S
20241029;102202;0.6413;1000;11352529124;B
20241029;102203;0.6409;15000;11352529474;S
20241029;102206;0.6413;1000;11352530708;B
20241029;102207;0.6409;33000;11352530962;S
20241029;102207;0.6409;5000;11352530974;B
20241029;102208;0.6409;2000;11352531241;B
20241029;102208;0.6402;1000;11352531404;S
20241029;102209;0.6403;1000;11352531775;S
20241029;102212;0.6408;1000;11352532728;B
20241029;102212;0.6409;2000;11352532729;B
20241029;102213;0.6409;1000;11352533013;B
20241029;102214;0.6409;5000;11352533500;B
20241029;102215;0.641;2000;11352533905;B
20241029;102221;0.6409;495000;11352536050;S
20241029;102222;0.6401;30000;11352536474;S
20241029;102222;0.6401;35000;11352536475;S
20241029;102222;0.6399;85000;11352536476;S
20241029;102223;0.6398;150000;11352536541;S
20241029;102227;0.6407;1000;11352538185;B
20241029;102230;0.6398;1000;11352539158;B
20241029;102233;0.6396;50000;11352540344;S
20241029;102233;0.64;1000;11352540443;B
20241029;102233;0.6395;845000;11352540488;B
20241029;102234;0.6391;1000;11352540613;S
20241029;102235;0.6392;24000;11352541143;S
20241029;102235;0.6392;35000;11352541144;S
20241029;102235;0.6391;119000;11352541145;S
20241029;102235;0.639;11000;11352541146;S
20241029;102235;0.639;100000;11352541147;S
20241029;102235;0.639;3000;11352541148;B
20241029;102239;0.639;1000;11352542645;B
20241029;102240;0.639;150000;11352542738;B
20241029;102240;0.639;3000;11352542741;B
20241029;102240;0.639;141000;11352542742;B
20241029;102241;0.6393;150000;11352543010;S
20241029;102241;0.6393;1000;11352543011;S
20241029;102241;0.639;1000;11352543232;S
20241029;102242;0.64;20000;11352543372;B
20241029;102245;0.6397;280000;11352544399;S
20241029;102245;0.6395;35000;11352544400;S
20241029;102245;0.6391;4000;11352544401;S
20241029;102245;0.6391;4000;11352544402;S
20241029;102245;0.639;5000;11352544403;S
20241029;102245;0.6389;68000;11352544404;S
20241029;102245;0.6388;2000;11352544405;S
20241029;102245;0.6388;80000;11352544406;S
20241029;102245;0.6387;4000;11352544407;S
20241029;102245;0.6386;22000;11352544408;S
20241029;102245;0.6386;6000;11352544409;S
20241029;102245;0.6381;1000;11352544410;S
20241029;102245;0.6381;240000;11352544411;S
20241029;102245;0.638;249000;11352544412;S
20241029;102247;0.6392;3000;11352544883;B
20241029;102248;0.639;18000;11352545265;B
20241029;102248;0.639;1000;11352545285;B
20241029;102249;0.639;7000;11352545478;B
20241029;102249;0.6391;3000;11352545479;B
20241029;102252;0.6395;240000;11352546439;B
20241029;102252;0.6395;90000;11352546440;B
20241029;102254;0.6396;9000;11352546807;B
20241029;102256;0.6395;10000;11352547435;B
20241029;102256;0.6395;2000;11352547511;B
20241029;102258;0.6391;50000;11352548074;S
20241029;102259;0.6395;9000;11352548277;B
20241029;102259;0.6396;11000;11352548278;B
20241029;102300;0.6396;149000;11352548602;B
20241029;102300;0.6396;50000;11352548603;B
20241029;102300;0.6397;280000;11352548604;B
20241029;102300;0.6398;21000;11352548605;B
20241029;102300;0.6399;1000;11352548702;B
20241029;102308;0.6396;17000;11352551478;S
20241029;102309;0.639;2000;11352551764;S
20241029;102309;0.639;148000;11352551765;S
20241029;102309;0.639;25000;11352551855;S
20241029;102310;0.639;33000;11352552004;S
20241029;102312;0.6392;1000;11352552442;B
20241029;102313;0.6392;2000;11352552778;B
20241029;102317;0.639;574000;11352553587;S
20241029;102317;0.639;29000;11352553588;S
20241029;102320;0.6388;1000;11352554211;B
20241029;102321;0.6388;3000;11352554406;B
20241029;102322;0.6388;4000;11352554427;B
20241029;102323;0.6385;2000;11352554632;S
20241029;102327;0.6389;1000;11352555550;B
20241029;102335;0.6386;5000;11352557219;S
20241029;102335;0.6385;3000;11352557220;S
20241029;102335;0.6385;17000;11352557221;S
20241029;102339;0.6387;1000;11352558252;S
20241029;102339;0.639;9000;11352558259;B
20241029;102340;0.639;1000;11352558450;B
20241029;102341;0.639;5000;11352558733;B
20241029;102341;0.6392;20000;11352558734;B
20241029;102346;0.6392;15000;11352560011;B
20241029;102350;0.6392;2000;11352560824;B
20241029;102356;0.639;1000;11352562214;B
20241029;102357;0.639;1999000;11352562427;B
20241029;102357;0.6392;2000;11352562428;B
20241029;102358;0.6392;11000;11352562602;B
20241029;102358;0.6395;5000;11352562605;B
20241029;102358;0.6398;6000;11352562607;B
20241029;102358;0.6398;3000;11352562608;B
20241029;102358;0.6399;13000;11352562610;B
20241029;102358;0.6399;4000;11352562611;B
20241029;102358;0.64;229000;11352562613;B
20241029;102358;0.64;2000;11352562614;B
20241029;102358;0.64;30000;11352562615;B
20241029;102358;0.64;100000;11352562616;B
20241029;102400;0.6401;1000;11352563061;S
20241029;102400;0.64;5000;11352563062;S
20241029;102400;0.64;24000;11352563063;S
20241029;102400;0.6405;200000;11352563091;B
20241029;102400;0.6405;20000;11352563199;B
20241029;102401;0.6405;100000;11352563322;B
20241029;102402;0.6405;20000;11352563520;B
20241029;102402;0.6405;310000;11352563535;B
20241029;102402;0.6405;289000;11352563536;B
20241029;102402;0.6405;19000;11352563537;B
20241029;102402;0.6405;42000;11352563538;B
20241029;102402;0.6407;57000;11352563632;B
20241029;102403;0.6408;100000;11352563719;S
20241029;102403;0.641;1000;11352563765;B
20241029;102404;0.641;9000;11352563848;B
20241029;102404;0.6414;25000;11352563849;B
20241029;102404;0.6415;66000;11352563850;B
20241029;102408;0.6414;5000;11352564970;B
20241029;102408;0.6415;134000;11352564971;B
20241029;102408;0.6415;21000;11352564972;B
20241029;102408;0.6416;21000;11352564973;B
20241029;102410;0.6416;3000;11352565205;S
20241029;102411;0.6414;8000;11352565517;S
20241029;102413;0.6419;50000;11352565741;B
20241029;102413;0.6414;1000;11352565781;S
20241029;102416;0.6419;2000;11352566593;B
20241029;102416;0.642;6000;11352566594;B
20241029;102416;0.642;1000;11352566644;B
20241029;102418;0.6414;41000;11352567026;S
20241029;102418;0.6413;35000;11352567027;S
20241029;102418;0.6411;5000;11352567028;S
20241029;102418;0.641;4000;11352567029;S
20241029;102418;0.6409;155000;11352567030;S
20241029;102423;0.6419;2000;11352568188;B
20241029;102424;0.6414;1000;11352568422;S
20241029;102427;0.6419;4000;11352569254;B
20241029;102431;0.6419;18000;11352570275;B
20241029;102431;0.642;21000;11352570276;B
20241029;102431;0.642;51000;11352570277;B
20241029;102436;0.642;38000;11352571780;B
20241029;102439;0.642;1000;11352572835;B
20241029;102439;0.6419;1000;11352572840;S
20241029;102439;0.6419;4000;11352572841;S
20241029;102439;0.6416;1000;11352572842;S
20241029;102439;0.6416;35000;11352572843;S
20241029;102439;0.6415;1000;11352572844;S
20241029;102439;0.6414;2000;11352572845;S
20241029;102439;0.6414;1000;11352572846;S
20241029;102439;0.6414;1000;11352572847;B
20241029;102441;0.6414;1000;11352573193;B
20241029;102441;0.6414;25000;11352573201;B
20241029;102442;0.6414;2000;11352573576;B
20241029;102444;0.6413;1000;11352573878;S
20241029;102444;0.6413;24000;11352573879;S
20241029;102445;0.6414;22000;11352573908;B
20241029;102448;0.6412;1000;11352574810;S
20241029;102448;0.6412;1000;11352574811;S
20241029;102449;0.6419;1000;11352575031;B
20241029;102449;0.642;10000;11352575032;B
20241029;102449;0.6421;4000;11352575033;B
20241029;102449;0.6422;50000;11352575034;B
20241029;102449;0.6423;10000;11352575035;B
20241029;102449;0.6424;1000;11352575036;B
20241029;102449;0.6424;50000;11352575037;B
20241029;102449;0.6424;96000;11352575038;B
20241029;102500;0.6419;11000;11352577434;S
20241029;102500;0.6419;4000;11352577435;S
20241029;102500;0.6419;1000;11352577514;S
20241029;102501;0.6415;1000;11352577763;S
20241029;102502;0.6421;1000;11352577937;B
20241029;102507;0.6421;1000;11352579105;B
20241029;102507;0.6422;4000;11352579106;B
20241029;102510;0.6422;1000;11352579919;B
20241029;102513;0.6421;25000;11352580683;B
20241029;102513;0.6422;15000;11352580684;B
20241029;102514;0.6424;10000;11352580701;B
20241029;102514;0.6422;3000;11352580815;B
20241029;102518;0.642;12000;11352581928;S
20241029;102518;0.6418;35000;11352581932;S
20241029;102518;0.6418;1000;11352581933;S
20241029;102518;0.6417;1000;11352581937;S
20241029;102518;0.6415;20000;11352581939;S
20241029;102518;0.6414;239000;11352581942;S
20241029;102518;0.6414;1000;11352581944;S
20241029;102518;0.6413;3000;11352581945;S
20241029;102518;0.6413;29000;11352581946;S
20241029;102518;0.6412;1000;11352581947;S
20241029;102518;0.6411;2000;11352581948;S
20241029;102518;0.6411;5000;11352581949;S
20241029;102518;0.6409;1000;11352581950;S
20241029;102518;0.6409;461000;11352581951;S
20241029;102518;0.6409;137000;11352581966;S
20241029;102518;0.6409;2000;11352581967;S
20241029;102518;0.6409;30000;11352581968;S
20241029;102518;0.6408;93000;11352581970;S
20241029;102518;0.6407;1000;11352581971;S
20241029;102518;0.6406;3000;11352581972;S
20241029;102518;0.6404;6000;11352582007;S
20241029;102522;0.6409;19000;11352583261;B
20241029;102525;0.6404;160000;11352583901;S
20241029;102525;0.6403;100000;11352583902;S
20241029;102525;0.6403;20000;11352583903;S
20241029;102525;0.6403;20000;11352583904;S
20241029;102527;0.6407;4000;11352584185;B
20241029;102527;0.6407;18000;11352584206;B
20241029;102528;0.6402;2000;11352584355;S
20241029;102528;0.6401;1000;11352584356;S
20241029;102529;0.6401;50000;11352584548;S
20241029;102531;0.6404;1000;11352584998;B
20241029;102533;0.6401;6000;11352585362;S
20241029;102534;0.6401;93000;11352585514;S
20241029;102534;0.64;100000;11352585515;S
20241029;102534;0.64;63000;11352585516;S
20241029;102534;0.6398;3000;11352585517;S
20241029;102534;0.6397;35000;11352585518;S
20241029;102534;0.6396;6000;11352585519;S
20241029;102543;0.6399;1000;11352586917;S
20241029;102543;0.6398;1000;11352586918;S
20241029;102543;0.6405;1000;11352586967;B
20241029;102543;0.6404;3000;11352587017;B
20241029;102543;0.6404;1000;11352587040;B
20241029;102545;0.6396;14000;11352587458;S
20241029;102545;0.6396;7000;11352587459;S
20241029;102545;0.6396;139000;11352587460;B
20241029;102548;0.64;2000;11352588046;S
20241029;102549;0.6403;11000;11352588217;B
20241029;102549;0.6404;35000;11352588218;B
20241029;102549;0.6405;11000;11352588219;B
20241029;102549;0.6408;3000;11352588220;B
20241029;102552;0.6407;2000;11352588898;B
20241029;102601;0.6403;2000;11352591021;B
20241029;102607;0.6403;18000;11352591929;S
20241029;102607;0.6403;2000;11352591930;S
20241029;102610;0.6407;35000;11352593358;B
20241029;102610;0.6407;6000;11352593359;B
20241029;102610;0.6408;20000;11352593360;B
20241029;102610;0.6409;1000;11352593361;B
20241029;102610;0.6411;30000;11352593362;B
20241029;102610;0.6411;28000;11352593363;B
20241029;102611;0.6403;1000;11352593897;S
20241029;102611;0.6401;3000;11352593898;S
20241029;102615;0.6403;1000;11352594919;S
20241029;102618;0.6408;10000;11352595630;B
20241029;102619;0.6408;10000;11352595785;B
20241029;102620;0.6403;1000;11352595806;S
20241029;102621;0.6408;1000;11352595949;B
20241029;102623;0.6408;10000;11352596407;B
20241029;102627;0.6403;1000;11352596887;S
20241029;102628;0.6408;214000;11352597166;B
20241029;102628;0.6408;35000;11352597167;B
20241029;102628;0.6409;100000;11352597168;B
20241029;102628;0.641;25000;11352597169;B
20241029;102628;0.641;3000;11352597170;B
20241029;102628;0.641;15000;11352597171;B
20241029;102628;0.6412;71000;11352597172;B
20241029;102634;0.641;1000;11352598397;B
20241029;102641;0.6404;4000;11352600294;B
20241029;102641;0.6404;1000;11352600295;B
20241029;102642;0.6401;1000;11352600615;S
20241029;102642;0.6401;4000;11352600616;S
20241029;102644;0.6401;1000;11352601132;S
20241029;102645;0.6404;1000;11352601307;B
20241029;102648;0.6404;1000;11352601784;B
20241029;102649;0.6404;1000;11352601891;B
20241029;102651;0.6404;1000;11352602159;B
20241029;102651;0.6404;35000;11352602160;B
20241029;102651;0.6404;13000;11352602161;B
20241029;102651;0.6405;13000;11352602162;B
20241029;102651;0.6408;32000;11352602163;B
20241029;102651;0.6408;1000;11352602164;B
20241029;102653;0.6412;7000;11352602685;B
20241029;102656;0.6412;5000;11352603180;B
20241029;102702;0.641;1000;11352604500;B
20241029;102702;0.641;19000;11352604501;B
20241029;102710;0.6405;1000;11352605685;S
20241029;102712;0.641;1000;11352605977;S
20241029;102716;0.6404;1000;11352606624;S
20241029;102716;0.6404;1000;11352606625;S
20241029;102720;0.6404;5000;11352607303;S
20241029;102720;0.6404;5000;11352607304;S
20241029;102724;0.6408;10000;11352607838;B
20241029;102724;0.6401;30000;11352607915;S
20241029;102724;0.64;18000;11352607916;S
20241029;102724;0.64;50000;11352607917;S
20241029;102724;0.64;2000;11352607918;S
20241029;102730;0.6408;1000;11352608695;B
20241029;102730;0.6409;4000;11352608696;B
20241029;102731;0.6401;10000;11352608802;S
20241029;102732;0.6402;1000;11352608949;S
20241029;102732;0.6402;29000;11352608950;S
20241029;102734;0.6401;15000;11352609230;S
20241029;102734;0.64;5000;11352609231;S
20241029;102734;0.64;1000;11352609246;S
20241029;102738;0.6407;1000;11352609705;B
20241029;102739;0.6401;1000;11352609804;B
20241029;102743;0.6401;1000;11352610394;S
20241029;102743;0.6407;5000;11352610443;B
20241029;102743;0.6407;2000;11352610444;B
20241029;102745;0.6401;5000;11352610616;S
20241029;102745;0.6407;3000;11352610649;B
20241029;102755;0.6407;1000;11352611967;B
20241029;102758;0.6402;9000;11352612237;S
20241029;102758;0.6401;3000;11352612238;S
20241029;102758;0.6401;3000;11352612239;S
20241029;102802;0.6401;47000;11352612762;S
20241029;102802;0.6401;1000;11352612763;S
20241029;102802;0.64;2000;11352612764;S
20241029;102802;0.64;10000;11352612765;S
20241029;102802;0.6399;8000;11352612766;S
20241029;102802;0.6398;1000;11352612767;S
20241029;102802;0.6396;20000;11352612768;S
20241029;102802;0.6395;20000;11352612769;S
20241029;102802;0.6395;20000;11352612770;S
20241029;102802;0.6395;21000;11352612771;S
20241029;102803;0.64;100000;11352612925;S
20241029;102803;0.6395;190000;11352612926;S
20241029;102803;0.6394;3000;11352612927;S
20241029;102803;0.6394;1000;11352612928;S
20241029;102803;0.6394;20000;11352612929;S
20241029;102803;0.6394;20000;11352612930;S
20241029;102803;0.6393;2000;11352612931;S
20241029;102803;0.6393;20000;11352612932;S
20241029;102803;0.6393;20000;11352612933;S
20241029;102803;0.6392;20000;11352612934;S
20241029;102803;0.6392;20000;11352612935;S
20241029;102803;0.6392;1000;11352612936;S
20241029;102803;0.6392;217000;11352612937;S
20241029;102803;0.6392;5000;11352612938;B
20241029;102803;0.6392;661000;11352612980;B
20241029;102806;0.6393;29000;11352613389;S
20241029;102806;0.6393;82000;11352613390;S
20241029;102806;0.6392;20000;11352613391;S
20241029;102806;0.6392;109000;11352613392;S
20241029;102806;0.6392;10000;11352613393;S
20241029;102806;0.6391;10000;11352613394;S
20241029;102806;0.6391;2000;11352613395;S
20241029;102806;0.6391;20000;11352613396;S
20241029;102806;0.6391;30000;11352613397;S
20241029;102806;0.6391;1000;11352613398;S
20241029;102806;0.6391;50000;11352613399;S
20241029;102806;0.6391;35000;11352613400;S
20241029;102806;0.639;10602000;11352613401;S
20241029;102806;0.639;600000;11352613402;S
20241029;102806;0.639;16000;11352613403;S
20241029;102806;0.639;124000;11352613404;S
20241029;102806;0.639;153000;11352613406;S
20241029;102806;0.639;233000;11352613407;S
20241029;102806;0.639;135000;11352613408;S
20241029;102807;0.639;50000;11352613479;S
20241029;102807;0.639;200000;11352613482;S
20241029;102807;0.639;250000;11352613484;S
20241029;102807;0.639;30000;11352613491;S
20241029;102807;0.639;20000;11352613495;S
20241029;102808;0.639;202000;11352613516;S
20241029;102808;0.639;200000;11352613523;S
20241029;102808;0.639;25000;11352613524;S
20241029;102808;0.639;20000;11352613528;S
20241029;102808;0.639;50000;11352613535;S
20241029;102808;0.639;50000;11352613552;S
20241029;102808;0.639;5000;11352613570;S
20241029;102808;0.639;50000;11352613576;S
20241029;102808;0.639;636000;11352613577;S
20241029;102808;0.639;485000;11352613578;S
20241029;102808;0.639;98000;11352613579;S
20241029;102808;0.639;54000;11352613580;S
20241029;102808;0.639;14000;11352613581;S
20241029;102808;0.639;32000;11352613582;S
20241029;102808;0.639;33000;11352613583;S
20241029;102808;0.639;7000;11352613585;S
20241029;102808;0.639;1000;11352613586;S
20241029;102808;0.639;10000;11352613587;S
20241029;102808;0.639;47000;11352613588;S
20241029;102808;0.639;45000;11352613589;S
20241029;102809;0.6381;1000;11352613635;S
20241029;102809;0.6381;9000;11352613647;S
20241029;102809;0.6381;4000;11352613648;S
20241029;102809;0.638;87000;11352613649;S
20241029;102809;0.638;86000;11352613658;S
20241029;102809;0.638;27000;11352613706;S
20241029;102809;0.638;10000;11352613707;S
20241029;102809;0.6378;13000;11352613708;S
20241029;102809;0.6378;22000;11352613725;S
20241029;102809;0.6378;1000;11352613726;S
20241029;102809;0.6377;1000;11352613727;S
20241029;102809;0.6377;110000;11352613728;S
20241029;102809;0.6377;50000;11352613729;S
20241029;102809;0.6382;4000;11352613752;B
20241029;102809;0.6384;50000;11352613753;B
20241029;102809;0.6384;32000;11352613754;B
20241029;102813;0.6385;1000;11352614189;B
20241029;102818;0.6384;2000;11352615018;B
20241029;102821;0.6384;3000;11352615276;B
20241029;102822;0.6384;5000;11352615477;S
20241029;102823;0.6384;10000;11352615665;B
20241029;102825;0.6384;1000;11352615913;B
20241029;102825;0.6384;1000;11352615928;B
20241029;102825;0.6384;2000;11352615929;B
20241029;102825;0.6383;1000;11352615946;S
20241029;102828;0.6383;9000;11352616383;S
20241029;102828;0.6383;1000;11352616384;S
20241029;102830;0.6384;5000;11352616611;S
20241029;102830;0.6383;4000;11352616612;S
20241029;102830;0.6382;20000;11352616613;S
20241029;102830;0.6382;17000;11352616614;S
20241029;102830;0.6381;17000;11352616615;S
20241029;102830;0.638;200000;11352616616;S
20241029;102830;0.6379;35000;11352616617;S
20241029;102830;0.6374;54000;11352616618;S
20241029;102830;0.6373;100000;11352616619;S
20241029;102830;0.6372;15000;11352616620;S
20241029;102830;0.6372;2000;11352616621;S
20241029;102830;0.6372;78000;11352616622;S
20241029;102830;0.637;2000;11352616623;S
20241029;102830;0.637;10000;11352616624;S
20241029;102830;0.637;135000;11352616625;S
20241029;102830;0.6369;80000;11352616626;S
20241029;102830;0.6368;50000;11352616627;S
20241029;102830;0.6367;1000;11352616628;S
20241029;102830;0.6367;50000;11352616629;S
20241029;102830;0.6365;300000;11352616630;S
20241029;102830;0.6365;244000;11352616631;S
20241029;102831;0.6379;10000;11352616653;B
20241029;102831;0.6376;2000;11352616738;B
20241029;102833;0.6372;2000;11352617274;S
20241029;102833;0.6372;8000;11352617275;S
20241029;102835;0.6377;1000;11352617690;B
20241029;102835;0.6378;1000;11352617691;B
20241029;102844;0.6374;30000;11352618660;B
20241029;102844;0.6375;12000;11352618661;B
20241029;102846;0.6373;10000;11352618878;S
20241029;102846;0.6372;2000;11352618879;S
20241029;102846;0.6372;10000;11352618880;S
20241029;102846;0.6372;10000;11352618881;S
20241029;102846;0.6372;35000;11352618882;S
20241029;102846;0.6371;10000;11352618883;S
20241029;102846;0.6371;9000;11352618884;S
20241029;102848;0.6372;2000;11352619145;S
20241029;102848;0.6372;9000;11352619146;S
20241029;102848;0.6371;9000;11352619147;S
20241029;102849;0.6375;47000;11352619186;B
20241029;102849;0.6377;28000;11352619191;B
20241029;102849;0.6378;1000;11352619196;B
20241029;102849;0.6378;230000;11352619197;B
20241029;102849;0.6378;23000;11352619198;B
20241029;102849;0.6378;47000;11352619201;B
20241029;102849;0.6379;25000;11352619207;B
20241029;102849;0.6379;35000;11352619208;B
20241029;102849;0.638;574000;11352619211;B
20241029;102849;0.638;92000;11352619212;B
20241029;102849;0.6386;131000;11352619214;B
20241029;102849;0.6386;65000;11352619216;B
20241029;102901;0.6383;1000;11352620710;S
20241029;102901;0.6383;5000;11352620711;S
20241029;102901;0.6381;5000;11352620712;S
20241029;102901;0.6381;11000;11352620713;S
20241029;102901;0.638;10000;11352620714;S
20241029;102901;0.638;11000;11352620715;S
20241029;102901;0.638;35000;11352620716;S
20241029;102901;0.6379;30000;11352620717;S
20241029;102901;0.6378;4000;11352620718;S
20241029;102901;0.6378;1000;11352620719;S
20241029;102901;0.6378;17000;11352620720;S
20241029;102907;0.6386;1000;11352621646;B
20241029;102911;0.6379;4000;11352622171;S
20241029;102917;0.6386;3000;11352622955;B
20241029;102918;0.6377;221000;11352622984;S
20241029;102920;0.6382;2000;11352623407;B
20241029;102931;0.6382;93000;11352625180;B
20241029;102936;0.6382;4000;11352626003;B
20241029;102941;0.6377;15000;11352626695;S
20241029;102948;0.6378;6000;11352627476;S
20241029;102948;0.6382;1000;11352627477;B
20241029;102948;0.6382;5000;11352627495;B
20241029;102948;0.6382;15000;11352627496;B
20241029;102951;0.6382;16000;11352627972;B
20241029;102954;0.6382;10000;11352628410;B
20241029;102955;0.6379;1000;11352628469;S
20241029;102955;0.6379;2000;11352628470;S
20241029;102955;0.6378;7000;11352628471;S
20241029;102955;0.6382;1000;11352628472;B
20241029;103000;0.6382;25000;11352629197;B
20241029;103000;0.6382;1000;11352629220;B
20241029;103001;0.6379;1000;11352629312;S
20241029;103001;0.6379;1000;11352629313;S
20241029;103003;0.638;50000;11352629616;S
20241029;103011;0.6382;1000;11352631005;B
20241029;103013;0.638;29000;11352631312;S
20241029;103018;0.6381;1000;11352632154;B
20241029;103019;0.6382;2000;11352632236;B
20241029;103024;0.6379;1000;11352633017;S
20241029;103024;0.6379;1000;11352633018;S
20241029;103024;0.6379;2000;11352633023;B
20241029;103024;0.6379;1000;11352633024;B
20241029;103024;0.6379;2000;11352633025;B
20241029;103024;0.6379;1000;11352633026;B
20241029;103024;0.6379;1000;11352633029;B
20241029;103024;0.6379;1000;11352633030;B
20241029;103028;0.6381;1000;11352633674;B
20241029;103029;0.6379;1000;11352633862;S
20241029;103029;0.6378;3000;11352633863;S
20241029;103029;0.6378;300000;11352633864;S
20241029;103029;0.6378;10000;11352633865;S
20241029;103029;0.6377;183000;11352633866;S
20241029;103029;0.6377;3000;11352633867;S
20241029;103030;0.638;81000;11352634065;S
20241029;103031;0.638;9000;11352634206;S
20241029;103031;0.6379;1000;11352634207;S
20241029;103031;0.6375;4000;11352634208;S
20241029;103032;0.6382;7000;11352634386;B
20241029;103048;0.6382;22000;11352636708;B
20241029;103048;0.6383;2000;11352636709;B
20241029;103048;0.6384;7000;11352636710;B
20241029;103048;0.6384;10000;11352636711;B
20241029;103048;0.6385;2000;11352636712;B
20241029;103048;0.6385;7000;11352636713;B
20241029;103051;0.6385;7000;11352637307;B
20241029;103051;0.6386;1000;11352637308;B
20241029;103051;0.6386;12000;11352637309;B
20241029;103051;0.6386;7000;11352637310;B
20241029;103051;0.6386;23000;11352637311;B
20241029;103053;0.6387;1000;11352637419;B
20241029;103053;0.6387;1000;11352637420;B
20241029;103053;0.6387;1000;11352637421;B
20241029;103053;0.6381;6000;11352637422;S
20241029;103054;0.6381;3000;11352637523;S
20241029;103058;0.6387;5000;11352637958;B
20241029;103058;0.6386;50000;11352637972;B
20241029;103101;0.6384;1000;11352638309;S
20241029;103108;0.6389;1000;11352639441;B
20241029;103109;0.6389;1000;11352639541;B
20241029;103109;0.6389;9000;11352639542;B
20241029;103109;0.639;20000;11352639543;B
20241029;103116;0.6391;86000;11352640667;B
20241029;103118;0.6392;5000;11352640992;B
20241029;103120;0.6388;2000;11352641514;B
20241029;103120;0.6388;3000;11352641516;B
20241029;103120;0.6386;4000;11352641520;S
20241029;103121;0.6388;5000;11352641650;B
20241029;103123;0.6384;9000;11352641978;S
20241029;103123;0.6384;20000;11352642081;S
20241029;103123;0.6384;52000;11352642176;S
20241029;103124;0.6381;20000;11352642328;S
20241029;103125;0.6381;23000;11352642428;S
20241029;103125;0.6381;1000;11352642429;S
20241029;103125;0.6381;30000;11352642430;S
20241029;103128;0.6384;5000;11352642862;B
20241029;103128;0.6384;5000;11352642863;B
20241029;103132;0.6382;35000;11352643538;B
20241029;103132;0.6384;15000;11352643539;B
20241029;103132;0.6379;1000;11352643550;S
20241029;103137;0.6379;3000;11352644403;S
20241029;103137;0.6379;4000;11352644525;S
20241029;103137;0.6379;1000;11352644526;S
20241029;103137;0.6378;1000;11352644527;S
20241029;103137;0.6377;1000;11352644528;S
20241029;103137;0.6376;31000;11352644529;S
20241029;103137;0.6375;30000;11352644530;S
20241029;103137;0.6375;240000;11352644531;S
20241029;103137;0.6374;103000;11352644532;S
20241029;103137;0.6373;1000;11352644533;S
20241029;103137;0.6373;19000;11352644534;S
20241029;103137;0.6372;5000;11352644535;S
20241029;103137;0.6371;1000;11352644536;S
20241029;103137;0.6371;6000;11352644537;S
20241029;103137;0.6371;57000;11352644538;S
20241029;103137;0.6379;7000;11352644550;S
20241029;103137;0.6379;1000;11352644551;S
20241029;103137;0.6378;7000;11352644563;B
20241029;103137;0.6378;1000;11352644564;B
20241029;103137;0.6378;7000;11352644569;B
20241029;103137;0.6376;1000;11352644573;B
20241029;103137;0.6376;7000;11352644578;B
20241029;103138;0.6378;7000;11352644581;B
20241029;103138;0.6383;30000;11352644655;B
20241029;103138;0.6383;35000;11352644656;B
20241029;103138;0.6384;30000;11352644657;B
20241029;103138;0.6384;3000;11352644658;B
20241029;103138;0.6385;160000;11352644659;B
20241029;103138;0.6385;142000;11352644660;B
20241029;103139;0.6386;150000;11352644884;B
20241029;103142;0.6383;10000;11352645377;S
20241029;103144;0.6383;40000;11352645617;S
20241029;103144;0.6379;7000;11352645635;S
20241029;103144;0.6376;30000;11352645636;S
20241029;103144;0.6375;142000;11352645637;S
20241029;103144;0.6374;43000;11352645638;S
20241029;103145;0.6379;7000;11352645759;S
20241029;103145;0.6379;7000;11352645818;S
20241029;103145;0.6377;7000;11352645829;B
20241029;103156;0.6377;2000;11352647568;S
20241029;103206;0.6377;36000;11352649020;S
20241029;103209;0.6377;4000;11352649641;S
20241029;103209;0.6372;4000;11352649642;S
20241029;103218;0.6381;3000;11352650829;B
20241029;103219;0.6384;2000;11352650908;B
20241029;103220;0.6384;2000;11352651033;B
20241029;103225;0.6381;7000;11352651591;S
20241029;103225;0.638;173000;11352651592;S
20241029;103226;0.638;30000;11352651723;S
20241029;103230;0.6382;3000;11352652100;B
20241029;103231;0.6382;20000;11352652259;B
20241029;103232;0.6383;1000;11352652323;B
20241029;103232;0.638;88000;11352652330;S
20241029;103237;0.6381;10000;11352652877;B
20241029;103237;0.6382;13000;11352652945;B
20241029;103241;0.6381;3000;11352653413;S
20241029;103242;0.6381;1000;11352653492;B
20241029;103242;0.638;3000;11352653585;S
20241029;103243;0.6383;1000;11352653679;B
20241029;103243;0.6383;1000;11352653680;B
20241029;103243;0.6383;3000;11352653681;B
20241029;103243;0.6381;160000;11352653735;B
20241029;103243;0.6382;240000;11352653736;B
20241029;103250;0.6384;3000;11352654753;B
20241029;103251;0.6384;3000;11352654810;B
20241029;103253;0.6382;10000;11352655006;S
20241029;103257;0.6384;5000;11352655553;B
20241029;103309;0.6385;6000;11352657130;B
20241029;103314;0.6384;5000;11352657715;B
20241029;103321;0.6385;5000;11352658784;B
20241029;103321;0.6385;240000;11352658785;B
20241029;103321;0.6386;268000;11352658786;B
20241029;103323;0.6382;40000;11352659341;S
20241029;103325;0.6381;1000;11352659596;S
20241029;103325;0.6381;1000;11352659597;S
20241029;103327;0.638;1000;11352660024;S
20241029;103339;0.6377;20000;11352662002;S
20241029;103339;0.6377;36000;11352662003;S
20241029;103339;0.6377;36000;11352662004;S
20241029;103339;0.6376;50000;11352662005;S
20241029;103341;0.638;8000;11352662282;B
20241029;103341;0.6371;1000;11352662412;S
20241029;103346;0.6372;1000;11352662997;S
20241029;103349;0.6382;1000;11352663337;B
20241029;103355;0.6379;1000;11352664353;B
20241029;103358;0.638;1000;11352664855;B
20241029;103400;0.6374;8000;11352665052;S
20241029;103400;0.6373;1000;11352665053;S
20241029;103400;0.6373;61000;11352665054;S
20241029;103404;0.6379;2000;11352665550;B
20241029;103410;0.638;3000;11352666748;B
20241029;103410;0.638;35000;11352666749;B
20241029;103410;0.6381;212000;11352666750;B
20241029;103411;0.6373;1000;11352666838;S
20241029;103411;0.6372;19000;11352666839;S
20241029;103411;0.6372;20000;11352666840;S
20241029;103411;0.6371;179000;11352666841;S
20241029;103411;0.637;281000;11352666842;S
20241029;103413;0.637;1000;11352667172;S
20241029;103414;0.6375;1000;11352667209;B
20241029;103420;0.637;18000;11352668092;S
20241029;103424;0.6376;2000;11352668715;B
20241029;103434;0.6375;1000;11352670440;B
20241029;103434;0.6375;3000;11352670441;B
20241029;103440;0.637;7000;11352671369;S
20241029;103446;0.6375;1000;11352672347;S
20241029;103448;0.6373;1000;11352672717;B
20241029;103450;0.637;8000;11352673026;S
20241029;103451;0.637;5000;11352673375;S
20241029;103457;0.637;1000;11352674282;S
20241029;103504;0.637;3000;11352675446;S
20241029;103504;0.6374;37000;11352675485;B
20241029;103504;0.6373;10000;11352675559;B
20241029;103506;0.6374;1000;11352675738;B
20241029;103506;0.6371;30000;11352675826;S
20241029;103506;0.637;4000;11352675827;S
20241029;103506;0.637;35000;11352675828;S
20241029;103507;0.637;20000;11352675887;B
20241029;103511;0.637;3000;11352676630;B
20241029;103525;0.6369;12000;11352678902;S
20241029;103526;0.6369;3000;11352678923;B
20241029;103529;0.6369;2000;11352679295;B
20241029;103529;0.6367;13000;11352679373;S
20241029;103538;0.6368;11000;11352680506;S
20241029;103538;0.6367;87000;11352680507;S
20241029;103538;0.6367;11000;11352680508;S
20241029;103538;0.6366;31000;11352680509;S
20241029;103538;0.6363;2000;11352680510;S
20241029;103538;0.6363;50000;11352680511;S
20241029;103538;0.6363;35000;11352680512;S
20241029;103538;0.6362;20000;11352680513;S
20241029;103538;0.6362;1000;11352680514;S
20241029;103538;0.6361;39000;11352680515;S
20241029;103538;0.636;10000;11352680516;S
20241029;103538;0.636;1000;11352680517;S
20241029;103538;0.636;1000;11352680518;S
20241029;103538;0.636;150000;11352680519;S
20241029;103538;0.6359;5000;11352680520;S
20241029;103538;0.6358;115000;11352680521;S
20241029;103538;0.6366;11000;11352680526;B
20241029;103538;0.6366;35000;11352680527;B
20241029;103538;0.6367;8000;11352680528;B
20241029;103539;0.6367;358000;11352680672;S
20241029;103539;0.6364;17000;11352680673;S
20241029;103539;0.6362;35000;11352680674;S
20241029;103539;0.6357;22000;11352680675;S
20241029;103539;0.6357;20000;11352680676;S
20241029;103539;0.6357;61000;11352680677;S
20241029;103539;0.6357;10000;11352680712;S
20241029;103541;0.6358;12000;11352680971;S
20241029;103552;0.6368;30000;11352682571;B
20241029;103552;0.6368;10000;11352682572;B
20241029;103552;0.6368;30000;11352682573;B
20241029;103552;0.6369;32000;11352682574;B
20241029;103552;0.6369;38000;11352682575;B
20241029;103552;0.637;8000;11352682576;B
20241029;103552;0.637;15000;11352682577;B
20241029;103554;0.637;10000;11352682798;S
20241029;103557;0.637;42000;11352683306;S
20241029;103600;0.6371;3000;11352683650;S
20241029;103600;0.6371;24000;11352683651;S
20241029;103600;0.637;35000;11352683652;S
20241029;103600;0.637;23000;11352683653;S
20241029;103600;0.6369;72000;11352683654;S
20241029;103600;0.6368;35000;11352683655;S
20241029;103600;0.6365;308000;11352683656;S
20241029;103603;0.6369;4000;11352684081;S
20241029;103603;0.6367;1000;11352684082;S
20241029;103603;0.6365;1000;11352684083;S
20241029;103603;0.6364;4000;11352684084;S
20241029;103606;0.6372;12000;11352684471;B
20241029;103606;0.6372;18000;11352684472;B
20241029;103615;0.637;7000;11352686021;S
20241029;103625;0.6369;12000;11352687495;B
20241029;103625;0.637;8000;11352687496;B
20241029;103632;0.6371;2000;11352688395;B
20241029;103632;0.6366;1000;11352688402;S
20241029;103632;0.6364;2000;11352688403;S
20241029;103632;0.6364;17000;11352688404;S
20241029;103633;0.6371;1000;11352688602;B
20241029;103633;0.6372;30000;11352688603;B
20241029;103633;0.6372;6000;11352688604;B
20241029;103633;0.6372;35000;11352688605;B
20241029;103633;0.6373;10000;11352688606;B
20241029;103633;0.6373;50000;11352688607;B
20241029;103633;0.6374;50000;11352688608;B
20241029;103633;0.6376;160000;11352688609;B
20241029;103633;0.6377;107000;11352688610;B
20241029;103633;0.6378;10000;11352688611;B
20241029;103633;0.6379;47000;11352688612;B
20241029;103640;0.6377;2000;11352689469;B
20241029;103640;0.6377;35000;11352689470;B
20241029;103640;0.6378;20000;11352689471;B
20241029;103640;0.6379;98000;11352689472;B
20241029;103643;0.6378;95000;11352689676;B
20241029;103643;0.6378;25000;11352689677;B
20241029;103701;0.6379;1000;11352691557;B
20241029;103701;0.6379;10000;11352691586;B
20241029;103709;0.6379;1000;11352692498;B
20241029;103715;0.6379;1000;11352693436;B
20241029;103715;0.6379;347000;11352693447;B
20241029;103715;0.638;42000;11352693448;B
20241029;103715;0.638;1000;11352693449;B
20241029;103715;0.6381;1000;11352693450;B
20241029;103716;0.6382;1000;11352693461;B
20241029;103716;0.6376;40000;11352693635;S
20241029;103717;0.6376;1000;11352693722;S
20241029;103719;0.6377;1000;11352693979;B
20241029;103724;0.6378;4000;11352694778;B
20241029;103724;0.6378;6000;11352694784;B
20241029;103724;0.6379;10000;11352694785;B
20241029;103733;0.6378;1000;11352696122;B
20241029;103733;0.6378;1000;11352696123;B
20241029;103733;0.6379;13000;11352696124;B
20241029;103737;0.6378;1000;11352696979;B
20241029;103743;0.6377;5000;11352697941;S
20241029;103750;0.6378;1000;11352699453;B
20241029;103752;0.6378;1000;11352699739;B
20241029;103753;0.6378;1000;11352699899;B
20241029;103753;0.6378;1000;11352700090;B
20241029;103759;0.6378;1000;11352701855;B
20241029;103759;0.6378;1000;11352701856;B
20241029;103759;0.6378;10000;11352701857;B
20241029;103802;0.6378;9000;11352702618;B
20241029;103806;0.6377;4000;11352703126;S
20241029;103806;0.6378;281000;11352703127;B
20241029;103815;0.6379;9000;11352704492;B
20241029;103818;0.6379;185000;11352705069;B
20241029;103821;0.6377;91000;11352705667;S
20241029;103821;0.6377;80000;11352705668;S
20241029;103823;0.6377;10000;11352705900;B
20241029;103823;0.6377;1000;11352706040;B
20241029;103824;0.6377;40000;11352706209;B
20241029;103826;0.6376;1000;11352706485;S
20241029;103851;0.6376;10000;11352710344;S
20241029;103852;0.6376;98000;11352710471;S
20241029;103852;0.6376;3000;11352710614;B
20241029;103854;0.6374;1000;11352710952;S
20241029;103856;0.6372;100000;11352711335;S
20241029;103856;0.6372;717000;11352711336;S
20241029;103856;0.6372;183000;11352711337;S
20241029;103856;0.637;2000;11352711338;S
20241029;103901;0.6365;2000;11352712123;S
20241029;103901;0.6371;20000;11352712182;B
20241029;103901;0.6371;20000;11352712183;B
20241029;103903;0.6365;8000;11352712440;S
20241029;103912;0.637;7000;11352714040;B
20241029;103914;0.6365;5000;11352714423;S
20241029;103918;0.6365;5000;11352715070;S
20241029;103920;0.6365;4000;11352715420;S
20241029;103922;0.6366;6000;11352715894;S
20241029;103922;0.6365;26000;11352715895;S
20241029;103922;0.6369;1000;11352715912;B
20241029;103922;0.637;13000;11352715913;B
20241029;103922;0.637;26000;11352715914;B
20241029;103928;0.637;1000;11352716747;B
20241029;103939;0.637;5000;11352718406;B
20241029;103945;0.6365;1000;11352719068;S
20241029;103946;0.6364;1000;11352719133;S
20241029;103948;0.6369;1000;11352719337;B
20241029;103949;0.6364;2000;11352719418;S
20241029;103951;0.6369;19000;11352719683;B
20241029;103951;0.637;5000;11352719684;B
20241029;103951;0.637;35000;11352719685;B
20241029;103951;0.637;19000;11352719686;B
20241029;103951;0.6374;3000;11352719687;B
20241029;103951;0.6374;8000;11352719688;B
20241029;104002;0.6366;1000;11352721769;B
20241029;104002;0.6366;2000;11352721801;B
20241029;104002;0.6367;179000;11352721802;B
20241029;104002;0.6367;193000;11352721803;B
20241029;104002;0.6367;273000;11352721804;B
20241029;104002;0.6367;328000;11352721805;B
20241029;104002;0.6367;636000;11352721806;B
20241029;104003;0.6367;5000;11352721862;B
20241029;104004;0.6367;50000;11352722135;B
20241029;104005;0.6367;100000;11352722196;B
20241029;104006;0.6367;40000;11352722675;B
20241029;104007;0.6367;2000;11352722725;B
20241029;104008;0.6367;1000;11352722859;B
20241029;104008;0.6367;250000;11352722982;B
20241029;104009;0.6366;3000;11352723165;S
20241029;104010;0.6367;1000;11352723270;B
20241029;104010;0.6366;1000;11352723403;S
20241029;104010;0.6366;1000;11352723406;S
20241029;104014;0.6367;9000;11352724061;B
20241029;104017;0.6367;50000;11352724510;B
20241029;104019;0.6367;30000;11352724828;B
20241029;104021;0.6367;1000;11352725126;B
20241029;104026;0.6366;2000;11352726283;S
20241029;104032;0.6366;93000;11352727262;S
20241029;104032;0.6365;35000;11352727263;S
20241029;104032;0.6364;27000;11352727264;S
20241029;104032;0.6367;71000;11352727348;B
20241029;104035;0.6364;240000;11352728206;S
20241029;104038;0.6365;26000;11352729174;S
20241029;104042;0.6366;5000;11352729827;B
20241029;104049;0.6366;10000;11352731181;S
20241029;104050;0.6367;100000;11352731489;B
20241029;104054;0.6367;1000;11352733492;B
20241029;104100;0.6367;1350000;11352735679;B
20241029;104100;0.6367;28000;11352735680;B
20241029;104100;0.6367;300000;11352735681;B
20241029;104100;0.6367;600000;11352735693;B
20241029;104100;0.6367;73000;11352735694;B
20241029;104100;0.6367;329000;11352735695;B
20241029;104101;0.6376;1000;11352735835;B
20241029;104119;0.6372;1000;11352739353;S
20241029;104119;0.6371;1000;11352739354;S
20241029;104119;0.6367;11000;11352739424;B
20241029;104121;0.6367;10000;11352739839;B
20241029;104125;0.6367;2000;11352740451;B
20241029;104138;0.6367;22000;11352743868;B
20241029;104138;0.6371;30000;11352743869;B
20241029;104138;0.6372;81000;11352743870;B
20241029;104138;0.6373;165000;11352743871;B
20241029;104138;0.6373;81000;11352743872;B
20241029;104138;0.6376;20000;11352743873;B
20241029;104138;0.6376;146000;11352743874;B
20241029;104149;0.6376;1000;11352746773;B
20241029;104151;0.6376;32000;11352747080;B
20241029;104151;0.6376;1000;11352747168;B
20241029;104152;0.6376;1000;11352747404;B
20241029;104154;0.6377;1000;11352747669;B
20241029;104155;0.6376;1000;11352747870;B
20241029;104159;0.6376;121000;11352748674;B
20241029;104159;0.6377;78000;11352748675;B
20241029;104159;0.6376;1000;11352748707;B
20241029;104201;0.6372;1000;11352749045;S
20241029;104201;0.6372;29000;11352749046;S
20241029;104204;0.6372;11000;11352749579;S
20241029;104215;0.6376;69000;11352752307;B
20241029;104215;0.6376;3000;11352752308;B
20241029;104220;0.6376;6000;11352753508;S
20241029;104226;0.6377;1000;11352754586;B
20241029;104227;0.6377;1000;11352754648;B
20241029;104231;0.6377;10000;11352755354;B
20241029;104232;0.6376;22000;11352755657;S
20241029;104232;0.6376;2000;11352755658;S
20241029;104232;0.6376;33000;11352755659;S
20241029;104233;0.6376;22000;11352755963;B
20241029;104235;0.6376;1000;11352756411;B
20241029;104238;0.6376;45000;11352756934;B
20241029;104238;0.6376;192000;11352757009;B
20241029;104238;0.6377;2308000;11352757010;B
20241029;104240;0.6377;4000;11352757383;B
20241029;104243;0.6374;1000;11352757719;S
20241029;104243;0.6374;14000;11352757720;S
20241029;104243;0.6374;21000;11352757786;S
20241029;104243;0.6374;13000;11352757787;S
20241029;104245;0.6377;1000;11352758121;B
20241029;104247;0.6377;100000;11352758317;B
20241029;104247;0.6377;200000;11352758444;B
20241029;104250;0.6377;400000;11352758804;B
20241029;104250;0.6377;271000;11352758805;B
20241029;104251;0.6377;400000;11352759069;B
20241029;104251;0.6377;400000;11352759070;B
20241029;104252;0.6377;50000;11352759219;B
20241029;104252;0.6377;150000;11352759280;B
20241029;104252;0.6377;300000;11352759281;B
20241029;104253;0.6377;100000;11352759327;B
20241029;104253;0.6377;3000;11352759434;B
20241029;104253;0.6377;1000;11352759435;B
20241029;104253;0.6379;46000;11352759436;B
20241029;104253;0.6379;16000;11352759486;B
20241029;104254;0.6379;10000;11352759566;B
20241029;104254;0.6379;50000;11352759571;B
20241029;104254;0.6379;100000;11352759661;B
20241029;104255;0.6379;100000;11352759692;B
20241029;104255;0.6379;10000;11352759694;B
20241029;104255;0.6379;25000;11352759756;B
20241029;104255;0.6379;500000;11352759810;B
20241029;104255;0.6379;50000;11352759819;B
20241029;104255;0.6379;201000;11352759820;B
20241029;104255;0.6379;500000;11352759827;B
20241029;104255;0.6379;210000;11352759828;B
20241029;104255;0.6384;1000;11352759833;B
20241029;104255;0.6386;10000;11352759834;B
20241029;104255;0.6387;4000;11352759835;B
20241029;104255;0.6387;6000;11352759836;B
20241029;104256;0.6387;4000;11352759887;B
20241029;104256;0.6388;66000;11352759900;B
20241029;104301;0.6385;2000;11352760758;B
20241029;104305;0.6384;25000;11352761338;B
20241029;104305;0.6385;18000;11352761339;B
20241029;104305;0.6385;20000;11352761340;B
20241029;104305;0.6385;12000;11352761341;B
20241029;104305;0.6386;25000;11352761342;B
20241029;104307;0.6386;25000;11352761684;B
20241029;104307;0.6387;10000;11352761685;B
20241029;104307;0.6388;224000;11352761686;B
20241029;104307;0.6388;10000;11352761687;B
20241029;104307;0.639;31000;11352761688;B
20241029;104307;0.6394;5000;11352761689;B
20241029;104307;0.6396;2000;11352761690;B
20241029;104307;0.6396;50000;11352761691;B
20241029;104307;0.6397;2000;11352761692;B
20241029;104307;0.6397;2000;11352761693;B
20241029;104307;0.6397;39000;11352761694;B
20241029;104310;0.6389;1000;11352762212;S
20241029;104313;0.6394;5000;11352762919;B
20241029;104313;0.6395;2000;11352762920;B
20241029;104313;0.6395;12000;11352762921;B
20241029;104313;0.6396;24000;11352762922;B
20241029;104313;0.6396;50000;11352762923;B
20241029;104313;0.6396;7000;11352762924;B
20241029;104316;0.6397;171000;11352763327;B
20241029;104316;0.6397;11000;11352763328;B
20241029;104316;0.6398;18000;11352763329;B
20241029;104316;0.639;1000;11352763331;S
20241029;104316;0.639;3000;11352763332;S
20241029;104319;0.6394;1000;11352763784;S
20241029;104319;0.6394;1000;11352763785;S
20241029;104331;0.6394;18000;11352765885;S
20241029;104331;0.6394;2000;11352765886;S
20241029;104333;0.6393;1000;11352766105;B
20241029;104333;0.6393;2000;11352766252;B
20241029;104334;0.6393;1000;11352766411;B
20241029;104336;0.6385;2000;11352766740;S
20241029;104336;0.6385;3000;11352766741;S
20241029;104337;0.6386;2000;11352767031;B
20241029;104339;0.6386;8000;11352767636;B
20241029;104340;0.6387;5000;11352767814;B
20241029;104345;0.6387;4000;11352769786;B
20241029;104354;0.6388;1000;11352772325;B
20241029;104359;0.6388;7000;11352773174;B
20241029;104400;0.6388;2000;11352773259;B
20241029;104401;0.6387;1000;11352773404;S
20241029;104401;0.6386;3000;11352773405;S
20241029;104411;0.6388;6000;11352775516;B
20241029;104413;0.6382;240000;11352776009;S
20241029;104413;0.6382;35000;11352776010;S
20241029;104413;0.6381;5000;11352776011;S
20241029;104413;0.6381;30000;11352776012;S
20241029;104413;0.6381;160000;11352776013;S
20241029;104413;0.638;105000;11352776014;S
20241029;104413;0.6379;31000;11352776015;S
20241029;104413;0.6378;1000;11352776016;S
20241029;104413;0.6378;94000;11352776017;S
20241029;104415;0.6386;1000;11352776429;B
20241029;104420;0.6385;1000;11352777725;B
