<DATE>;<TIME>;<LAST>;<VOL>;<ID>;<OPER>
20241106;095932;3723.5;1;11386004511;S
20241106;095932;3723.5;1;11386004512;S
20241106;095932;3723.5;3;11386004513;B
20241106;095932;3723.5;5;11386004514;B
20241106;095932;3723.5;1;11386004515;B
20241106;095932;3723.5;1;11386004516;B
20241106;095932;3723.5;10;11386004517;B
20241106;095932;3723.5;8;11386004518;B
20241106;095932;3723.5;11;11386004519;B
20241106;095932;3723.5;1;11386004520;B
20241106;095932;3723.5;1;11386004521;S
20241106;095932;3723.5;1;11386004522;S
20241106;095932;3723.5;10;11386004523;B
20241106;095932;3723.5;1;11386004524;B
20241106;095932;3723.5;3;11386004525;B
20241106;095932;3723.5;10;11386004526;B
20241106;095932;3723.5;1;11386004527;S
20241106;095932;3723.5;1;11386004528;B
20241106;095932;3723.5;80;11386004529;B
20241106;095932;3723.5;1;11386004530;S
20241106;095932;3723.5;10;11386004531;B
20241106;095932;3723.5;3;11386004532;B
20241106;095932;3723.5;20;11386004533;B
20241106;095932;3723.5;1;11386004534;S
20241106;095932;3723.5;2;11386004535;B
20241106;095932;3723.5;10;11386004536;B
20241106;095932;3723.5;50;11386004537;S
20241106;095932;3723.5;1;11386004538;B
20241106;095932;3723.5;1;11386004539;S
20241106;095932;3723.5;3;11386004540;B
20241106;095932;3723.5;1;11386004541;S
20241106;095932;3723.5;3;11386004542;B
20241106;095932;3723.5;1;11386004543;S
20241106;095932;3723.5;1;11386004544;S
20241106;095932;3723.5;6;11386004545;S
20241106;095932;3723.5;1;11386004546;S
20241106;095932;3723.5;32;11386004547;B
20241106;095932;3723.5;3;11386004548;B
20241106;095932;3723.5;1;11386004549;S
20241106;095932;3723.5;1;11386004550;S
20241106;095932;3723.5;3;11386004551;S
20241106;095932;3723.5;1;11386004552;S
20241106;095932;3723.5;1;11386004553;S
20241106;095932;3723.5;21;11386004554;S
20241106;095932;3723.5;5;11386004555;B
20241106;095932;3723.5;50;11386004556;S
20241106;095932;3723.5;8;11386004557;B
20241106;095932;3723.5;5;11386004558;B
20241106;095932;3723.5;1;11386004559;B
20241106;095932;3723.5;1;11386004560;B
20241106;095932;3723.5;10;11386004561;B
20241106;095932;3723.5;1;11386004562;S
20241106;095932;3723.5;5;11386004563;B
20241106;095932;3723.5;8;11386004564;B
20241106;095932;3723.5;1;11386004565;B
20241106;095932;3723.5;40;11386004566;B
20241106;095932;3723.5;1;11386004567;B
20241106;095932;3723.5;1;11386004568;B
20241106;095932;3723.5;1;11386004569;B
20241106;095932;3723.5;7;11386004570;S
20241106;095932;3723.5;1;11386004571;B
20241106;095932;3723.5;1;11386004572;S
20241106;095932;3723.5;5;11386004573;S
20241106;095932;3723.5;4;11386004574;S
20241106;095932;3723.5;10;11386004575;S
20241106;095932;3723.5;1;11386004576;S
20241106;095932;3723.5;3;11386004577;S
20241106;095932;3723.5;1;11386004578;S
20241106;095932;3723.5;1;11386004579;S
20241106;095932;3723.5;1;11386004580;S
20241106;095932;3723.5;5;11386004581;S
20241106;095932;3723.5;3;11386004582;S
20241106;095932;3723.5;1;11386004583;S
20241106;095932;3723.5;5;11386004584;S
20241106;095932;3723.5;38;11386004585;S
20241106;095932;3723.5;25;11386004586;S
20241106;095932;3723.5;9;11386004587;S
20241106;095932;3723.5;10;11386004588;S
20241106;095932;3723.5;25;11386004589;S
20241106;095932;3723.5;20;11386004590;S
20241106;095932;3723.5;146;11386004591;B
20241106;095932;3723.5;1;11386004592;B
20241106;095932;3723.5;5;11386004593;B
20241106;095932;3723.5;131;11386004594;B
20241106;095932;3723.5;19;11386004595;B
20241106;095932;3723.5;1;11386004596;B
20241106;095932;3723.5;1;11386004597;B
20241106;095932;3723.5;2;11386004598;B
20241106;095932;3723.5;1;11386004599;B
20241106;095932;3723.5;6;11386004600;B
20241106;095932;3723.5;22;11386004601;B
20241106;095932;3723.5;6;11386004602;B
20241106;095932;3723.5;50;11386004603;B
20241106;095932;3723.5;16;11386004604;B
20241106;095932;3723.5;4;11386004605;B
20241106;095932;3723.5;1;11386004606;B
20241106;095932;3723.5;1;11386004607;B
20241106;095932;3723.5;2;11386004608;S
20241106;095932;3723.5;1;11386004609;S
20241106;095932;3723.5;10;11386004610;S
20241106;095932;3723.5;1;11386004611;S
20241106;095932;3723.5;10;11386004612;S
20241106;095932;3723.5;20;11386004613;B
20241106;095932;3723.5;1;11386004614;S
20241106;095932;3723.5;1;11386004615;S
20241106;095932;3723.5;25;11386004616;S
20241106;095932;3723.5;1;11386004617;B
20241106;095932;3723.5;1;11386004618;S
20241106;095932;3723.5;31;11386004619;S
20241106;095932;3723.5;17;11386004620;S
20241106;095932;3723.5;4;11386004621;S
20241106;095932;3723.5;19;11386004622;S
20241106;095932;3723.5;37;11386004623;S
20241106;095932;3723.5;6;11386004624;B
20241106;095932;3723.5;1;11386004625;B
20241106;095932;3723.5;10;11386004626;B
20241106;095932;3723.5;5;11386004627;B
20241106;095932;3723.5;2;11386004628;B
20241106;095932;3723.5;1;11386004629;B
20241106;095932;3723.5;2;11386004630;B
20241106;095932;3723.5;50;11386004631;B
20241106;095932;3723.5;10;11386004632;B
20241106;095932;3723.5;1;11386004633;B
20241106;095932;3723.5;50;11386004634;B
20241106;095932;3723.5;1;11386004635;B
20241106;095932;3723.5;7;11386004636;B
20241106;095932;3723.5;100;11386004637;B
20241106;095932;3723.5;25;11386004638;B
20241106;095932;3723.5;1;11386004639;B
20241106;095932;3723.5;20;11386004640;B
20241106;095932;3723.5;50;11386004641;B
20241106;095932;3723.5;1;11386004642;B
20241106;095932;3723.5;1;11386004643;B
20241106;095932;3723.5;207;11386004644;B
20241106;095932;3723.5;1;11386004645;B
20241106;095932;3723.5;1;11386004646;B
20241106;095932;3723.5;70;11386004647;S
20241106;095932;3723.5;20;11386004648;B
20241106;095932;3723.5;3;11386004649;B
20241106;095932;3723.5;1;11386004650;B
20241106;095932;3723.5;20;11386004651;B
20241106;095932;3723.5;5;11386004652;B
20241106;095932;3723.5;100;11386004653;S
20241106;095932;3723.5;27;11386004654;B
20241106;095932;3723.5;45;11386004655;B
20241106;095932;3723.5;898;11386004656;B
20241106;095932;3723.5;1;11386004657;B
20241106;095932;3723.5;100;11386004658;B
20241106;095932;3723.5;50;11386004659;B
20241106;095932;3723.5;1;11386004660;B
20241106;095932;3723.5;1;11386004661;B
20241106;095932;3723.5;1;11386004662;B
20241106;095932;3723.5;1;11386004663;B
20241106;095932;3723.5;7;11386004664;B
20241106;095932;3723.5;90;11386004665;B
20241106;095932;3723.5;2;11386004666;B
20241106;095932;3723.5;1;11386004667;B
20241106;095932;3723.5;75;11386004668;B
20241106;095932;3723.5;20;11386004669;B
20241106;095932;3723.5;5;11386004670;B
20241106;095932;3723.5;1;11386004671;B
20241106;095932;3723.5;25;11386004672;B
20241106;095932;3723.5;176;11386004673;B
20241106;095932;3723.5;81;11386004674;B
20241106;095932;3723.5;2;11386004675;S
20241106;095932;3723.5;2;11386004676;S
20241106;095932;3723.5;50;11386004677;S
20241106;095932;3723.5;20;11386004678;B
20241106;095932;3723.5;16;11386004679;B
20241106;095932;3723.5;1;11386004680;S
20241106;095932;3723.5;1;11386004681;S
20241106;095932;3723.5;1;11386004682;S
20241106;095932;3723.5;10;11386004683;S
20241106;095932;3723.5;1;11386004684;S
20241106;095932;3723.5;2;11386004685;S
20241106;095932;3723.5;2;11386004686;S
20241106;095932;3723.5;4;11386004687;S
20241106;095932;3723.5;6;11386004688;S
20241106;095932;3723.5;4;11386004689;S
20241106;095932;3723.5;6;11386004690;B
20241106;095932;3723.5;21;11386004691;B
20241106;095932;3723.5;2;11386004692;B
20241106;095932;3723.5;10;11386004693;S
20241106;095932;3723.5;10;11386004694;S
20241106;095932;3723.5;30;11386004695;S
20241106;095932;3723.5;25;11386004696;B
20241106;095932;3723.5;2;11386004697;B
20241106;095932;3723.5;5;11386004698;B
20241106;095932;3723.5;1;11386004699;B
20241106;100000;3723;10;11386019511;S
20241106;100000;3724;23;11386019681;B
20241106;100000;3724;1;11386019686;B
20241106;100000;3724;7;11386019690;B
20241106;100000;3724;2;11386019693;B
20241106;100000;3724;1;11386019708;B
20241106;100000;3723.5;10;11386019724;S
20241106;100000;3724;2;11386019757;B
20241106;100000;3724;6;11386019758;B
20241106;100000;3723.5;20;11386019795;S
20241106;100000;3723.5;100;11386019966;S
20241106;100000;3724;1;11386019993;B
20241106;100000;3723.5;1;11386020067;S
20241106;100000;3723.5;10;11386020156;S
20241106;100000;3723.5;12;11386020219;S
20241106;100000;3723;88;11386020220;S
20241106;100000;3723;10;11386020294;S
20241106;100000;3723.5;9;11386020356;S
20241106;100000;3724.5;6;11386020392;B
20241106;100000;3724;60;11386020516;B
20241106;100000;3724;60;11386020517;B
20241106;100000;3724;60;11386020518;B
20241106;100000;3724;60;11386020519;B
20241106;100000;3724;60;11386020520;B
20241106;100000;3724.5;9;11386020521;B
20241106;100000;3724.5;15;11386020522;B
20241106;100000;3725;2;11386020523;B
20241106;100000;3725;9;11386020524;B
20241106;100000;3725;9;11386020525;B
20241106;100000;3725;26;11386020526;B
20241106;100000;3725;15;11386020527;B
20241106;100000;3725;31;11386020528;B
20241106;100000;3725.5;84;11386020529;B
20241106;100000;3723.5;10;11386020555;S
20241106;100000;3725.5;59;11386020578;B
20241106;100000;3725.5;1;11386020579;B
20241106;100000;3724.5;22;11386020730;B
20241106;100000;3725;2;11386020768;B
20241106;100000;3723.5;4;11386020847;S
20241106;100000;3723.5;6;11386020848;S
20241106;100000;3726;1;11386020897;B
20241106;100000;3725.5;55;11386020932;B
20241106;100000;3726;5;11386020933;B
20241106;100000;3726;1;11386020967;B
20241106;100000;3724;1;11386020972;S
20241106;100000;3726;8;11386020988;B
20241106;100000;3726.5;2;11386020989;B
20241106;100000;3726.5;1;11386021015;B
20241106;100000;3726.5;10;11386021035;B
20241106;100000;3726;15;11386021045;B
20241106;100000;3726.5;8;11386021046;B
20241106;100000;3726.5;4;11386021060;B
20241106;100000;3727;5;11386021091;B
20241106;100000;3727.5;20;11386021096;B
20241106;100000;3728;2;11386021097;B
20241106;100001;3728;23;11386021256;S
20241106;100001;3727.5;15;11386021257;S
20241106;100001;3727.5;12;11386021258;S
20241106;100001;3728.5;1;11386021315;B
20241106;100001;3728.5;1;11386021374;S
20241106;100001;3728.5;1;11386021388;S
20241106;100001;3729;9;11386021418;B
20241106;100001;3729;20;11386021419;B
20241106;100001;3729;10;11386021420;B
20241106;100001;3729.5;55;11386021435;B
20241106;100001;3729.5;5;11386021460;B
20241106;100001;3729.5;35;11386021461;B
20241106;100001;3728.5;38;11386021475;S
20241106;100001;3728.5;7;11386021476;S
20241106;100001;3729;15;11386021484;B
20241106;100001;3729;14;11386021501;B
20241106;100001;3729;40;11386021502;B
20241106;100001;3728.5;1;11386021518;S
20241106;100001;3728.5;1;11386021529;S
20241106;100001;3729;31;11386021620;B
20241106;100001;3729;29;11386021621;B
20241106;100001;3729.5;1;11386021662;B
20241106;100001;3729.5;40;11386021702;B
20241106;100001;3729;5;11386021710;S
20241106;100001;3729;15;11386021772;S
20241106;100001;3729.5;19;11386021799;B
20241106;100001;3729.5;20;11386021913;S
20241106;100001;3729.5;1;11386021954;S
20241106;100001;3729.5;15;11386021955;S
20241106;100001;3729.5;47;11386021956;S
20241106;100001;3729.5;23;11386021957;S
20241106;100001;3729;10;11386021958;S
20241106;100001;3729;4;11386021959;S
20241106;100001;3729.5;23;11386022084;S
20241106;100001;3729.5;40;11386022085;S
20241106;100001;3729;11;11386022086;S
20241106;100001;3729;24;11386022087;S
20241106;100001;3729;16;11386022118;S
20241106;100001;3728.5;14;11386022119;S
20241106;100001;3730;1;11386022333;B
20241106;100001;3730;5;11386022334;B
20241106;100001;3730;1;11386022335;B
20241106;100001;3730;12;11386022336;B
20241106;100001;3730;21;11386022337;B
20241106;100001;3729;5;11386022371;S
20241106;100001;3729.5;1;11386022443;S
20241106;100001;3730;9;11386022492;B
20241106;100001;3730;16;11386022493;B
20241106;100001;3730;5;11386022598;B
20241106;100001;3730;5;11386022695;B
20241106;100001;3730;1;11386022696;B
20241106;100001;3730;1;11386022697;B
20241106;100001;3730;1;11386022701;B
20241106;100001;3730;2;11386022702;B
20241106;100001;3730;25;11386022874;B
20241106;100001;3730;40;11386022878;B
20241106;100001;3730;40;11386022891;B
20241106;100002;3730;50;11386023025;B
20241106;100002;3730;40;11386023100;B
20241106;100002;3730;3;11386023172;B
20241106;100002;3730;13;11386023173;B
20241106;100002;3730.5;40;11386023204;B
20241106;100002;3730.5;10;11386023205;B
20241106;100002;3732.5;5;11386023274;B
20241106;100002;3732.5;20;11386023275;B
20241106;100002;3733;5;11386023290;B
20241106;100002;3733;15;11386023291;B
20241106;100002;3733.5;1;11386023292;B
20241106;100002;3733.5;15;11386023293;B
20241106;100002;3733.5;11;11386023294;B
20241106;100002;3734;10;11386023295;B
20241106;100002;3734;15;11386023296;B
20241106;100002;3734;11;11386023297;B
20241106;100002;3734.5;15;11386023298;B
20241106;100002;3734.5;52;11386023299;B
20241106;100002;3732.5;15;11386023539;S
20241106;100002;3732;47;11386023540;S
20241106;100002;3734.5;1;11386023666;B
20241106;100002;3734.5;1;11386023723;B
20241106;100002;3733;15;11386024140;S
20241106;100002;3732.5;7;11386024141;S
20241106;100002;3732.5;8;11386024159;S
20241106;100002;3732.5;5;11386024160;S
20241106;100002;3733;1;11386024398;S
20241106;100002;3733;2;11386024433;S
20241106;100002;3733;10;11386024451;S
20241106;100002;3733.5;4;11386024670;B
20241106;100002;3733.5;10;11386024676;B
20241106;100002;3733.5;6;11386024686;B
20241106;100002;3734;15;11386024687;B
20241106;100002;3734.5;4;11386024688;B
20241106;100002;3732.5;1;11386024693;S
20241106;100003;3734;5;11386025301;B
20241106;100003;3734.5;20;11386025302;B
20241106;100003;3734.5;5;11386025303;B
20241106;100003;3735;1;11386025315;B
20241106;100003;3735;25;11386025346;B
20241106;100003;3733;1;11386025368;S
20241106;100003;3735;25;11386025389;B
20241106;100003;3735.5;15;11386025390;B
20241106;100003;3736;15;11386025391;B
20241106;100003;3736.5;15;11386025392;B
20241106;100003;3736.5;23;11386025393;B
20241106;100003;3737;15;11386025394;B
20241106;100003;3737.5;3;11386025395;B
20241106;100003;3734;1;11386025437;S
20241106;100003;3737;2;11386025530;B
20241106;100003;3736;2;11386025598;B
20241106;100003;3736.5;14;11386025900;B
20241106;100003;3736.5;1;11386025961;B
20241106;100003;3736.5;16;11386026325;B
20241106;100003;3737.5;9;11386026326;B
20241106;100003;3737.5;1;11386026468;B
20241106;100004;3734.5;15;11386026477;S
20241106;100004;3734.5;3;11386026478;S
20241106;100004;3737.5;14;11386026517;B
20241106;100004;3737.5;36;11386026518;B
20241106;100004;3736.5;5;11386026733;B
20241106;100004;3737;7;11386026734;B
20241106;100004;3737;2;11386027321;S
20241106;100004;3737;2;11386027335;S
20241106;100005;3737;16;11386027493;S
20241106;100005;3736.5;4;11386027494;S
20241106;100005;3736.5;11;11386027496;S
20241106;100005;3736;20;11386027523;S
20241106;100005;3736;15;11386027524;S
20241106;100005;3735;15;11386027545;S
20241106;100005;3734.5;5;11386027546;S
20241106;100005;3735;15;11386027572;S
20241106;100005;3734.5;5;11386027573;S
20241106;100005;3734.5;5;11386027574;S
20241106;100005;3733.5;20;11386027731;S
20241106;100005;3733.5;1;11386028306;S
20241106;100005;3733;1;11386028358;S
20241106;100005;3733;10;11386028392;S
20241106;100005;3733;3;11386028393;S
20241106;100005;3733;17;11386028394;S
20241106;100005;3733;6;11386028395;S
20241106;100005;3733;24;11386028396;S
20241106;100005;3733;16;11386028403;S
20241106;100005;3733;13;11386028407;B
20241106;100005;3733;20;11386028408;S
20241106;100005;3734;20;11386028410;B
20241106;100005;3732.5;40;11386028412;S
20241106;100005;3732.5;15;11386028413;S
20241106;100005;3732;15;11386028414;S
20241106;100005;3732;20;11386028415;S
20241106;100005;3732;23;11386028416;S
20241106;100005;3731.5;15;11386028417;S
20241106;100005;3731;15;11386028418;S
20241106;100005;3731;163;11386028419;S
20241106;100005;3730.5;15;11386028420;S
20241106;100005;3730;5;11386028421;S
20241106;100005;3730;16;11386028422;S
20241106;100005;3730;15;11386028423;S
20241106;100005;3729.5;39;11386028424;S
20241106;100005;3729.5;15;11386028425;S
20241106;100005;3729;15;11386028426;S
20241106;100005;3728.5;15;11386028427;S
20241106;100005;3728;40;11386028428;S
20241106;100005;3728;15;11386028429;S
20241106;100005;3727.5;50;11386028430;S
20241106;100005;3727.5;60;11386028431;S
20241106;100005;3726;5;11386028432;S
20241106;100005;3726;20;11386028433;S
20241106;100005;3725.5;55;11386028434;S
20241106;100005;3725;50;11386028435;S
20241106;100005;3725;1;11386028436;S
20241106;100005;3724.5;33;11386028437;S
20241106;100005;3725.5;7;11386028448;S
20241106;100005;3731.5;6;11386028588;S
20241106;100005;3731.5;1;11386028622;S
20241106;100005;3732.5;37;11386029037;B
20241106;100006;3732.5;15;11386029545;B
20241106;100006;3733;12;11386029757;B
20241106;100006;3733;50;11386029758;B
20241106;100006;3733.5;15;11386029759;B
20241106;100006;3734;31;11386029760;B
20241106;100006;3734;15;11386029761;B
20241106;100006;3734.5;15;11386029762;B
20241106;100006;3735;15;11386029763;B
20241106;100006;3735;23;11386029764;B
20241106;100006;3735;287;11386029772;S
20241106;100006;3735.5;1;11386029926;B
20241106;100006;3735.5;10;11386029944;B
20241106;100006;3735;1;11386030114;S
20241106;100006;3735;1;11386030391;S
20241106;100006;3735.5;45;11386030409;B
20241106;100006;3735;20;11386030427;S
20241106;100006;3735;15;11386030428;S
20241106;100006;3734;15;11386030433;S
20241106;100006;3733.5;5;11386030434;S
20241106;100006;3735;5;11386030460;B
20241106;100006;3735;15;11386030461;B
20241106;100006;3735;10;11386030462;B
20241106;100006;3734.5;20;11386030470;B
20241106;100006;3733;15;11386030826;S
20241106;100006;3733;1;11386031177;S
20241106;100006;3734;1;11386031270;B
20241106;100006;3733.5;1;11386031293;B
20241106;100006;3733.5;3;11386031309;B
20241106;100006;3734;8;11386031318;B
20241106;100006;3735;15;11386031319;B
20241106;100006;3735.5;1;11386031320;B
20241106;100006;3735.5;15;11386031321;B
20241106;100006;3736;15;11386031322;B
20241106;100006;3736.5;15;11386031323;B
20241106;100006;3736.5;71;11386031324;B
20241106;100007;3733;2;11386031497;S
20241106;100007;3733.5;1;11386031568;B
20241106;100007;3733.5;1;11386031653;B
20241106;100007;3733.5;1;11386031870;B
20241106;100007;3733.5;1;11386031872;B
20241106;100007;3733.5;46;11386031883;B
20241106;100007;3735;4;11386031884;B
20241106;100007;3735;20;11386031942;B
20241106;100007;3736.5;15;11386031987;B
20241106;100007;3736.5;30;11386031988;B
20241106;100007;3737;15;11386031989;B
20241106;100007;3737;23;11386031990;B
20241106;100007;3737;17;11386031991;B
20241106;100007;3735.5;1;11386032007;B
20241106;100007;3734;15;11386032026;S
20241106;100007;3734;21;11386032027;S
20241106;100007;3737;5;11386032601;B
20241106;100007;3735;20;11386032667;S
20241106;100007;3735;6;11386032668;S
20241106;100007;3735;14;11386032669;S
20241106;100007;3735.5;15;11386032671;S
20241106;100007;3735;5;11386032672;S
20241106;100007;3735;10;11386032674;S
20241106;100007;3735;10;11386032675;S
20241106;100007;3735.5;15;11386032682;S
20241106;100007;3735;5;11386032683;S
20241106;100007;3734.5;15;11386032686;S
20241106;100007;3734;5;11386032687;S
20241106;100007;3734;15;11386032688;S
20241106;100007;3734;5;11386032694;B
20241106;100007;3733.5;15;11386032704;S
20241106;100007;3733.5;5;11386032705;S
20241106;100007;3734;2;11386032707;B
20241106;100007;3733.5;20;11386032723;S
20241106;100007;3734;8;11386032740;S
20241106;100007;3734;7;11386032741;S
20241106;100007;3733.5;3;11386032742;S
20241106;100007;3733.5;2;11386032743;S
20241106;100007;3733.5;13;11386032775;S
20241106;100007;3733.5;7;11386032776;B
20241106;100007;3735;20;11386032791;B
20241106;100007;3736;15;11386032792;B
20241106;100007;3736;4;11386032793;B
20241106;100007;3736;5;11386032794;B
20241106;100007;3733.5;16;11386032795;S
20241106;100007;3733.5;4;11386032796;B
20241106;100007;3736;2;11386032878;B
20241106;100007;3736;20;11386032889;B
20241106;100007;3736;15;11386032898;B
20241106;100007;3734;8;11386032995;S
20241106;100007;3735;1;11386033341;B
20241106;100007;3735;3;11386033505;B
20241106;100007;3735;5;11386033512;B
20241106;100007;3735;3;11386033763;B
20241106;100007;3735.5;1;11386033871;B
20241106;100007;3735.5;2;11386033880;B
20241106;100008;3735.5;17;11386034326;B
20241106;100008;3736;55;11386034327;B
20241106;100008;3736.5;30;11386034328;B
20241106;100008;3737;30;11386034329;B
20241106;100008;3737;23;11386034330;B
20241106;100008;3737;20;11386034335;S
20241106;100008;3737;20;11386034337;S
20241106;100008;3737.5;3;11386034345;B
20241106;100008;3737;20;11386034346;S
20241106;100008;3737.5;15;11386034347;B
20241106;100008;3737;20;11386034348;S
20241106;100008;3737;15;11386034350;S
20241106;100008;3737;5;11386034351;S
20241106;100008;3737;34;11386034810;B
20241106;100008;3737.5;55;11386034811;B
20241106;100008;3738;3;11386034812;B
20241106;100008;3738;30;11386034813;B
20241106;100008;3738;15;11386034814;B
20241106;100008;3738;13;11386034815;B
20241106;100008;3738;1;11386034861;B
20241106;100008;3738.5;1;11386034869;B
20241106;100008;3738.5;1;11386034870;B
20241106;100008;3738;10;11386034990;B
20241106;100008;3737;2;11386035307;B
20241106;100008;3737;5;11386035332;B
20241106;100009;3736;1;11386036509;S
20241106;100009;3737;3;11386036633;B
20241106;100009;3737.5;15;11386036634;B
20241106;100009;3738;5;11386036635;B
20241106;100009;3738.5;29;11386036636;B
20241106;100009;3738.5;15;11386036637;B
20241106;100009;3739;8;11386036638;B
20241106;100009;3739;15;11386036753;B
20241106;100009;3739;2;11386036754;B
20241106;100009;3739.5;30;11386036755;B
20241106;100009;3739.5;15;11386036756;B
20241106;100009;3740;5;11386036757;B
20241106;100009;3740;1;11386036758;B
20241106;100009;3740;1;11386036759;B
20241106;100009;3740;30;11386036760;B
20241106;100009;3740;15;11386036761;B
20241106;100009;3740;20;11386036762;B
20241106;100009;3740.5;30;11386036763;B
20241106;100009;3740.5;15;11386036764;B
20241106;100009;3741;15;11386036765;B
20241106;100009;3741;30;11386036766;B
20241106;100009;3741;60;11386036767;B
20241106;100009;3741.5;15;11386036768;B
20241106;100009;3741.5;30;11386036769;B
20241106;100009;3741.5;40;11386036770;B
20241106;100009;3742;30;11386036771;B
20241106;100009;3742;15;11386036772;B
20241106;100009;3742.5;60;11386036773;B
20241106;100009;3742.5;30;11386036774;B
20241106;100009;3742.5;60;11386036775;B
20241106;100009;3742.5;15;11386036776;B
20241106;100009;3743;100;11386036777;B
20241106;100009;3743;3;11386036778;B
20241106;100009;3743;40;11386036779;B
20241106;100009;3743;30;11386036780;B
20241106;100009;3743;15;11386036781;B
20241106;100009;3743.5;1;11386036782;B
20241106;100009;3743.5;40;11386036783;B
20241106;100009;3743.5;30;11386036784;B
20241106;100009;3743.5;15;11386036785;B
20241106;100009;3744;20;11386036786;B
20241106;100009;3744;6;11386036787;B
20241106;100009;3744;1;11386036788;B
20241106;100009;3744;30;11386036789;B
20241106;100009;3744.5;60;11386036790;B
20241106;100009;3745;40;11386036791;B
20241106;100009;3745;10;11386036792;B
20241106;100009;3745;25;11386036793;B
20241106;100009;3745;30;11386036794;B
20241106;100009;3745.5;40;11386036795;B
20241106;100009;3746;2;11386036796;B
20241106;100009;3746;2;11386036797;B
20241106;100009;3746;93;11386036798;B
20241106;100009;3747.5;60;11386036799;B
20241106;100009;3747.5;55;11386036800;B
20241106;100009;3748;7;11386036801;B
20241106;100009;3739;8;11386036820;B
20241106;100009;3739;48;11386036823;B
20241106;100009;3744.5;2;11386036842;B
20241106;100009;3740.5;15;11386036843;S
20241106;100009;3740;6;11386036845;S
20241106;100009;3740;4;11386036846;S
20241106;100009;3740;10;11386036847;S
20241106;100009;3740.5;5;11386036850;B
20241106;100009;3741.5;15;11386036851;S
20241106;100009;3741.5;10;11386036859;S
20241106;100009;3741.5;6;11386036863;B
20241106;100009;3741.5;4;11386036864;B
20241106;100009;3741.5;4;11386036867;S
20241106;100009;3741.5;16;11386036868;B
20241106;100009;3742;15;11386036876;S
20241106;100009;3741.5;5;11386036878;B
20241106;100009;3740.5;20;11386036893;S
20241106;100009;3741;12;11386036901;S
20241106;100009;3740.5;15;11386036913;S
20241106;100009;3740;15;11386036914;S
20241106;100009;3740;20;11386036915;S
20241106;100009;3740;1;11386037086;S
20241106;100009;3740;2;11386037128;S
20241106;100009;3740;2;11386037136;S
20241106;100009;3740;2;11386037137;S
20241106;100009;3740;2;11386037141;S
20241106;100009;3740;2;11386037142;S
20241106;100009;3740;4;11386037206;S
20241106;100009;3740;30;11386037207;S
20241106;100009;3739.5;15;11386037208;S
20241106;100009;3739.5;1;11386037209;S
20241106;100009;3743;10;11386037300;B
20241106;100009;3740.5;2;11386037326;S
20241106;100009;3740;15;11386037341;S
20241106;100009;3739.5;29;11386037342;S
20241106;100009;3739.5;15;11386037343;S
20241106;100009;3739;15;11386037344;S
20241106;100009;3739;26;11386037345;S
20241106;100009;3742;2;11386037537;B
20241106;100009;3739.5;1;11386037568;B
20241106;100009;3740.5;1;11386037569;B
20241106;100009;3741;15;11386037593;B
20241106;100009;3741.5;2;11386037594;B
20241106;100009;3741;15;11386037657;B
20241106;100009;3741.5;15;11386037658;B
20241106;100009;3739;2;11386037669;S
20241106;100009;3741;5;11386037686;B
20241106;100009;3741;5;11386037692;B
20241106;100009;3744;1;11386038071;B
20241106;100009;3744;1;11386038077;B
20241106;100009;3744;13;11386038078;B
20241106;100009;3744.5;2;11386038079;B
20241106;100009;3744.5;5;11386038080;B
20241106;100009;3744.5;1;11386038082;B
20241106;100010;3744;10;11386038535;B
20241106;100010;3744;4;11386038958;B
20241106;100010;3744;1;11386039024;B
20241106;100010;3744.5;1;11386039025;B
20241106;100010;3744;1;11386039056;B
20241106;100010;3741.5;15;11386039108;S
20241106;100010;3741;15;11386039109;S
20241106;100010;3741;30;11386039110;S
20241106;100010;3740.5;30;11386039111;S
20241106;100010;3740.5;15;11386039112;S
20241106;100010;3740.5;2;11386039113;S
20241106;100010;3740.5;2;11386039114;S
20241106;100010;3740;15;11386039115;S
20241106;100010;3740;30;11386039116;S
20241106;100010;3739.5;15;11386039117;S
20241106;100010;3739.5;30;11386039118;S
20241106;100010;3739;1;11386039119;S
20241106;100010;3742;5;11386039140;B
20241106;100010;3742.5;15;11386039324;B
20241106;100010;3742.5;15;11386039332;B
20241106;100010;3743;5;11386039333;B
20241106;100010;3743;3;11386039342;B
20241106;100010;3740.5;15;11386039371;S
20241106;100010;3740.5;30;11386039372;S
20241106;100010;3740;15;11386039373;S
20241106;100010;3740;30;11386039374;S
20241106;100010;3739.5;15;11386039375;S
20241106;100010;3739.5;30;11386039376;S
20241106;100010;3739;12;11386039377;S
20241106;100010;3739;30;11386039378;S
20241106;100010;3738.5;13;11386039379;S
20241106;100010;3743;7;11386039385;B
20241106;100010;3743.5;12;11386039386;B
20241106;100010;3741.5;15;11386039593;B
20241106;100010;3742;15;11386039594;B
20241106;100010;3742;9;11386039595;B
20241106;100010;3740.5;15;11386039708;B
20241106;100010;3741;55;11386039709;B
20241106;100010;3741;15;11386039710;B
20241106;100010;3741;30;11386039711;B
20241106;100010;3741.5;15;11386039712;B
20241106;100010;3741.5;10;11386039713;B
20241106;100010;3741.5;30;11386039714;B
20241106;100010;3742;21;11386039715;B
20241106;100010;3742;15;11386039716;B
20241106;100010;3742;8;11386039717;B
20241106;100010;3742.5;15;11386039718;B
20241106;100010;3742.5;50;11386039719;B
20241106;100010;3742.5;30;11386039720;B
20241106;100010;3743;30;11386039721;B
20241106;100010;3743;15;11386039722;B
20241106;100010;3743.5;3;11386039723;B
20241106;100010;3743.5;30;11386039724;B
20241106;100010;3744;14;11386039725;B
20241106;100010;3744;30;11386039726;B
20241106;100010;3744.5;15;11386039727;B
20241106;100010;3744.5;30;11386039728;B
20241106;100010;3745;15;11386039729;B
20241106;100010;3745;30;11386039730;B
20241106;100010;3745.5;30;11386039731;B
20241106;100010;3746;20;11386039732;B
20241106;100010;3747.5;60;11386039733;B
20241106;100010;3747.5;4;11386039734;B
20241106;100010;3747.5;60;11386039735;B
20241106;100010;3747.5;60;11386039736;B
20241106;100010;3747.5;60;11386039737;B
20241106;100010;3748;185;11386039738;B
20241106;100010;3741.5;1;11386039752;S
20241106;100010;3744;1;11386039793;B
20241106;100010;3743.5;17;11386039889;B
20241106;100010;3743.5;9;11386039920;B
20241106;100010;3743.5;7;11386039922;B
20241106;100010;3743.5;22;11386039923;B
20241106;100010;3743.5;15;11386039924;B
20241106;100010;3743.5;8;11386039925;B
20241106;100010;3743.5;8;11386039926;B
20241106;100010;3743.5;6;11386039974;B
20241106;100010;3744;9;11386039975;B
20241106;100010;3742.5;3;11386039984;S
20241106;100011;3744;1;11386040136;B
20241106;100011;3742.5;8;11386040148;S
20241106;100011;3744;1;11386040229;B
20241106;100011;3744.5;9;11386040376;S
20241106;100011;3744.5;6;11386040752;S
20241106;100011;3744;5;11386040753;S
20241106;100011;3744;2;11386040754;S
20241106;100011;3744;7;11386040767;S
20241106;100011;3744;5;11386040768;S
20241106;100011;3744;1;11386040817;S
20241106;100011;3743.5;12;11386040818;S
20241106;100011;3744;7;11386040822;S
20241106;100011;3744;2;11386040823;S
20241106;100011;3744;6;11386040824;S
20241106;100011;3745;15;11386040989;B
20241106;100011;3745;16;11386040990;B
20241106;100012;3742.5;4;11386041756;S
20241106;100012;3742;16;11386041757;S
20241106;100012;3742.5;15;11386041930;S
20241106;100012;3744.5;15;11386042038;B
20241106;100012;3745;10;11386042039;B
20241106;100012;3742.5;15;11386042051;S
20241106;100012;3742;2;11386042164;S
20241106;100012;3744.5;15;11386042374;B
20241106;100013;3742;10;11386042501;S
20241106;100013;3742;2;11386042506;S
20241106;100013;3741.5;15;11386042574;S
20241106;100013;3743;3;11386042906;B
20241106;100014;3741;15;11386043267;S
20241106;100014;3740.5;15;11386043268;S
20241106;100014;3740.5;30;11386043269;S
20241106;100014;3740;30;11386043270;S
20241106;100014;3740;15;11386043271;S
20241106;100014;3739.5;30;11386043272;S
20241106;100014;3739.5;15;11386043273;S
20241106;100014;3739;30;11386043274;S
20241106;100014;3739;15;11386043275;S
20241106;100014;3739;16;11386043276;S
20241106;100014;3738.5;30;11386043277;S
20241106;100014;3738.5;9;11386043278;S
20241106;100014;3739;1;11386043590;B
20241106;100015;3738.5;10;11386044306;B
20241106;100015;3738;2;11386044422;S
20241106;100015;3739.5;15;11386044503;B
20241106;100015;3739.5;34;11386044504;B
20241106;100015;3740;15;11386044505;B
20241106;100015;3740;30;11386044506;B
20241106;100015;3740.5;15;11386044507;B
20241106;100015;3740.5;30;11386044508;B
20241106;100015;3741;15;11386044509;B
20241106;100015;3741;30;11386044510;B
20241106;100015;3741.5;15;11386044511;B
20241106;100015;3741.5;30;11386044512;B
20241106;100015;3741.5;16;11386044513;B
20241106;100015;3742;15;11386044514;B
20241106;100015;3742;30;11386044515;B
20241106;100015;3742.5;10;11386044516;B
20241106;100015;3742;15;11386044538;B
20241106;100015;3742.5;5;11386044539;B
20241106;100015;3742.5;20;11386044540;B
20241106;100015;3742.5;1;11386044579;B
20241106;100015;3740;3;11386044589;S
20241106;100015;3742.5;21;11386044592;B
20241106;100015;3743;15;11386044593;B
20241106;100015;3743.5;20;11386044594;B
20241106;100015;3743.5;15;11386044595;B
20241106;100015;3744;15;11386044596;B
20241106;100015;3744;55;11386044597;B
20241106;100015;3744.5;59;11386044598;B
20241106;100015;3742;2;11386044718;S
20241106;100016;3741.5;2;11386045189;S
20241106;100016;3743.5;10;11386045320;B
20241106;100016;3743.5;16;11386045375;B
20241106;100016;3743.5;2;11386045376;B
20241106;100016;3741.5;1;11386045484;S
20241106;100016;3741.5;1;11386045503;S
20241106;100016;3741.5;5;11386045525;S
20241106;100017;3741.5;6;11386045939;S
20241106;100017;3741;15;11386045940;S
20241106;100017;3741;30;11386045941;S
20241106;100017;3740.5;26;11386045942;S
20241106;100017;3742;9;11386046331;S
20241106;100017;3742;4;11386046332;S
20241106;100017;3741;13;11386046353;S
20241106;100017;3741;2;11386046354;S
20241106;100017;3740.5;4;11386046355;S
20241106;100017;3740.5;1;11386046356;S
20241106;100017;3740.5;14;11386046361;S
20241106;100017;3740;6;11386046362;S
20241106;100017;3740;6;11386046363;S
20241106;100017;3740;13;11386046364;S
20241106;100017;3742;10;11386046368;B
20241106;100017;3742;1;11386046369;B
20241106;100017;3742;4;11386046374;B
20241106;100017;3742.5;1;11386046375;B
20241106;100017;3742.5;1;11386046378;B
20241106;100017;3740.5;10;11386046503;S
20241106;100017;3740.5;5;11386046507;S
20241106;100017;3740;15;11386046508;S
20241106;100017;3740.5;15;11386046512;S
20241106;100017;3740;2;11386046513;S
20241106;100017;3740;13;11386046514;S
20241106;100017;3740;2;11386046603;S
20241106;100017;3740;8;11386046604;S
20241106;100018;3741;6;11386047130;S
20241106;100018;3743;4;11386047546;B
20241106;100018;3744;17;11386047638;B
20241106;100019;3743;4;11386047698;S
20241106;100019;3742.5;17;11386047699;S
20241106;100019;3742.5;4;11386047700;S
20241106;100019;3744;8;11386047730;B
20241106;100019;3741;1;11386047756;S
20241106;100019;3740.5;10;11386047810;S
20241106;100019;3740.5;5;11386047811;S
20241106;100019;3740.5;1;11386047814;S
20241106;100019;3741;1;11386047839;B
20241106;100019;3741.5;5;11386047840;B
20241106;100020;3740.5;20;11386049058;B
20241106;100020;3740.5;1;11386049059;B
20241106;100020;3741;15;11386049213;B
20241106;100020;3741.5;5;11386049214;B
20241106;100020;3741.5;10;11386049215;B
20241106;100020;3741.5;15;11386049216;B
20241106;100020;3742;17;11386049217;B
20241106;100020;3742;3;11386049218;B
20241106;100020;3742;12;11386049219;B
20241106;100020;3741.5;6;11386049378;B
20241106;100020;3740;10;11386049534;S
20241106;100020;3740;15;11386049535;S
20241106;100020;3739.5;9;11386049536;S
20241106;100020;3741;2;11386049565;B
20241106;100020;3741;11;11386049566;B
20241106;100021;3740;3;11386049827;S
20241106;100021;3740;5;11386049908;S
20241106;100021;3741;3;11386049929;B
20241106;100021;3741;9;11386049930;B
20241106;100021;3741.5;2;11386049999;B
20241106;100021;3740;9;11386050410;S
20241106;100021;3740;2;11386050422;S
20241106;100021;3740;2;11386050440;S
20241106;100021;3740;2;11386050441;S
20241106;100022;3740;10;11386050670;S
20241106;100022;3738.5;7;11386050829;S
20241106;100022;3737.5;5;11386050860;S
20241106;100022;3737.5;10;11386050897;S
20241106;100022;3737.5;27;11386050911;B
20241106;100022;3737.5;6;11386050912;B
20241106;100022;3739;1;11386051038;B
20241106;100022;3737.5;2;11386051081;S
20241106;100023;3737.5;2;11386051252;B
20241106;100023;3737.5;9;11386051253;B
20241106;100023;3737;6;11386051532;S
20241106;100023;3737;4;11386051533;S
20241106;100023;3737;8;11386051534;S
20241106;100023;3737;15;11386051535;S
20241106;100023;3736.5;15;11386051536;S
20241106;100023;3736.5;30;11386051537;S
20241106;100023;3736;15;11386051538;S
20241106;100023;3736;7;11386051539;S
20241106;100023;3736;10;11386051702;S
20241106;100023;3735;15;11386051900;B
20241106;100023;3735.5;8;11386051901;B
20241106;100023;3735.5;15;11386051902;B
20241106;100023;3735.5;2;11386051903;B
20241106;100023;3736;15;11386051904;B
20241106;100023;3736;30;11386051905;B
20241106;100023;3736.5;10;11386051906;B
20241106;100023;3736.5;15;11386051907;B
20241106;100023;3736.5;10;11386051908;B
20241106;100023;3736;15;11386052025;S
20241106;100023;3736;7;11386052026;S
20241106;100023;3736;10;11386052027;S
20241106;100023;3736;2;11386052028;S
20241106;100023;3736;52;11386052029;S
20241106;100024;3739;14;11386052349;B
20241106;100024;3739;71;11386052350;B
20241106;100024;3739.5;40;11386052351;B
20241106;100024;3739.5;15;11386052352;B
20241106;100024;3740;60;11386052353;B
20241106;100025;3737.5;15;11386052790;S
20241106;100025;3737;5;11386052791;S
20241106;100025;3739.5;1;11386052988;B
20241106;100025;3739.5;1;11386053071;B
20241106;100025;3738.5;20;11386053198;B
20241106;100025;3738.5;15;11386053199;B
20241106;100025;3739;15;11386053200;B
20241106;100025;3739.5;13;11386053201;B
20241106;100025;3740;40;11386053202;B
20241106;100025;3740;15;11386053203;B
20241106;100025;3740.5;15;11386053204;B
20241106;100025;3741;15;11386053205;B
20241106;100025;3741.5;15;11386053206;B
20241106;100025;3742;38;11386053207;B
20241106;100025;3742;50;11386053208;B
20241106;100025;3742;1;11386053209;B
20241106;100025;3742;15;11386053210;B
20241106;100025;3742.5;15;11386053211;B
20241106;100025;3743;15;11386053212;B
20241106;100025;3744;12;11386053213;B
20241106;100025;3744.5;60;11386053214;B
20241106;100025;3744.5;30;11386053215;B
20241106;100025;3744.5;60;11386053216;B
20241106;100025;3744.5;60;11386053217;B
20241106;100025;3745;400;11386053218;B
20241106;100025;3745;1;11386053219;B
20241106;100025;3746;200;11386053220;B
20241106;100025;3747.5;1;11386053221;B
20241106;100025;3747.5;60;11386053222;B
20241106;100025;3747.5;55;11386053223;B
20241106;100025;3748;568;11386053224;B
20241106;100025;3748;39;11386053225;B
20241106;100025;3748.5;5;11386053226;B
20241106;100025;3748.5;2;11386053227;B
20241106;100025;3749;10;11386053228;B
20241106;100025;3749.5;2;11386053229;B
20241106;100025;3749.5;116;11386053230;B
20241106;100025;3750;1;11386053231;B
20241106;100025;3750;7;11386053232;B
20241106;100025;3750;7;11386053233;B
20241106;100025;3750;1;11386053234;B
20241106;100025;3750;150;11386053235;B
20241106;100025;3750;100;11386053236;B
20241106;100025;3750;18;11386053237;B
20241106;100025;3750;400;11386053238;B
20241106;100025;3750;10;11386053239;B
20241106;100025;3750;22;11386053240;B
20241106;100025;3750;10;11386053241;B
20241106;100025;3750;5;11386053242;B
20241106;100025;3750;1;11386053243;B
20241106;100025;3750;1;11386053244;B
20241106;100025;3750;50;11386053245;B
20241106;100025;3750;100;11386053246;B
20241106;100025;3752;236;11386053247;B
20241106;100025;3752;400;11386053248;B
20241106;100025;3752.5;1;11386053249;B
20241106;100025;3752.5;47;11386053250;B
20241106;100025;3752.5;25;11386053251;B
20241106;100025;3752.5;50;11386053252;B
20241106;100025;3753;180;11386053253;B
20241106;100025;3753.5;1;11386053254;B
20241106;100025;3754;10;11386053255;B
20241106;100025;3755;50;11386053256;B
20241106;100025;3755;20;11386053257;B
20241106;100025;3756;5;11386053258;B
20241106;100025;3758;250;11386053259;B
20241106;100025;3758;400;11386053260;B
20241106;100025;3758.5;5;11386053261;B
20241106;100025;3759;20;11386053262;B
20241106;100025;3759;60;11386053263;B
20241106;100025;3759.5;379;11386053264;B
20241106;100025;3744.5;20;11386053296;B
20241106;100025;3746.5;10;11386053297;B
20241106;100025;3748.5;2;11386053300;S
20241106;100025;3748.5;10;11386053301;S
20241106;100025;3749.5;20;11386053303;S
20241106;100025;3749.5;10;11386053308;S
20241106;100025;3748.5;20;11386053310;B
20241106;100025;3749;2;11386053311;S
20241106;100025;3748;10;11386053322;B
20241106;100025;3748;3;11386053327;B
20241106;100025;3757.5;10;11386053356;B
20241106;100025;3753.5;1;11386053357;S
20241106;100025;3754.5;1;11386053375;S
20241106;100025;3755.5;10;11386053421;S
20241106;100026;3755;5;11386053508;S
20241106;100026;3755;9;11386053580;S
20241106;100026;3755;1;11386053581;S
20241106;100026;3756;5;11386053590;B
20241106;100026;3756;50;11386053591;B
20241106;100026;3756;15;11386053592;B
20241106;100026;3756;1;11386053593;S
20241106;100026;3756.5;1;11386053597;S
20241106;100026;3756.5;1;11386053599;S
20241106;100026;3756.5;1;11386053678;S
20241106;100026;3756.5;12;11386053693;S
20241106;100026;3756;9;11386053694;S
20241106;100026;3756;15;11386053695;S
20241106;100026;3755.5;14;11386053696;S
20241106;100026;3756;33;11386053953;S
20241106;100026;3756;5;11386053964;S
20241106;100026;3756;2;11386053966;S
20241106;100026;3756;2;11386053973;S
20241106;100026;3756;2;11386053974;S
20241106;100026;3756;2;11386053976;S
20241106;100026;3756;2;11386053977;S
20241106;100026;3756;2;11386053978;S
20241106;100026;3756;10;11386054013;S
20241106;100026;3756;15;11386054014;S
20241106;100026;3756;6;11386054015;S
20241106;100026;3756;54;11386054068;S
20241106;100026;3756;15;11386054069;S
20241106;100026;3756;60;11386054070;S
20241106;100026;3756;60;11386054071;S
20241106;100026;3756;60;11386054072;S
20241106;100026;3755.5;1;11386054073;S
20241106;100026;3755.5;400;11386054074;S
20241106;100026;3755.5;30;11386054075;S
20241106;100026;3755;10;11386054076;S
20241106;100026;3755;15;11386054077;S
20241106;100026;3755;30;11386054078;S
20241106;100026;3754.5;14;11386054079;S
20241106;100026;3754.5;39;11386054080;S
20241106;100026;3754.5;139;11386054081;S
20241106;100026;3752;10;11386054091;S
20241106;100026;3754;20;11386054093;B
20241106;100026;3752;15;11386054096;S
20241106;100026;3752;15;11386054104;S
20241106;100026;3752;6;11386054159;S
20241106;100026;3753.5;3;11386054187;B
20241106;100026;3752;1;11386054202;S
20241106;100027;3752;1;11386054253;S
20241106;100027;3752;1;11386054254;S
20241106;100027;3752;7;11386054270;S
20241106;100027;3751.5;3;11386054271;S
20241106;100027;3752.5;1;11386054281;B
20241106;100027;3752.5;1;11386054282;B
20241106;100027;3752;5;11386054381;S
20241106;100027;3752;10;11386054442;S
20241106;100027;3751.5;2;11386054443;S
20241106;100027;3751.5;5;11386054511;S
20241106;100027;3754;1;11386054605;B
20241106;100027;3754;1;11386054606;B
20241106;100027;3751.5;8;11386054625;S
20241106;100027;3751.5;10;11386054626;S
20241106;100027;3751.5;30;11386054627;S
20241106;100027;3751;15;11386054628;S
20241106;100027;3751;30;11386054629;S
20241106;100027;3751;30;11386054630;S
20241106;100027;3750.5;15;11386054631;S
20241106;100027;3750.5;30;11386054632;S
20241106;100027;3750;15;11386054633;S
20241106;100027;3750;30;11386054634;S
20241106;100027;3750;400;11386054635;S
20241106;100027;3749.5;30;11386054636;S
20241106;100027;3749.5;15;11386054637;S
20241106;100027;3749;30;11386054638;S
20241106;100027;3749;15;11386054639;S
20241106;100027;3749;16;11386054640;S
20241106;100027;3748.5;15;11386054641;S
20241106;100027;3748.5;30;11386054642;S
20241106;100027;3748;15;11386054643;S
20241106;100027;3748;30;11386054644;S
20241106;100027;3747.5;15;11386054645;S
20241106;100027;3747.5;30;11386054646;S
20241106;100027;3747;30;11386054647;S
20241106;100027;3747;15;11386054648;S
20241106;100027;3745;200;11386054649;S
20241106;100027;3741.5;55;11386054650;S
20241106;100027;3741;60;11386054651;S
20241106;100027;3741;60;11386054652;S
20241106;100027;3740.5;450;11386054653;S
20241106;100027;3740;7;11386054654;S
20241106;100027;3740;3;11386054655;S
20241106;100027;3738.5;250;11386054656;S
20241106;100027;3737.5;43;11386054657;S
20241106;100027;3734.5;55;11386054658;S
20241106;100027;3734;400;11386054659;S
20241106;100027;3731.5;4;11386054660;S
20241106;100027;3730.5;20;11386054661;S
20241106;100027;3729.5;20;11386054662;B
20241106;100027;3729.5;1;11386054663;B
20241106;100027;3729.5;10;11386054664;B
20241106;100027;3729.5;10;11386054665;B
20241106;100027;3729.5;10;11386054666;B
20241106;100027;3729.5;10;11386054667;B
20241106;100027;3729.5;10;11386054668;B
20241106;100027;3729.5;20;11386054669;B
20241106;100027;3729.5;20;11386054670;B
20241106;100027;3729.5;4;11386054672;B
20241106;100027;3725.5;8;11386054673;S
20241106;100027;3729.5;5;11386054674;B
20241106;100027;3729;10;11386054675;S
20241106;100027;3729;10;11386054677;B
20241106;100027;3729;60;11386054702;B
20241106;100027;3729;60;11386054703;B
20241106;100027;3729;60;11386054710;B
20241106;100027;3729;1;11386054712;B
20241106;100027;3729;59;11386054713;B
20241106;100027;3729;60;11386054715;B
20241106;100027;3729.5;602;11386054716;B
20241106;100027;3729;10;11386054752;S
20241106;100027;3729;5;11386054755;S
20241106;100027;3729;5;11386054756;S
20241106;100028;3729.5;1;11386054866;B
20241106;100028;3729.5;2;11386054890;B
20241106;100028;3729.5;10;11386055188;B
20241106;100028;3729;50;11386055189;S
20241106;100028;3729.5;27;11386055304;B
20241106;100028;3729.5;50;11386055450;B
20241106;100028;3729;20;11386055509;S
20241106;100029;3729.5;300;11386055659;B
20241106;100029;3729.5;500;11386055747;B
20241106;100029;3729.5;79;11386055750;B
20241106;100029;3729;88;11386055768;S
20241106;100029;3729;15;11386055769;S
20241106;100029;3728.5;15;11386055770;S
20241106;100029;3728;15;11386055771;S
20241106;100029;3728;55;11386055772;S
20241106;100029;3727.5;15;11386055773;S
20241106;100029;3727.5;30;11386055774;S
20241106;100029;3727.5;12;11386055775;S
20241106;100029;3729;15;11386055947;B
20241106;100029;3729;15;11386055948;B
20241106;100029;3729.5;70;11386055949;B
20241106;100029;3729;15;11386055967;B
20241106;100029;3729.5;651;11386055968;B
20241106;100029;3729.5;40;11386056005;B
20241106;100029;3729.5;25;11386056006;B
20241106;100029;3729.5;100;11386056289;B
20241106;100030;3728;10;11386056542;S
20241106;100030;3728;50;11386056543;S
20241106;100030;3729.5;100;11386056735;B
20241106;100030;3727;55;11386056751;S
20241106;100030;3727;5;11386056752;S
20241106;100030;3729.5;21;11386057003;B
20241106;100030;3729.5;120;11386057344;B
20241106;100031;3729.5;76;11386057598;B
20241106;100031;3729.5;1;11386057870;B
20241106;100031;3729.5;4;11386057983;B
20241106;100031;3727;9;11386058170;S
20241106;100031;3729;60;11386058188;B
20241106;100031;3729;60;11386058189;B
20241106;100031;3729;15;11386058190;B
20241106;100031;3729.5;365;11386058191;B
20241106;100031;3729.5;136;11386058409;B
20241106;100031;3729.5;60;11386058416;B
20241106;100032;3729.5;15;11386058445;B
20241106;100032;3729.5;1;11386058450;B
20241106;100032;3728;1;11386058532;S
20241106;100032;3729.5;100;11386058542;B
20241106;100032;3729.5;81;11386058778;B
20241106;100032;3729.5;504;11386058831;B
20241106;100032;3729.5;41;11386058833;B
20241106;100032;3729.5;17;11386058834;B
20241106;100032;3729.5;1;11386058835;B
20241106;100032;3729.5;14;11386058838;B
20241106;100032;3729.5;23;11386058839;B
20241106;100032;3729.5;30;11386058892;B
20241106;100033;3729.5;7;11386059252;B
20241106;100033;3731.5;2;11386059405;B
20241106;100033;3731.5;2;11386059700;B
20241106;100033;3731.5;11;11386059706;B
20241106;100033;3732;30;11386059707;B
20241106;100033;3732;15;11386059708;B
20241106;100033;3732;8;11386059709;B
20241106;100033;3732.5;15;11386059710;B
20241106;100033;3732.5;21;11386059711;B
20241106;100034;3731;3;11386059753;S
20241106;100034;3733.5;1;11386059854;B
20241106;100034;3733.5;2;11386059916;B
20241106;100034;3734;15;11386060035;B
20241106;100034;3734;5;11386060036;B
20241106;100034;3732;15;11386060056;S
20241106;100034;3732;2;11386060057;S
20241106;100034;3732.5;15;11386060383;S
20241106;100034;3732;53;11386060384;S
20241106;100034;3732;2;11386060385;S
20241106;100035;3732;13;11386060469;S
20241106;100035;3732;74;11386060470;S
20241106;100035;3732;10;11386060581;S
20241106;100035;3732;12;11386060912;S
20241106;100035;3732;1;11386060935;B
20241106;100036;3730.5;3;11386061140;S
20241106;100036;3730;15;11386061141;S
20241106;100036;3729.5;1;11386061142;S
20241106;100036;3729.5;2;11386061337;B
20241106;100037;3729;2;11386061709;S
20241106;100037;3729;2;11386061710;S
20241106;100037;3727;2;11386061711;S
20241106;100037;3727;9;11386061712;S
20241106;100037;3727.5;1;11386061764;B
20241106;100037;3727.5;14;11386062079;B
20241106;100037;3728;2;11386062080;B
20241106;100038;3727.5;15;11386062231;B
20241106;100038;3728;7;11386062232;B
20241106;100038;3728;15;11386062233;B
20241106;100038;3728.5;15;11386062234;B
20241106;100038;3728.5;30;11386062235;B
20241106;100038;3729;15;11386062236;B
20241106;100038;3729;30;11386062237;B
20241106;100038;3729.5;25;11386062238;B
20241106;100038;3730.5;1;11386062243;B
20241106;100038;3729.5;15;11386062352;S
20241106;100038;3729;5;11386062353;S
20241106;100038;3729.5;15;11386062414;S
20241106;100038;3729;185;11386062415;S
20241106;100038;3730.5;2;11386062514;S
20241106;100038;3731.5;10;11386062693;B
20241106;100039;3730.5;13;11386063628;S
20241106;100039;3731;18;11386063688;B
20241106;100039;3731;15;11386063689;B
20241106;100039;3731.5;15;11386063690;B
20241106;100039;3731.5;4;11386063691;B
20241106;100039;3732;15;11386063692;B
20241106;100039;3732;55;11386063693;B
20241106;100039;3732;28;11386063694;B
20241106;100039;3730.5;16;11386063695;S
20241106;100039;3730;15;11386063696;S
20241106;100039;3730;15;11386063698;S
20241106;100039;3729.5;2;11386063699;S
20241106;100039;3729.5;15;11386063700;S
20241106;100039;3729.5;30;11386063701;S
20241106;100039;3729.5;11;11386063702;S
20241106;100039;3729;197;11386063703;S
20241106;100040;3730;1;11386063831;S
20241106;100040;3730;15;11386063832;S
20241106;100040;3731;18;11386064030;B
20241106;100040;3731.5;1;11386064031;B
20241106;100040;3731;18;11386064105;B
20241106;100040;3731;15;11386064106;B
20241106;100040;3731.5;14;11386064107;B
20241106;100040;3731.5;55;11386064108;B
20241106;100040;3731.5;48;11386064109;B
20241106;100040;3731.5;30;11386064110;B
20241106;100040;3732;15;11386064111;B
20241106;100040;3732;30;11386064112;B
20241106;100040;3732.5;30;11386064113;B
20241106;100040;3732.5;15;11386064114;B
20241106;100040;3732.5;41;11386064115;B
20241106;100040;3733;30;11386064116;B
20241106;100040;3733;15;11386064117;B
20241106;100040;3733.5;30;11386064118;B
20241106;100040;3733.5;14;11386064119;B
20241106;100040;3732.5;15;11386064131;B
20241106;100040;3732.5;55;11386064132;B
20241106;100040;3733;30;11386064133;B
20241106;100040;3733;15;11386064134;B
20241106;100040;3733.5;1;11386064135;B
20241106;100040;3733.5;30;11386064136;B
20241106;100040;3733.5;57;11386064137;B
20241106;100040;3734;30;11386064138;B
20241106;100040;3734;15;11386064139;B
20241106;100040;3734;30;11386064140;B
20241106;100040;3734.5;22;11386064141;B
20241106;100040;3731;15;11386064266;S
20241106;100040;3730.5;3;11386064267;S
20241106;100040;3732;2;11386064335;B
20241106;100041;3732;3;11386064614;S
20241106;100041;3732.5;1;11386064732;B
20241106;100041;3732.5;10;11386064733;B
20241106;100041;3732.5;1;11386064743;B
20241106;100041;3733;1;11386064882;B
20241106;100041;3732;15;11386065299;S
20241106;100041;3731.5;55;11386065300;S
20241106;100041;3731.5;15;11386065301;S
20241106;100041;3731.5;30;11386065302;S
20241106;100041;3731;15;11386065303;S
20241106;100041;3731;30;11386065304;S
20241106;100041;3730.5;15;11386065305;S
20241106;100041;3730.5;30;11386065306;S
20241106;100041;3730.5;30;11386065307;S
20241106;100041;3730;15;11386065308;S
20241106;100041;3730;30;11386065309;S
20241106;100041;3729.5;15;11386065310;S
20241106;100041;3729.5;30;11386065311;S
20241106;100041;3729.5;8;11386065312;S
20241106;100042;3732.5;5;11386065852;B
20241106;100042;3732.5;10;11386065926;B
20241106;100043;3732.5;6;11386066268;S
20241106;100043;3734;5;11386066286;B
20241106;100043;3733.5;1;11386066287;S
20241106;100043;3733;5;11386066288;S
20241106;100043;3734;5;11386066320;B
20241106;100044;3734;5;11386066949;S
20241106;100044;3734;2;11386066950;S
20241106;100044;3734.5;5;11386066962;B
20241106;100044;3734;1;11386066973;S
20241106;100044;3734;13;11386067025;S
20241106;100044;3733.5;1;11386067057;S
20241106;100044;3733.5;6;11386067058;S
20241106;100044;3733;3;11386067059;S
20241106;100045;3733;12;11386067240;S
20241106;100045;3733;55;11386067241;S
20241106;100045;3732.5;15;11386067242;S
20241106;100045;3732.5;10;11386067243;S
20241106;100045;3732.5;208;11386067244;S
20241106;100045;3733;15;11386067245;S
20241106;100045;3733;2;11386067246;S
20241106;100045;3733;2;11386067247;S
20241106;100045;3732;5;11386067282;S
20241106;100045;3732;4;11386067283;B
20241106;100045;3732;6;11386067352;S
20241106;100045;3732;1;11386067353;S
20241106;100045;3731.5;1;11386067354;S
20241106;100045;3731;1;11386067365;S
20241106;100045;3730;15;11386067656;S
20241106;100045;3731.5;9;11386067680;B
20241106;100045;3731.5;2;11386067681;B
20241106;100045;3731.5;4;11386067719;B
20241106;100045;3732;3;11386067720;B
20241106;100045;3732;7;11386067721;B
20241106;100045;3730.5;15;11386067752;S
20241106;100045;3730.5;84;11386067753;S
20241106;100045;3730;15;11386067754;S
20241106;100045;3730;30;11386067755;S
20241106;100045;3729.5;15;11386067756;S
20241106;100045;3729.5;30;11386067757;S
20241106;100045;3729.5;60;11386067758;S
20241106;100045;3729.5;30;11386067759;S
20241106;100045;3729;86;11386067760;S
20241106;100045;3729;15;11386067761;S
20241106;100045;3729;30;11386067762;S
20241106;100045;3729;90;11386067763;S
20241106;100046;3731.5;1;11386067924;S
20241106;100046;3730;1;11386067925;S
20241106;100046;3730;15;11386067926;S
20241106;100046;3730;3;11386067927;S
20241106;100046;3729.5;5;11386067928;S
20241106;100046;3732.5;15;11386068327;B
20241106;100046;3732.5;85;11386068328;B
20241106;100047;3732;2;11386068696;B
20241106;100047;3730;15;11386068930;S
20241106;100047;3730;3;11386068931;S
20241106;100047;3732;23;11386069031;B
20241106;100047;3732;15;11386069032;B
20241106;100047;3732.5;14;11386069033;B
20241106;100048;3732.5;1;11386069395;B
20241106;100048;3732.5;35;11386069491;B
20241106;100048;3732.5;23;11386069492;B
20241106;100048;3733;15;11386069493;B
20241106;100048;3733;27;11386069494;B
20241106;100049;3732.5;15;11386069817;S
20241106;100049;3732.5;25;11386069818;S
20241106;100049;3734;23;11386070279;B
20241106;100049;3734;15;11386070280;B
20241106;100049;3734.5;10;11386070281;B
20241106;100049;3734.5;20;11386070282;B
20241106;100049;3735;15;11386070283;B
20241106;100049;3735;30;11386070284;B
20241106;100049;3735;7;11386070285;B
20241106;100049;3735;5;11386070286;B
20241106;100049;3735;350;11386070287;B
20241106;100049;3735.5;192;11386070288;B
20241106;100050;3734;1;11386070425;S
20241106;100051;3735;18;11386071169;B
20241106;100051;3735.5;5;11386071584;B
20241106;100051;3734.5;15;11386071596;S
20241106;100051;3734;14;11386071597;S
20241106;100051;3734;1;11386071598;S
20241106;100051;3733.5;15;11386071599;S
20241106;100051;3733.5;55;11386071600;S
20241106;100052;3735.5;2;11386072069;B
20241106;100052;3735.5;201;11386072176;B
20241106;100052;3735.5;15;11386072177;B
20241106;100052;3735.5;23;11386072178;B
20241106;100052;3736;30;11386072179;B
20241106;100052;3736;15;11386072180;B
20241106;100052;3736.5;16;11386072181;B
20241106;100052;3735.5;1;11386072187;S
20241106;100052;3736.5;1;11386072200;B
20241106;100052;3736.5;22;11386072304;B
20241106;100052;3737;4;11386072305;B
20241106;100052;3737.5;99;11386072306;B
20241106;100052;3738;20;11386072307;B
20241106;100052;3738;50;11386072308;B
20241106;100052;3738;10;11386072309;B
20241106;100053;3737;2;11386072383;S
20241106;100053;3737;4;11386072574;S
20241106;100053;3737;9;11386072672;S
20241106;100053;3737;19;11386072673;S
20241106;100053;3737;5;11386072792;S
20241106;100053;3738;13;11386072803;B
20241106;100053;3738;10;11386072956;B
20241106;100053;3738.5;1;11386072957;B
20241106;100053;3738.5;1;11386072958;B
20241106;100053;3738.5;20;11386072959;B
20241106;100053;3738.5;15;11386072960;B
20241106;100053;3739;15;11386072961;B
20241106;100053;3739.5;1;11386072962;B
20241106;100053;3739.5;5;11386072963;B
20241106;100053;3739.5;20;11386072964;B
20241106;100053;3739.5;12;11386072965;B
20241106;100054;3738;15;11386073097;S
20241106;100054;3738;385;11386073098;S
20241106;100054;3737;55;11386073107;S
20241106;100054;3736.5;16;11386073109;S
20241106;100054;3736;15;11386073535;S
20241106;100054;3736;3;11386073536;S
20241106;100054;3736;52;11386073538;S
20241106;100054;3735.5;10;11386073539;S
20241106;100054;3736;55;11386073540;S
20241106;100054;3735.5;55;11386073544;S
20241106;100054;3736;2;11386073554;B
20241106;100055;3736;13;11386073919;B
20241106;100055;3736;23;11386073920;B
20241106;100055;3736.5;11;11386073921;B
20241106;100055;3735.5;1;11386073986;S
20241106;100055;3736.5;5;11386074050;B
20241106;100055;3737;3;11386074287;B
20241106;100056;3736;11;11386074490;B
20241106;100057;3735.5;10;11386075666;S
20241106;100057;3736;1;11386075810;B
20241106;100058;3736;1;11386076134;B
20241106;100059;3736;47;11386076875;B
20241106;100059;3736.5;15;11386076876;B
20241106;100059;3736.5;23;11386076877;B
20241106;100059;3737;15;11386076878;B
20241106;100059;3737.5;15;11386076879;B
20241106;100059;3737.5;16;11386076880;B
20241106;100059;3737.5;30;11386076881;B
20241106;100059;3738;15;11386076882;B
20241106;100059;3738;30;11386076883;B
20241106;100059;3738.5;15;11386076884;B
20241106;100059;3738.5;30;11386076885;B
20241106;100059;3738.5;81;11386076886;B
20241106;100059;3739;15;11386076887;B
20241106;100059;3739;30;11386076888;B
20241106;100059;3739;30;11386076889;B
20241106;100059;3739.5;38;11386076890;B
20241106;100059;3739.5;15;11386076891;B
20241106;100059;3739.5;30;11386076892;B
20241106;100059;3739.5;40;11386076893;B
20241106;100059;3739.5;10;11386076894;B
20241106;100059;3739.5;11;11386076895;B
20241106;100059;3740;1;11386076896;B
20241106;100059;3740;1;11386076897;B
20241106;100059;3740;50;11386076898;B
20241106;100059;3740;1000;11386076899;B
20241106;100059;3740;141;11386076900;B
20241106;100059;3738.5;9;11386076902;B
20241106;100059;3738;30;11386076947;S
20241106;100059;3738;15;11386076948;S
20241106;100059;3737.5;15;11386076949;S
20241106;100059;3738;15;11386077191;S
20241106;100059;3738;35;11386077192;S
20241106;100059;3737;15;11386077343;S
20241106;100059;3736.5;1;11386077344;S
20241106;100059;3736.5;15;11386077345;S
20241106;100059;3736.5;19;11386077346;S
20241106;100100;3738;5;11386077622;B
20241106;100100;3738.5;11;11386077945;B
20241106;100100;3738.5;15;11386077946;B
20241106;100100;3739;15;11386077947;B
20241106;100100;3739;55;11386077948;B
20241106;100100;3739.5;15;11386077949;B
20241106;100100;3739.5;30;11386077950;B
20241106;100100;3739.5;23;11386077951;B
20241106;100100;3740;259;11386077952;B
20241106;100100;3740;15;11386077953;B
20241106;100100;3740;30;11386077954;B
20241106;100100;3740.5;30;11386077955;B
20241106;100100;3740.5;15;11386077956;B
20241106;100100;3741;30;11386077957;B
20241106;100100;3741;15;11386077958;B
20241106;100100;3741;30;11386077959;B
20241106;100100;3741;10;11386077960;B
20241106;100100;3741.5;1000;11386077961;B
20241106;100100;3741.5;30;11386077962;B
20241106;100100;3741.5;15;11386077963;B
20241106;100100;3742;30;11386077964;B
20241106;100100;3742;15;11386077965;B
20241106;100100;3742;40;11386077966;B
20241106;100100;3742.5;20;11386077967;B
20241106;100100;3742.5;15;11386077968;B
20241106;100100;3742.5;30;11386077969;B
20241106;100100;3742.5;40;11386077970;B
20241106;100100;3743;30;11386077971;B
20241106;100100;3743;15;11386077972;B
20241106;100100;3743.5;30;11386077973;B
20241106;100100;3744;300;11386077974;B
20241106;100100;3744;30;11386077975;B
20241106;100100;3744.5;6;11386077976;B
20241106;100100;3745.5;40;11386077977;B
20241106;100100;3747;50;11386077978;B
20241106;100100;3747;12;11386077979;B
20241106;100100;3747;27;11386077980;B
20241106;100100;3747;40;11386077981;B
20241106;100100;3747.5;200;11386077982;B
20241106;100100;3748;1;11386077983;B
20241106;100100;3748;1;11386077984;B
20241106;100100;3749;1;11386077985;B
20241106;100100;3749.5;200;11386077986;B
20241106;100100;3749.5;10;11386077987;B
20241106;100100;3750;30;11386077988;B
20241106;100100;3750;1;11386077989;B
20241106;100100;3750;38;11386077990;B
20241106;100100;3750;267;11386077991;B
20241106;100100;3750;1;11386077992;B
20241106;100100;3750;2;11386077993;B
20241106;100100;3750;10;11386077994;B
20241106;100100;3750;5;11386077995;B
20241106;100100;3750;87;11386077996;B
20241106;100100;3751;1;11386077997;B
20241106;100100;3751.5;3;11386077998;B
20241106;100100;3752;2;11386077999;B
20241106;100100;3752;2;11386078000;B
20241106;100100;3752;1;11386078001;B
20241106;100100;3752;55;11386078002;B
20241106;100100;3752.5;400;11386078003;B
20241106;100100;3753.5;1;11386078004;B
20241106;100100;3754.5;1;11386078005;B
20241106;100100;3755;834;11386078006;B
20241106;100100;3755;1;11386078007;B
20241106;100100;3755;5;11386078008;B
20241106;100100;3755;5;11386078009;B
20241106;100100;3755;2;11386078010;B
20241106;100100;3756;1;11386078011;B
20241106;100100;3757.5;1;11386078012;B
20241106;100100;3757.5;250;11386078013;B
20241106;100100;3758;10;11386078014;B
20241106;100100;3758.5;158;11386078015;B
20241106;100100;3738.5;10;11386078025;B
20241106;100100;3738.5;1;11386078026;B
20241106;100100;3738.5;9;11386078028;B
20241106;100100;3745;9;11386078035;B
20241106;100100;3745.5;10;11386078036;B
20241106;100100;3745.5;1;11386078037;S
20241106;100100;3746;50;11386078039;B
20241106;100100;3746;10;11386078040;S
20241106;100100;3747.5;30;11386078045;S
20241106;100100;3749.5;5;11386078064;B
20241106;100100;3749.5;15;11386078076;B
20241106;100100;3749.5;5;11386078077;S
20241106;100100;3748;5;11386078078;S
20241106;100100;3752;10;11386078120;S
20241106;100100;3753.5;10;11386078123;B
20241106;100100;3754;1;11386078142;S
20241106;100100;3754;1;11386078143;S
20241106;100100;3753.5;1;11386078144;S
20241106;100100;3753;15;11386078145;S
20241106;100100;3752.5;15;11386078146;S
20241106;100100;3752;15;11386078147;S
20241106;100100;3752;30;11386078148;S
20241106;100100;3752;10;11386078149;S
20241106;100100;3752;5;11386078150;S
20241106;100100;3751.5;15;11386078151;S
20241106;100100;3751.5;30;11386078152;S
20241106;100100;3751.5;16;11386078153;S
20241106;100100;3751;15;11386078154;S
20241106;100100;3751;30;11386078155;S
20241106;100100;3751;40;11386078156;S
20241106;100100;3751;1;11386078157;S
20241106;100100;3750.5;15;11386078158;S
20241106;100100;3750.5;30;11386078159;S
20241106;100100;3750.5;48;11386078160;S
20241106;100100;3754.5;1;11386078161;B
20241106;100100;3754;1;11386078163;B
20241106;100100;3753.5;1;11386078164;B
20241106;100100;3753.5;2;11386078167;B
20241106;100100;3753.5;1;11386078170;B
20241106;100100;3753.5;1;11386078174;B
20241106;100101;3754;1;11386078244;B
20241106;100101;3754;2;11386078248;B
20241106;100101;3754;12;11386078286;B
20241106;100101;3754.5;14;11386078287;B
20241106;100101;3754.5;16;11386078288;B
20241106;100101;3755;15;11386078289;B
20241106;100101;3755;23;11386078290;B
20241106;100101;3755;12;11386078291;B
20241106;100101;3755.5;15;11386078292;B
20241106;100101;3755.5;12;11386078293;B
20241106;100101;3756;15;11386078294;B
20241106;100101;3756.5;15;11386078295;B
20241106;100101;3757;15;11386078296;B
20241106;100101;3757.5;15;11386078297;B
20241106;100101;3758;15;11386078298;B
20241106;100101;3758;55;11386078299;B
20241106;100101;3758.5;30;11386078300;B
20241106;100101;3758.5;15;11386078301;B
20241106;100101;3759;70;11386078302;B
20241106;100101;3759.5;206;11386078303;B
20241106;100101;3757.5;15;11386078323;S
20241106;100101;3757.5;30;11386078324;S
20241106;100101;3757.5;15;11386078325;S
20241106;100101;3758;4;11386078359;B
20241106;100101;3758.5;15;11386078434;S
20241106;100101;3758;30;11386078636;S
20241106;100101;3758;15;11386078637;S
20241106;100101;3757.5;5;11386078638;S
20241106;100101;3757.5;10;11386078648;S
20241106;100101;3757.5;50;11386078705;S
20241106;100101;3758;20;11386078771;S
20241106;100101;3758;20;11386078773;S
20241106;100102;3758;3;11386078898;S
20241106;100102;3758;1;11386079088;S
20241106;100102;3758;1;11386079130;S
20241106;100102;3758;2;11386079205;S
20241106;100102;3758.5;49;11386079261;B
20241106;100102;3758.5;7;11386079262;B
20241106;100102;3758;33;11386079292;S
20241106;100102;3758;10;11386079293;S
20241106;100102;3758;15;11386079294;S
20241106;100102;3757.5;10;11386079295;S
20241106;100102;3757.5;15;11386079296;S
20241106;100102;3757.5;10;11386079297;S
20241106;100102;3757.5;7;11386079298;S
20241106;100102;3758.5;1;11386079314;B
20241106;100103;3758;5;11386079550;S
20241106;100103;3758.5;4;11386079703;B
20241106;100103;3758.5;37;11386079751;B
20241106;100103;3758.5;10;11386079752;B
20241106;100103;3759;55;11386079753;B
20241106;100103;3759;55;11386079754;B
20241106;100103;3759;1;11386079882;S
20241106;100104;3759.5;1;11386079957;B
20241106;100104;3759;27;11386080339;B
20241106;100104;3758;1;11386080447;S
20241106;100104;3759;1;11386080535;B
20241106;100104;3758;1;11386080608;S
20241106;100104;3758;1;11386080649;S
20241106;100105;3758;12;11386081033;S
20241106;100105;3757.5;15;11386081034;S
20241106;100105;3757.5;10;11386081035;S
20241106;100105;3757.5;13;11386081036;S
20241106;100105;3757.5;47;11386081276;S
20241106;100105;3757.5;3;11386081277;S
20241106;100106;3759;3;11386081588;B
20241106;100106;3757.5;3;11386081706;S
20241106;100107;3757.5;2;11386081894;S
20241106;100107;3757.5;5;11386081896;S
20241106;100108;3757.5;2;11386082342;S
20241106;100108;3757.5;60;11386082343;S
20241106;100108;3757.5;60;11386082344;S
20241106;100108;3757;15;11386082345;S
20241106;100108;3757;158;11386082346;S
20241106;100108;3756.5;5;11386082347;S
20241106;100108;3757;15;11386082359;S
20241106;100108;3756.5;10;11386082360;S
20241106;100108;3756.5;10;11386082361;S
20241106;100108;3756;15;11386082362;S
20241106;100108;3755.5;8;11386082363;S
20241106;100108;3756.5;10;11386082623;S
20241106;100108;3755.5;3;11386082784;S
20241106;100108;3757;15;11386082788;B
20241106;100108;3757;15;11386082793;B
20241106;100108;3757;15;11386082797;B
20241106;100109;3757;23;11386083087;B
20241106;100109;3757;23;11386083088;B
20241106;100109;3756.5;10;11386083250;S
20241106;100109;3756.5;10;11386083253;B
20241106;100109;3756.5;5;11386083254;B
20241106;100109;3756.5;10;11386083330;B
20241106;100109;3755;15;11386083336;S
20241106;100109;3756;10;11386083337;B
20241106;100109;3754.5;5;11386083366;S
20241106;100109;3754.5;10;11386083369;S
20241106;100109;3754;3;11386083373;S
20241106;100109;3755.5;15;11386083621;B
20241106;100109;3756;45;11386083622;B
20241106;100109;3756;15;11386083623;B
20241106;100109;3756;4;11386083624;B
20241106;100109;3756;23;11386083625;B
20241106;100109;3756.5;14;11386083626;B
20241106;100109;3756.5;15;11386083627;B
20241106;100109;3757;15;11386083628;B
20241106;100109;3757.5;55;11386083629;B
20241106;100109;3757.5;15;11386083630;B
20241106;100109;3757.5;36;11386083631;B
20241106;100109;3757.5;30;11386083632;B
20241106;100109;3758;20;11386083633;B
20241106;100109;3758;25;11386083634;B
20241106;100109;3758;2;11386083635;B
20241106;100109;3758;15;11386083636;B
20241106;100109;3758;150;11386083637;B
20241106;100109;3758;40;11386083638;B
20241106;100109;3758.5;15;11386083639;B
20241106;100109;3758.5;40;11386083640;B
20241106;100109;3759;15;11386083641;B
20241106;100109;3759;7;11386083642;B
20241106;100109;3759;20;11386083643;B
20241106;100109;3759;24;11386083644;B
20241106;100109;3759.5;12;11386083645;B
20241106;100110;3756.5;2;11386083684;S
20241106;100110;3756;15;11386083763;S
20241106;100110;3756.5;1;11386083955;B
20241106;100110;3755;2;11386083966;S
20241106;100111;3756.5;1;11386084236;B
20241106;100111;3756.5;118;11386084237;S
20241106;100111;3755.5;15;11386084413;S
20241106;100111;3755;13;11386084414;S
20241106;100111;3755;30;11386084415;S
20241106;100111;3754.5;30;11386084416;S
20241106;100111;3754.5;12;11386084417;S
20241106;100111;3756;1;11386084580;B
20241106;100111;3756;1;11386084596;B
20241106;100111;3756;15;11386084597;B
20241106;100111;3756.5;9;11386084598;B
20241106;100111;3754.5;3;11386084661;S
20241106;100111;3754.5;37;11386084662;S
20241106;100112;3754.5;15;11386085012;S
20241106;100112;3754;10;11386085013;S
20241106;100113;3754;2;11386085153;S
20241106;100113;3754;10;11386085154;S
20241106;100113;3753.5;15;11386085155;S
20241106;100113;3753.5;4;11386085156;S
20241106;100113;3755;5;11386085399;B
20241106;100113;3755;1;11386085551;B
20241106;100114;3754.5;2;11386085773;B
20241106;100114;3755;6;11386085774;B
20241106;100114;3755;3;11386085775;B
20241106;100114;3755.5;3;11386085776;B
20241106;100114;3755.5;8;11386085777;B
20241106;100114;3755.5;2;11386085778;B
20241106;100114;3755.5;1;11386085779;B
20241106;100114;3755.5;1;11386085780;B
20241106;100114;3755.5;2;11386085781;B
20241106;100114;3754.5;15;11386085882;S
20241106;100114;3754;10;11386085883;S
20241106;100114;3754;15;11386085884;S
20241106;100114;3753.5;15;11386086033;B
20241106;100114;3753.5;1;11386086100;B
20241106;100114;3753.5;14;11386086248;B
20241106;100114;3754;10;11386086249;B
20241106;100114;3754;6;11386086250;B
20241106;100114;3753;2;11386086274;S
20241106;100115;3753;2;11386086393;S
20241106;100115;3752;15;11386086609;S
20241106;100115;3752;10;11386086610;S
20241106;100115;3751.5;30;11386086611;S
20241106;100115;3751.5;15;11386086612;S
20241106;100115;3751.5;11;11386086613;S
20241106;100116;3753;2;11386086860;B
20241106;100116;3751.5;10;11386086861;S
20241106;100116;3752;8;11386087181;B
20241106;100116;3752;7;11386087182;B
20241106;100116;3752;2;11386087183;B
20241106;100116;3752.5;1;11386087184;B
20241106;100116;3752.5;6;11386087185;B
20241106;100116;3752.5;10;11386087186;B
20241106;100116;3752.5;5;11386087187;B
20241106;100116;3752.5;10;11386087188;B
20241106;100116;3752.5;15;11386087194;B
20241106;100117;3752.5;8;11386087333;B
20241106;100117;3753;2;11386087334;B
20241106;100117;3753;20;11386087344;B
20241106;100118;3752;1;11386087720;B
20241106;100118;3751;15;11386087753;S
20241106;100118;3750.5;15;11386087754;S
20241106;100118;3750.5;30;11386087755;S
20241106;100118;3750.5;30;11386087756;S
20241106;100118;3750;1;11386087757;S
20241106;100118;3750;15;11386087848;S
20241106;100118;3750;20;11386087849;S
20241106;100118;3751.5;1;11386088086;B
20241106;100119;3750;15;11386088539;S
20241106;100119;3749.5;30;11386088540;S
20241106;100119;3749.5;15;11386088541;S
20241106;100119;3749;30;11386088542;S
20241106;100119;3749;15;11386088543;S
20241106;100119;3749;16;11386088544;S
20241106;100119;3749;10;11386088545;S
20241106;100119;3748.5;30;11386088546;S
20241106;100119;3748.5;15;11386088547;S
20241106;100119;3748.5;16;11386088548;S
20241106;100119;3748;30;11386088549;S
20241106;100119;3748;15;11386088550;S
20241106;100119;3748;23;11386088551;S
20241106;100119;3748;30;11386088552;S
20241106;100119;3747.5;30;11386088553;S
20241106;100119;3747.5;15;11386088554;S
20241106;100119;3747.5;60;11386088555;S
20241106;100119;3747;30;11386088556;S
20241106;100119;3747;15;11386088557;S
20241106;100119;3747;400;11386088558;S
20241106;100119;3746.5;30;11386088559;S
20241106;100119;3746.5;15;11386088560;S
20241106;100119;3746;30;11386088561;S
20241106;100119;3746;15;11386088562;S
20241106;100119;3745.5;30;11386088563;S
20241106;100119;3745.5;15;11386088564;S
20241106;100119;3745;30;11386088565;S
20241106;100119;3742;60;11386088566;S
20241106;100119;3742;60;11386088567;S
20241106;100119;3741.5;125;11386088568;S
20241106;100119;3747;10;11386088681;B
20241106;100119;3746.5;10;11386088682;B
20241106;100119;3746.5;5;11386088683;B
20241106;100119;3747;5;11386088684;B
20241106;100119;3746.5;8;11386088685;B
20241106;100119;3747;10;11386088687;B
20241106;100119;3747;5;11386088688;B
20241106;100119;3747;5;11386088689;B
20241106;100119;3747;10;11386088690;B
20241106;100120;3745.5;10;11386089117;S
20241106;100120;3746;10;11386089118;B
20241106;100120;3745;5;11386089119;S
20241106;100120;3745;2;11386089130;S
20241106;100121;3744.5;1;11386089230;S
20241106;100121;3745.5;15;11386089282;B
20241106;100121;3746;3;11386089309;B
20241106;100122;3746;12;11386089696;B
20241106;100122;3746.5;15;11386089697;B
20241106;100122;3746.5;16;11386089698;B
20241106;100122;3746.5;1;11386089699;B
20241106;100122;3744;2;11386089739;S
20241106;100122;3745.5;2;11386089789;B
20241106;100122;3744;3;11386089803;S
20241106;100122;3744;10;11386089908;S
20241106;100122;3743.5;7;11386089909;S
20241106;100122;3744.5;2;11386089941;B
20241106;100123;3744.5;1;11386090063;B
20241106;100123;3744.5;10;11386090272;B
20241106;100123;3742.5;15;11386090314;S
20241106;100123;3742;30;11386090315;S
20241106;100123;3742;15;11386090316;S
20241106;100123;3742;16;11386090317;S
20241106;100123;3741.5;30;11386090318;S
20241106;100123;3741.5;15;11386090319;S
20241106;100123;3741.5;60;11386090320;S
20241106;100123;3741.5;60;11386090321;S
20241106;100123;3741.5;9;11386090322;S
20241106;100123;3742;15;11386090332;S
20241106;100123;3742;30;11386090333;S
20241106;100123;3742;9;11386090334;S
20241106;100124;3741.5;30;11386090510;S
20241106;100124;3741.5;4;11386090511;S
20241106;100124;3743.5;15;11386090638;B
20241106;100124;3743.5;15;11386090639;B
20241106;100124;3743;15;11386090640;B
20241106;100124;3743.5;10;11386090641;B
20241106;100124;3743;15;11386090764;B
20241106;100124;3743.5;5;11386090765;B
20241106;100124;3743.5;6;11386090766;B
20241106;100124;3743.5;2;11386090767;B
20241106;100124;3743;2;11386090768;B
20241106;100124;3743;5;11386090769;B
20241106;100124;3743;1;11386090770;B
20241106;100124;3743;6;11386090771;B
20241106;100124;3743;1;11386090772;B
20241106;100124;3743.5;2;11386090773;B
20241106;100124;3743.5;4;11386090774;B
20241106;100124;3743.5;2;11386090775;B
20241106;100124;3743.5;2;11386090776;B
20241106;100124;3743.5;15;11386090777;B
20241106;100124;3744;1;11386090778;B
20241106;100124;3744;5;11386090779;B
20241106;100124;3744;1;11386090780;B
20241106;100124;3744;8;11386090783;B
20241106;100124;3744.5;2;11386090784;B
20241106;100124;3744.5;1;11386090813;B
20241106;100125;3743;10;11386090951;S
20241106;100125;3743;15;11386090952;S
20241106;100125;3743;29;11386090953;S
20241106;100125;3743.5;15;11386091086;B
20241106;100125;3744;15;11386091087;B
20241106;100125;3743;1;11386091257;S
20241106;100125;3744;2;11386091324;B
20241106;100125;3743.5;2;11386091342;S
20241106;100125;3743;28;11386091343;S
20241106;100126;3744;13;11386091449;B
20241106;100126;3744.5;7;11386091450;B
20241106;100126;3744.5;1;11386091651;B
20241106;100126;3744.5;7;11386091740;B
20241106;100126;3745;3;11386091741;B
20241106;100127;3744;2;11386092095;S
20241106;100127;3743;15;11386092096;S
20241106;100127;3742.5;30;11386092097;S
20241106;100127;3742.5;15;11386092098;S
20241106;100127;3742;15;11386092099;S
20241106;100127;3742;49;11386092100;S
20241106;100127;3742;30;11386092101;S
20241106;100127;3742;14;11386092102;S
20241106;100127;3744.5;1;11386092374;B
20241106;100128;3742;6;11386092434;S
20241106;100128;3744.5;8;11386092741;B
20241106;100128;3744.5;1;11386092742;B
20241106;100128;3744.5;1;11386092743;B
20241106;100128;3744.5;3;11386092745;B
20241106;100128;3744.5;1;11386092747;B
20241106;100128;3743.5;1;11386092765;S
20241106;100128;3743.5;1;11386092823;S
20241106;100129;3744;10;11386092893;B
20241106;100129;3744;45;11386092977;B
20241106;100129;3744;15;11386092978;B
20241106;100129;3744.5;10;11386092979;B
20241106;100129;3744;10;11386093169;B
20241106;100129;3744;18;11386093173;B
20241106;100130;3744;10;11386093294;B
20241106;100130;3744;5;11386093295;B
20241106;100130;3744.5;5;11386093347;B
20241106;100130;3744.5;1;11386093348;B
20241106;100130;3744;2;11386093386;S
20241106;100130;3744.5;666;11386093409;B
20241106;100130;3744;1;11386093639;S
20241106;100130;3744;2;11386093645;S
20241106;100130;3744;10;11386093646;S
20241106;100130;3744;3;11386093647;S
20241106;100130;3744;7;11386093803;S
20241106;100130;3744;10;11386093804;S
20241106;100130;3744;4;11386093805;S
20241106;100130;3744.5;83;11386093875;B
20241106;100130;3744.5;15;11386093876;B
20241106;100130;3745;5;11386093877;B
20241106;100130;3745;25;11386093922;S
20241106;100130;3745;15;11386093923;S
20241106;100130;3744.5;15;11386093924;S
20241106;100130;3744;6;11386093925;S
20241106;100130;3744;10;11386093926;S
20241106;100130;3744;15;11386093927;S
20241106;100130;3743.5;6;11386093928;S
20241106;100130;3743.5;15;11386093929;S
20241106;100130;3743.5;55;11386093930;S
20241106;100130;3743.5;88;11386093931;S
20241106;100131;3744;15;11386094114;S
20241106;100131;3743.5;45;11386094115;S
20241106;100131;3744.5;3;11386094199;B
20241106;100131;3743;1;11386094240;S
20241106;100131;3744.5;12;11386094336;B
20241106;100131;3745;1;11386094382;B
20241106;100131;3745;29;11386094384;B
20241106;100131;3745;15;11386094385;B
20241106;100131;3745.5;15;11386094386;B
20241106;100131;3745.5;30;11386094387;B
20241106;100131;3746;11;11386094388;B
20241106;100132;3745.5;15;11386094428;B
20241106;100132;3745.5;40;11386094564;S
20241106;100132;3745.5;65;11386094571;S
20241106;100132;3744.5;13;11386094572;S
20241106;100132;3744.5;15;11386094573;S
20241106;100132;3744;15;11386094574;S
20241106;100132;3743.5;15;11386094575;S
20241106;100132;3743.5;55;11386094576;S
20241106;100132;3743;48;11386094577;S
20241106;100132;3743;10;11386094578;S
20241106;100132;3743;15;11386094579;S
20241106;100132;3742.5;10;11386094590;S
20241106;100132;3742;5;11386094591;S
20241106;100132;3741.5;15;11386094592;S
20241106;100132;3741;15;11386094593;S
20241106;100132;3740.5;15;11386094594;S
20241106;100132;3740.5;6;11386094595;S
20241106;100132;3742.5;4;11386094596;B
20241106;100132;3742.5;6;11386094621;B
20241106;100132;3742.5;1;11386094622;B
20241106;100132;3742.5;4;11386094649;B
20241106;100132;3743;249;11386094650;B
20241106;100132;3743;15;11386094651;B
20241106;100132;3743;30;11386094652;B
20241106;100132;3743.5;2;11386094653;B
20241106;100133;3743;15;11386094995;B
20241106;100133;3743.5;13;11386094996;B
20241106;100133;3743.5;2;11386094997;B
20241106;100133;3742;15;11386095137;S
20241106;100133;3742;25;11386095138;S
20241106;100133;3742.5;15;11386095393;S
20241106;100133;3742;3;11386095394;S
20241106;100134;3741.5;1;11386095573;S
20241106;100135;3743.5;15;11386095941;B
20241106;100135;3744;23;11386095942;B
20241106;100135;3744;15;11386095943;B
20241106;100135;3744;30;11386095944;B
20241106;100135;3744.5;15;11386095945;B
20241106;100135;3744.5;2;11386095946;B
20241106;100135;3745;15;11386095947;B
20241106;100135;3745;16;11386095948;B
20241106;100135;3745;30;11386095949;B
20241106;100135;3745;39;11386095950;B
20241106;100135;3744.5;15;11386096026;B
20241106;100135;3744.5;15;11386096027;B
20241106;100135;3744;1;11386096065;B
20241106;100135;3744;10;11386096067;B
20241106;100135;3744;4;11386096068;B
20241106;100135;3744.5;1;11386096069;B
20241106;100135;3744.5;7;11386096070;B
20241106;100135;3744.5;9;11386096071;B
20241106;100135;3744.5;4;11386096072;B
20241106;100135;3744.5;1;11386096073;B
20241106;100135;3744.5;5;11386096074;B
20241106;100135;3744.5;3;11386096075;B
20241106;100135;3744.5;11;11386096076;B
20241106;100135;3744.5;3;11386096077;B
20241106;100135;3744.5;7;11386096078;B
20241106;100135;3744.5;2;11386096079;B
20241106;100135;3744.5;1;11386096081;B
20241106;100135;3744.5;10;11386096119;B
20241106;100135;3744;2;11386096272;S
20241106;100135;3742.5;1;11386096273;S
20241106;100135;3742.5;8;11386096274;S
20241106;100135;3742;15;11386096275;S
20241106;100135;3742;5;11386096276;S
20241106;100135;3741.5;19;11386096277;S
20241106;100136;3741.5;1;11386096423;S
20241106;100136;3741.5;29;11386096513;S
20241106;100136;3741.5;15;11386096514;S
20241106;100136;3741;1;11386096515;S
20241106;100136;3740.5;2;11386096553;S
20241106;100136;3740.5;15;11386096554;S
20241106;100136;3740.5;16;11386096555;S
20241106;100136;3740;1;11386096556;S
20241106;100136;3740;15;11386096557;S
20241106;100136;3740;10;11386096558;S
20241106;100136;3739.5;15;11386096559;S
20241106;100136;3739.5;220;11386096560;S
20241106;100136;3739;15;11386096561;S
20241106;100136;3739;400;11386096562;S
20241106;100136;3738.5;15;11386096563;S
20241106;100136;3738.5;23;11386096564;S
20241106;100136;3738;16;11386096565;S
20241106;100136;3738;15;11386096566;S
20241106;100136;3737.5;1;11386096567;S
20241106;100136;3737.5;15;11386096568;S
20241106;100136;3737.5;30;11386096569;S
20241106;100136;3737;25;11386096570;S
20241106;100136;3737;10;11386096571;S
20241106;100136;3737;15;11386096572;S
20241106;100136;3736.5;100;11386096573;S
20241106;100136;3736.5;9;11386096574;S
20241106;100136;3736.5;15;11386096575;S
20241106;100136;3736;10;11386096576;S
20241106;100136;3736;20;11386096577;S
20241106;100136;3736;144;11386096578;S
20241106;100136;3740.5;10;11386096591;B
20241106;100136;3740;10;11386096594;B
20241106;100136;3739.5;10;11386096595;B
20241106;100136;3740.5;10;11386096597;B
20241106;100136;3740;10;11386096599;B
20241106;100136;3740;5;11386096600;B
20241106;100136;3740;5;11386096601;B
20241106;100136;3740;10;11386096603;B
20241106;100136;3740;10;11386096604;B
20241106;100136;3740;10;11386096605;B
20241106;100136;3740;10;11386096606;B
20241106;100136;3740;10;11386096607;B
20241106;100136;3740;10;11386096608;B
20241106;100136;3740;5;11386096609;B
20241106;100136;3740;5;11386096647;S
20241106;100136;3740;6;11386096648;S
20241106;100136;3738.5;15;11386096649;S
20241106;100136;3738;15;11386096650;S
20241106;100136;3738;10;11386096651;S
20241106;100136;3737.5;15;11386096652;S
20241106;100136;3737;15;11386096653;S
20241106;100136;3737;16;11386096654;S
20241106;100136;3737;53;11386096655;S
20241106;100136;3739.5;10;11386096703;B
20241106;100136;3739.5;1;11386096704;B
20241106;100136;3739.5;4;11386096741;B
20241106;100136;3739.5;6;11386096742;B
20241106;100137;3740;15;11386096798;B
20241106;100137;3740;55;11386096799;B
20241106;100137;3740.5;5;11386096800;B
20241106;100137;3740.5;16;11386096801;B
20241106;100137;3740.5;30;11386096802;B
20241106;100137;3741;15;11386096803;B
20241106;100137;3741;16;11386096804;B
20241106;100137;3741.5;15;11386096805;B
20241106;100137;3742;15;11386096806;B
20241106;100137;3742;23;11386096807;B
20241106;100137;3742.5;15;11386096808;B
20241106;100137;3742.5;30;11386096809;B
20241106;100137;3738.5;15;11386096826;S
20241106;100137;3738;10;11386096827;S
20241106;100137;3738;10;11386096828;S
20241106;100137;3738.5;1;11386096844;S
20241106;100137;3738.5;14;11386096864;S
20241106;100137;3738;5;11386096865;S
20241106;100137;3738;1;11386096866;S
20241106;100137;3740;10;11386096888;B
20241106;100137;3740;5;11386097067;B
20241106;100137;3740;2;11386097115;S
20241106;100138;3741;10;11386097247;B
20241106;100138;3740.5;7;11386097418;S
20241106;100138;3741;2;11386097427;B
20241106;100138;3741;3;11386097437;B
20241106;100138;3741.5;2;11386097438;B
20241106;100139;3741.5;3;11386097841;B
20241106;100139;3741;10;11386097905;S
20241106;100139;3740.5;3;11386097906;S
20241106;100139;3740;3;11386097907;S
20241106;100139;3740;15;11386097908;S
20241106;100139;3737.5;5;11386098671;S
20241106;100139;3739;6;11386098673;B
20241106;100139;3737;1;11386098738;S
20241106;100139;3736.5;15;11386098792;S
20241106;100139;3736.5;10;11386098793;S
20241106;100139;3736;15;11386098794;S
20241106;100139;3736;20;11386098795;S
20241106;100140;3737.5;4;11386099003;B
20241106;100140;3737.5;5;11386099015;B
20241106;100141;3736.5;1;11386099341;S
20241106;100142;3738;15;11386099734;B
20241106;100142;3738;19;11386099735;B
20241106;100142;3738.5;15;11386099841;B
20241106;100142;3738;2;11386099895;S
20241106;100142;3738;1;11386099991;S
20241106;100142;3738;3;11386100082;S
20241106;100143;3738.5;15;11386100204;B
20241106;100143;3739;30;11386100205;B
20241106;100143;3739;15;11386100206;B
20241106;100143;3739.5;20;11386100207;B
20241106;100143;3737;15;11386100221;S
20241106;100143;3736.5;9;11386100222;S
20241106;100143;3736.5;15;11386100223;S
20241106;100143;3736.5;23;11386100224;S
20241106;100143;3736;15;11386100225;S
20241106;100143;3735.5;8;11386100226;S
20241106;100143;3738.5;10;11386100360;B
20241106;100143;3738.5;5;11386100367;B
20241106;100143;3739;15;11386100368;B
20241106;100143;3739;6;11386100369;B
20241106;100143;3738.5;15;11386100403;B
20241106;100143;3739;24;11386100404;B
20241106;100143;3739;16;11386100405;B
20241106;100143;3739;15;11386100406;B
20241106;100143;3739.5;15;11386100407;B
20241106;100143;3739.5;60;11386100408;B
20241106;100143;3739.5;60;11386100409;B
20241106;100143;3739.5;1;11386100410;B
20241106;100143;3740;294;11386100411;B
20241106;100143;3739;15;11386100481;B
20241106;100143;3739.5;40;11386100482;B
20241106;100144;3737;15;11386100647;S
20241106;100144;3736.5;10;11386100648;S
20241106;100144;3736.5;15;11386100649;S
20241106;100144;3736.5;10;11386100650;S
20241106;100144;3738.5;15;11386100712;B
20241106;100144;3739;14;11386100713;B
20241106;100144;3737;1;11386100813;S
20241106;100145;3738.5;15;11386101188;B
20241106;100145;3739;16;11386101189;B
20241106;100145;3739;15;11386101190;B
20241106;100145;3739;3;11386101191;B
20241106;100145;3739.5;15;11386101192;B
20241106;100145;3739.5;126;11386101193;B
20241106;100145;3739.5;1;11386101194;B
20241106;100145;3740;175;11386101195;B
20241106;100145;3740;15;11386101196;B
20241106;100145;3740;2;11386101197;B
20241106;100145;3740;23;11386101198;B
20241106;100145;3740;30;11386101199;B
20241106;100145;3740.5;55;11386101445;S
20241106;100145;3740.5;30;11386101446;S
20241106;100145;3740.5;15;11386101447;S
20241106;100146;3740.5;3;11386101635;B
20241106;100146;3740.5;10;11386101658;B
20241106;100146;3740.5;5;11386101709;S
20241106;100146;3741;25;11386101889;B
20241106;100146;3741;15;11386101890;B
20241106;100146;3741.5;10;11386101891;B
20241106;100147;3741;15;11386102469;S
20241106;100147;3741;15;11386102470;S
20241106;100148;3741;4;11386102599;B
20241106;100148;3741;40;11386102677;B
20241106;100148;3740.5;2;11386102690;S
20241106;100148;3740.5;20;11386102691;S
20241106;100148;3740.5;1;11386102712;S
20241106;100148;3740.5;39;11386102897;S
20241106;100148;3740.5;1;11386102898;S
20241106;100148;3740.5;15;11386102899;S
20241106;100148;3740;449;11386102900;S
20241106;100148;3740;4;11386102901;S
20241106;100149;3740;10;11386103006;S
20241106;100149;3740.5;15;11386103015;B
20241106;100149;3741;37;11386103016;B
20241106;100149;3741;15;11386103017;B
20241106;100149;3741.5;33;11386103018;B
20241106;100149;3740;2;11386103019;S
20241106;100149;3740.5;20;11386103029;B
20241106;100149;3740.5;15;11386103030;B
20241106;100149;3741;15;11386103031;B
20241106;100149;3741.5;67;11386103032;B
20241106;100149;3741.5;15;11386103033;B
20241106;100149;3742;60;11386103034;B
20241106;100149;3742;8;11386103035;B
20241106;100149;3741;15;11386103095;B
20241106;100149;3741.5;20;11386103096;B
20241106;100149;3740;10;11386103184;S
20241106;100149;3740;11;11386103261;S
20241106;100149;3740;78;11386103274;S
20241106;100149;3739.5;8;11386103275;S
20241106;100149;3739;15;11386103276;S
20241106;100149;3738.5;3;11386103349;S
20241106;100149;3738.5;9;11386103366;S
20241106;100149;3738.5;154;11386103370;S
20241106;100149;3738.5;55;11386103371;S
20241106;100149;3738.5;15;11386103372;S
20241106;100149;3738;23;11386103373;S
20241106;100149;3738;15;11386103374;S
20241106;100149;3737.5;13;11386103375;S
20241106;100150;3737.5;3;11386103426;S
20241106;100150;3740;1;11386103518;B
20241106;100150;3739.5;15;11386103693;B
20241106;100150;3740;14;11386103694;B
20241106;100150;3740;15;11386103695;B
20241106;100150;3740.5;15;11386103696;B
20241106;100150;3740.5;55;11386103697;B
20241106;100150;3741;15;11386103698;B
20241106;100150;3741;166;11386103699;B
20241106;100150;3741;30;11386103700;B
20241106;100150;3741;23;11386103701;B
20241106;100150;3741.5;15;11386103702;B
20241106;100150;3742;7;11386103703;B
20241106;100150;3742.5;15;11386103704;B
20241106;100150;3742.5;14;11386103705;B
20241106;100150;3742.5;60;11386103706;B
20241106;100150;3743;15;11386103707;B
20241106;100150;3743;193;11386103708;B
20241106;100150;3741.5;5;11386103738;B
20241106;100150;3741.5;1;11386103803;B
20241106;100150;3739;5;11386103805;S
20241106;100150;3741.5;1;11386103891;B
20241106;100151;3741.5;1;11386103951;B
20241106;100151;3739;1;11386103963;S
20241106;100151;3741;20;11386104193;B
20241106;100151;3741;10;11386104355;B
20241106;100152;3738.5;15;11386104605;S
20241106;100152;3741;1;11386104812;B
20241106;100152;3738.5;8;11386104827;S
20241106;100153;3738.5;23;11386104910;S
20241106;100153;3741;24;11386104917;B
20241106;100153;3741;23;11386104918;B
20241106;100153;3741;16;11386105051;S
20241106;100153;3741;1;11386105141;S
20241106;100153;3741;1;11386105202;S
20241106;100153;3741.5;10;11386105239;B
20241106;100154;3741.5;2;11386105249;B
20241106;100154;3741.5;53;11386105250;B
20241106;100154;3741;4;11386105449;S
20241106;100154;3741.5;23;11386105573;B
20241106;100154;3741.5;1;11386105678;B
20241106;100155;3741;17;11386106196;S
20241106;100155;3740;10;11386106197;S
20241106;100156;3741.5;3;11386106568;B
20241106;100157;3741.5;1;11386106603;B
20241106;100157;3739;15;11386106894;S
20241106;100157;3739;135;11386106895;S
20241106;100157;3738.5;15;11386106896;S
20241106;100157;3738;15;11386106897;S
20241106;100157;3738;16;11386106898;S
20241106;100157;3737.5;4;11386106899;S
20241106;100157;3738;10;11386106932;S
20241106;100157;3738;2;11386106950;S
20241106;100158;3739.5;15;11386107177;B
20241106;100158;3740;15;11386107178;B
20241106;100158;3739;2;11386107422;S
20241106;100159;3737.5;11;11386107820;S
20241106;100159;3737.5;12;11386107821;S
20241106;100200;3739;1;11386107984;S
20241106;100200;3738;15;11386107985;S
20241106;100200;3737.5;11;11386107986;S
20241106;100200;3737.5;6;11386107987;S
20241106;100200;3739;1;11386108220;B
20241106;100201;3739;2;11386108510;B
20241106;100201;3739;1;11386108581;B
20241106;100201;3739;11;11386108645;B
20241106;100201;3739;4;11386108646;B
20241106;100201;3739.5;2;11386108647;B
20241106;100201;3739.5;15;11386108648;B
20241106;100201;3739.5;4;11386108649;B
20241106;100201;3740;15;11386108650;B
20241106;100201;3740;1;11386108651;B
20241106;100201;3740;3;11386108652;B
20241106;100202;3739;1;11386108932;S
20241106;100202;3738.5;1;11386108933;S
20241106;100202;3740.5;1;11386108943;B
20241106;100202;3738.5;6;11386109041;S
20241106;100202;3738;15;11386109042;S
20241106;100202;3738;6;11386109043;S
20241106;100202;3737.5;9;11386109044;S
20241106;100202;3737.5;3;11386109045;S
20241106;100202;3737;11;11386109046;S
20241106;100202;3740;15;11386109167;B
20241106;100202;3740.5;29;11386109168;B
20241106;100202;3740.5;15;11386109169;B
20241106;100202;3740.5;6;11386109170;B
20241106;100202;3741;16;11386109171;B
20241106;100202;3741;15;11386109172;B
20241106;100202;3741;4;11386109173;B
20241106;100203;3738.5;1;11386109366;S
20241106;100203;3738.5;3;11386109696;S
20241106;100204;3738;4;11386109734;B
20241106;100204;3738;26;11386109905;B
20241106;100204;3738;23;11386109906;B
20241106;100204;3738;2;11386110037;S
20241106;100204;3738;1;11386110067;S
20241106;100205;3738.5;8;11386110283;B
20241106;100205;3738;5;11386110299;S
20241106;100205;3738.5;22;11386110326;B
20241106;100205;3738.5;8;11386110327;B
20241106;100205;3739;23;11386110328;B
20241106;100205;3739;8;11386110329;B
20241106;100205;3739.5;2;11386110330;B
20241106;100205;3737.5;1;11386110467;S
20241106;100205;3737;4;11386110470;S
20241106;100205;3737;13;11386110471;S
20241106;100205;3737;7;11386110472;S
20241106;100205;3736.5;14;11386110473;S
20241106;100205;3736.5;1;11386110516;S
20241106;100205;3736;15;11386110517;S
20241106;100205;3736;16;11386110518;S
20241106;100205;3735.5;8;11386110519;S
20241106;100205;3735.5;4;11386110574;S
20241106;100205;3735.5;15;11386110575;S
20241106;100205;3735.5;1;11386110576;S
20241106;100205;3737.5;2;11386110587;B
20241106;100206;3736.5;1;11386110728;B
20241106;100206;3736;15;11386110920;S
20241106;100206;3735.5;22;11386110921;S
20241106;100206;3735.5;10;11386110922;S
20241106;100206;3735.5;15;11386110923;S
20241106;100206;3735.5;6;11386110924;S
20241106;100206;3735;10;11386110925;S
20241106;100206;3735;15;11386110926;S
20241106;100206;3735;5;11386110927;S
20241106;100206;3735;2;11386110928;S
20241106;100206;3738;7;11386110944;B
20241106;100206;3738;2;11386111157;B
20241106;100206;3738;1;11386111158;B
20241106;100207;3738;1;11386111210;S
20241106;100207;3738;5;11386111211;S
20241106;100207;3737.5;10;11386111212;S
20241106;100207;3737.5;10;11386111213;S
20241106;100207;3739;15;11386111224;B
20241106;100207;3739;10;11386111225;B
20241106;100207;3737;8;11386111276;S
20241106;100207;3736;15;11386111352;S
20241106;100207;3736;41;11386111353;B
20241106;100207;3736;10;11386111354;B
20241106;100207;3736;10;11386111357;B
20241106;100207;3736;10;11386111358;B
20241106;100207;3736;10;11386111359;B
20241106;100207;3736;10;11386111360;B
20241106;100207;3736;10;11386111361;B
20241106;100207;3736;10;11386111362;B
20241106;100207;3736;10;11386111363;B
20241106;100207;3736;10;11386111364;B
20241106;100207;3736;10;11386111365;B
20241106;100207;3736;10;11386111366;B
20241106;100207;3736;10;11386111367;B
20241106;100207;3736;10;11386111369;B
20241106;100207;3736;10;11386111370;B
20241106;100207;3736;10;11386111371;B
20241106;100207;3736;10;11386111372;B
20241106;100207;3736;10;11386111374;B
20241106;100207;3736;10;11386111375;B
20241106;100207;3736;10;11386111376;B
20241106;100207;3736;5;11386111377;B
20241106;100208;3735;15;11386111616;S
20241106;100208;3735;55;11386111617;S
20241106;100208;3734.5;10;11386111618;S
20241106;100208;3736;16;11386111826;B
20241106;100208;3736;5;11386111871;B
20241106;100208;3736;8;11386111917;B
20241106;100208;3736;55;11386111918;B
20241106;100208;3736;15;11386111919;B
20241106;100208;3736.5;450;11386111920;B
20241106;100208;3736.5;15;11386111921;B
20241106;100208;3737;15;11386111922;B
20241106;100208;3737.5;1;11386111923;B
20241106;100208;3737.5;15;11386111924;B
20241106;100208;3737.5;16;11386111925;B
20241106;100208;3738;15;11386111926;B
20241106;100208;3738;23;11386111927;B
20241106;100208;3738;30;11386111928;B
20241106;100208;3738.5;15;11386111929;B
20241106;100208;3739;15;11386111930;B
20241106;100208;3739;60;11386111931;B
20241106;100208;3739;60;11386111932;B
20241106;100208;3739.5;15;11386111933;B
20241106;100208;3739.5;160;11386111934;B
20241106;100208;3740;1;11386111935;B
20241106;100208;3740;108;11386111936;B
20241106;100208;3736.5;1;11386111970;S
20241106;100208;3739;5;11386111971;B
20241106;100209;3736.5;15;11386112140;S
20241106;100209;3736;15;11386112141;S
20241106;100209;3736;60;11386112142;S
20241106;100209;3736;23;11386112143;S
20241106;100209;3735.5;15;11386112144;S
20241106;100209;3735.5;16;11386112145;S
20241106;100209;3735.5;246;11386112146;S
20241106;100209;3735;15;11386112147;S
20241106;100209;3735;16;11386112148;S
20241106;100209;3735;29;11386112149;S
20241106;100209;3735.5;15;11386112199;S
20241106;100209;3735;15;11386112200;S
20241106;100209;3735;23;11386112201;S
20241106;100209;3734.5;15;11386112202;S
20241106;100209;3734.5;6;11386112203;S
20241106;100209;3734;15;11386112204;S
20241106;100209;3734;35;11386112205;S
20241106;100209;3736;15;11386112263;B
20241106;100209;3736.5;30;11386112264;B
20241106;100209;3736.5;13;11386112265;B
20241106;100209;3735;15;11386112386;S
20241106;100209;3734.5;15;11386112387;S
20241106;100209;3735;15;11386112442;S
20241106;100209;3734.5;5;11386112443;S
20241106;100209;3737;3;11386112471;B
20241106;100210;3737;12;11386112705;B
20241106;100210;3737;16;11386112706;B
20241106;100210;3737;100;11386112707;B
20241106;100210;3737;2;11386112787;S
20241106;100210;3737;3;11386112799;S
20241106;100210;3738;15;11386112819;B
20241106;100210;3738.5;15;11386112820;B
20241106;100210;3738.5;23;11386112821;B
20241106;100210;3738.5;30;11386112822;B
20241106;100210;3739;20;11386112823;B
20241106;100210;3739;15;11386112824;B
20241106;100210;3739;16;11386112825;B
20241106;100210;3739.5;20;11386112826;B
20241106;100210;3739.5;15;11386112827;B
20241106;100210;3739.5;60;11386112828;B
20241106;100210;3739.5;1;11386112829;B
20241106;100210;3739.5;60;11386112830;B
20241106;100210;3739.5;60;11386112831;B
20241106;100210;3740;317;11386112832;B
20241106;100210;3737;5;11386112923;S
20241106;100211;3737;10;11386112993;S
20241106;100211;3738.5;2;11386113174;B
20241106;100211;3738.5;1;11386113353;B
20241106;100212;3738.5;9;11386113665;B
20241106;100212;3738.5;2;11386113910;B
20241106;100212;3738.5;1;11386113913;B
20241106;100212;3738.5;1;11386113914;B
20241106;100212;3738.5;1;11386113917;B
20241106;100212;3738.5;1;11386113918;B
20241106;100212;3738.5;1;11386113920;B
20241106;100212;3738.5;1;11386113922;B
20241106;100212;3738.5;1;11386113923;B
20241106;100212;3738.5;1;11386113932;B
20241106;100212;3738.5;1;11386113933;B
20241106;100212;3739;1;11386113935;B
20241106;100212;3739;1;11386113936;B
20241106;100212;3739;1;11386113939;B
20241106;100212;3739;1;11386113940;B
20241106;100212;3739;1;11386113941;B
20241106;100212;3739;1;11386113942;B
20241106;100212;3739;1;11386113945;B
20241106;100212;3739;1;11386113949;B
20241106;100212;3739;1;11386113950;B
20241106;100212;3739;1;11386113953;B
20241106;100212;3739;1;11386113956;B
20241106;100212;3739;1;11386113957;B
20241106;100212;3739;1;11386113959;B
20241106;100212;3739;1;11386113960;B
20241106;100212;3739;1;11386113962;B
20241106;100212;3739;1;11386113963;B
20241106;100212;3739;1;11386113964;B
20241106;100212;3739;1;11386113966;B
20241106;100212;3739;2;11386113988;B
20241106;100212;3739;1;11386113989;B
20241106;100212;3739;1;11386113990;B
20241106;100212;3739.5;1;11386113992;B
20241106;100212;3739.5;1;11386113993;B
20241106;100212;3739.5;1;11386113998;B
20241106;100212;3739.5;1;11386113999;B
20241106;100212;3739.5;1;11386114000;B
20241106;100212;3739.5;1;11386114001;B
20241106;100212;3739.5;2;11386114003;B
20241106;100212;3739.5;1;11386114005;B
20241106;100213;3739.5;2;11386114006;B
20241106;100213;3739.5;1;11386114008;B
20241106;100213;3739.5;1;11386114014;B
20241106;100213;3739.5;1;11386114029;B
20241106;100213;3739.5;1;11386114039;B
20241106;100213;3739.5;1;11386114040;B
20241106;100213;3739.5;1;11386114041;B
20241106;100213;3739.5;1;11386114042;B
20241106;100213;3739.5;1;11386114043;B
20241106;100213;3739.5;1;11386114044;B
20241106;100213;3739.5;1;11386114047;B
20241106;100213;3738;15;11386114048;S
20241106;100213;3737.5;55;11386114049;S
20241106;100213;3737.5;15;11386114050;S
20241106;100213;3737;2;11386114051;S
20241106;100213;3737;55;11386114052;S
20241106;100213;3737;100;11386114053;S
20241106;100213;3737;15;11386114054;S
20241106;100213;3736.5;15;11386114055;S
20241106;100213;3736.5;16;11386114056;S
20241106;100213;3736;15;11386114057;S
20241106;100213;3736;1;11386114058;S
20241106;100213;3736;23;11386114059;S
20241106;100213;3735.5;15;11386114060;S
20241106;100213;3735.5;30;11386114061;S
20241106;100213;3735;15;11386114062;S
20241106;100213;3735;60;11386114063;S
20241106;100213;3735;60;11386114064;S
20241106;100213;3734.5;15;11386114065;S
20241106;100213;3734.5;400;11386114066;S
20241106;100213;3734;15;11386114067;S
20241106;100213;3733.5;15;11386114068;S
20241106;100213;3733.5;16;11386114069;S
20241106;100213;3733.5;1;11386114070;S
20241106;100213;3733;1;11386114071;S
20241106;100213;3733;6;11386114072;S
20241106;100213;3732.5;6;11386114073;S
20241106;100213;3732.5;3;11386114074;S
20241106;100213;3732;15;11386114075;S
20241106;100213;3739.5;1;11386114076;B
20241106;100213;3739;1;11386114077;B
20241106;100213;3738.5;1;11386114078;B
20241106;100213;3738;1;11386114079;B
20241106;100213;3738;1;11386114084;B
20241106;100213;3738;1;11386114086;B
20241106;100213;3738;1;11386114087;B
20241106;100213;3738;1;11386114089;B
20241106;100213;3738;1;11386114091;B
20241106;100213;3738;2;11386114092;B
20241106;100213;3738;1;11386114098;B
20241106;100213;3738;1;11386114099;B
20241106;100213;3738.5;1;11386114114;B
20241106;100213;3738.5;2;11386114115;B
20241106;100213;3738.5;1;11386114117;B
20241106;100213;3738.5;1;11386114118;B
20241106;100213;3738.5;1;11386114119;B
20241106;100213;3738.5;1;11386114120;B
