<DATE>;<TIME>;<LAST>;<VOL>;<ID>;<OPER>
20241017;095951;4120;2;11308040546;S
20241017;095951;4120;8;11308040547;B
20241017;095951;4120;1;11308040548;S
20241017;095951;4120;1;11308040549;S
20241017;095951;4120;1;11308040550;B
20241017;095951;4120;5;11308040551;S
20241017;095951;4120;1;11308040552;S
20241017;095951;4120;5;11308040553;S
20241017;095951;4120;15;11308040554;B
20241017;095951;4120;1;11308040555;S
20241017;095951;4120;1;11308040556;B
20241017;095951;4120;2;11308040557;B
20241017;095951;4120;3;11308040558;B
20241017;100003;4130;2;11308044605;B
20241017;100004;4123;1;11308045254;S
20241017;100004;4123;1;11308045993;S
20241017;100004;4123;1;11308046091;S
20241017;100005;4130;1;11308046829;B
20241017;100005;4124;2;11308046835;S
20241017;100005;4130;4;11308046854;B
20241017;100005;4123;1;11308046857;S
20241017;100005;4122;5;11308046867;S
20241017;100005;4122;5;11308046868;S
20241017;100005;4130;1;11308046957;B
20241017;100006;4124;1;11308047616;S
20241017;100006;4129;1;11308048437;B
20241017;100006;4130;1;11308049090;B
20241017;100006;4123;1;11308049455;S
20241017;100006;4122;1;11308049456;S
20241017;100006;4122;1;11308049457;S
20241017;100007;4130;1;11308049609;B
20241017;100007;4132;1;11308050344;B
20241017;100007;4133;1;11308050345;B
20241017;100010;4126;3;11308051179;S
20241017;100013;4129;1;11308052010;B
20241017;100013;4130;1;11308052011;B
20241017;100016;4131;1;11308052867;B
20241017;100022;4129;1;11308054659;S
20241017;100031;4131;1;11308057025;B
20241017;100031;4132;1;11308057026;B
20241017;100033;4132;1;11308057326;B
20241017;100039;4132;5;11308058789;B
20241017;100040;4132;5;11308058952;B
20241017;100040;4132;1;11308059047;B
20241017;100040;4133;1;11308059048;B
20241017;100057;4134;9;11308063210;B
20241017;100100;4131;1;11308063822;S
20241017;100100;4131;10;11308063823;S
20241017;100100;4130;1;11308063824;S
20241017;100100;4130;2;11308063825;S
20241017;100100;4129;1;11308063826;S
20241017;100100;4129;13;11308063827;S
20241017;100100;4129;7;11308063828;S
20241017;100100;4129;5;11308063829;S
20241017;100100;4128;1;11308063830;S
20241017;100100;4128;10;11308063831;S
20241017;100100;4128;49;11308063832;S
20241017;100100;4128;11;11308063861;S
20241017;100100;4127;1;11308063862;S
20241017;100100;4127;12;11308063863;S
20241017;100100;4127;11;11308063864;S
20241017;100100;4125;15;11308063865;S
20241017;100106;4133;1;11308065341;B
20241017;100106;4133;1;11308065342;B
20241017;100106;4134;1;11308065343;B
20241017;100108;4133;1;11308065859;B
20241017;100129;4131;1;11308071337;B
20241017;100143;4131;1;11308075088;B
20241017;100143;4131;1;11308075089;B
20241017;100143;4131;1;11308075090;B
20241017;100143;4131;1;11308075091;B
20241017;100143;4131;1;11308075092;B
20241017;100143;4132;12;11308075093;B
20241017;100143;4132;2;11308075094;B
20241017;100143;4133;1;11308075095;S
20241017;100149;4133;40;11308076488;S
20241017;100150;4136;5;11308076713;B
20241017;100152;4134;4;11308077447;B
20241017;100152;4134;1;11308077494;B
20241017;100154;4134;2;11308077945;B
20241017;100154;4135;10;11308077946;B
20241017;100200;4135;12;11308079689;B
20241017;100208;4135;2;11308081660;B
20241017;100208;4135;2;11308081661;B
20241017;100211;4133;22;11308082428;S
20241017;100211;4133;1;11308082429;S
20241017;100229;4132;1;11308087792;S
20241017;100231;4130;10;11308088504;S
20241017;100231;4130;14;11308088505;S
20241017;100236;4130;4;11308089683;S
20241017;100238;4130;2;11308090065;S
20241017;100238;4130;3;11308090066;S
20241017;100243;4131;1;11308090892;B
20241017;100246;4126;1;11308091268;S
20241017;100246;4126;1;11308091269;S
20241017;100251;4127;1;11308092098;S
20241017;100256;4126;4;11308093062;S
20241017;100256;4126;1;11308093063;S
20241017;100312;4130;3;11308095632;B
20241017;100323;4127;4;11308098335;S
20241017;100330;4130;1;11308099528;B
20241017;100338;4127;10;11308101415;S
20241017;100341;4127;2;11308101878;S
20241017;100341;4127;1;11308101879;S
20241017;100343;4128;5;11308102309;S
20241017;100344;4129;1;11308102641;B
20241017;100344;4130;3;11308102642;B
20241017;100344;4128;2;11308102657;S
20241017;100347;4128;2;11308103315;S
20241017;100347;4128;1;11308103316;S
20241017;100351;4128;2;11308104009;S
20241017;100351;4128;1;11308104010;S
20241017;100354;4129;1;11308104468;S
20241017;100354;4129;2;11308104469;S
20241017;100357;4129;1;11308105096;S
20241017;100357;4129;2;11308105097;S
20241017;100358;4130;2;11308105385;B
20241017;100400;4129;1;11308105730;S
20241017;100400;4129;1;11308105731;S
20241017;100400;4128;1;11308105732;S
20241017;100403;4128;2;11308106151;S
20241017;100403;4128;1;11308106152;S
20241017;100406;4128;2;11308106769;S
20241017;100406;4128;1;11308106770;S
20241017;100410;4128;2;11308107209;S
20241017;100410;4128;1;11308107210;S
20241017;100411;4128;8;11308107478;S
20241017;100413;4128;2;11308107775;S
20241017;100413;4128;1;11308107776;S
20241017;100416;4128;2;11308108340;S
20241017;100416;4128;1;11308108341;S
20241017;100419;4128;1;11308109036;S
20241017;100419;4128;2;11308109037;S
20241017;100422;4128;1;11308109706;S
20241017;100422;4128;2;11308109707;S
20241017;100425;4128;2;11308110178;S
20241017;100425;4128;1;11308110179;S
20241017;100428;4128;1;11308110720;S
20241017;100428;4128;1;11308110721;S
20241017;100428;4128;1;11308110722;S
20241017;100432;4128;1;11308111349;S
20241017;100432;4128;1;11308111350;S
20241017;100432;4128;1;11308111351;S
20241017;100435;4128;2;11308112103;S
20241017;100435;4128;1;11308112104;S
20241017;100438;4128;1;11308112634;S
20241017;100438;4127;1;11308112635;S
20241017;100438;4127;1;11308112636;S
20241017;100441;4127;2;11308113230;S
20241017;100441;4127;1;11308113231;S
20241017;100444;4128;2;11308113974;S
20241017;100444;4128;1;11308113975;S
20241017;100447;4129;1;11308114531;B
20241017;100447;4129;2;11308114532;B
20241017;100447;4130;5;11308114533;B
20241017;100447;4130;4;11308114534;B
20241017;100447;4128;1;11308114619;S
20241017;100450;4128;1;11308115299;S
20241017;100450;4127;1;11308115300;S
20241017;100450;4127;1;11308115301;S
20241017;100454;4129;1;11308115905;B
20241017;100454;4127;2;11308115907;S
20241017;100455;4127;1;11308116237;S
20241017;100457;4127;2;11308116577;S
20241017;100457;4127;1;11308116578;S
20241017;100500;4127;2;11308117225;S
20241017;100500;4127;1;11308117227;S
20241017;100503;4127;2;11308118398;S
20241017;100503;4127;1;11308118402;S
20241017;100506;4127;1;11308119217;S
20241017;100506;4125;1;11308119218;S
20241017;100506;4126;1;11308119219;S
20241017;100508;4129;1;11308119502;B
20241017;100508;4130;1;11308119715;B
20241017;100509;4127;2;11308119863;S
20241017;100509;4127;1;11308119864;S
20241017;100513;4127;2;11308120599;S
20241017;100513;4126;1;11308120600;S
20241017;100516;4126;2;11308121166;S
20241017;100516;4126;1;11308121167;S
20241017;100519;4128;2;11308121947;S
20241017;100519;4128;1;11308121948;S
20241017;100522;4128;2;11308122525;S
20241017;100522;4128;1;11308122526;S
20241017;100525;4128;2;11308123214;S
20241017;100525;4128;1;11308123215;S
20241017;100528;4128;1;11308123773;S
20241017;100528;4128;1;11308123774;S
20241017;100528;4128;1;11308123775;S
20241017;100531;4127;1;11308124335;S
20241017;100531;4127;1;11308124336;S
20241017;100531;4127;1;11308124337;S
20241017;100535;4127;2;11308124820;S
20241017;100535;4127;1;11308124821;S
20241017;100538;4126;1;11308125146;S
20241017;100538;4126;1;11308125147;S
20241017;100538;4126;1;11308125148;S
20241017;100541;4126;1;11308125918;S
20241017;100541;4126;1;11308125919;S
20241017;100541;4125;1;11308125920;S
20241017;100542;4129;1;11308126490;B
20241017;100544;4126;1;11308126863;S
20241017;100544;4125;1;11308126866;S
20241017;100544;4125;1;11308126867;S
20241017;100547;4125;2;11308127515;S
20241017;100547;4125;1;11308127516;S
20241017;100550;4128;2;11308127981;S
20241017;100550;4128;1;11308127982;S
20241017;100551;4128;20;11308128036;S
20241017;100552;4128;11;11308128329;S
20241017;100553;4128;7;11308128496;S
20241017;100553;4128;2;11308128532;S
20241017;100553;4128;1;11308128533;S
20241017;100554;4128;25;11308128615;S
20241017;100555;4128;25;11308128696;S
20241017;100557;4128;2;11308129046;S
20241017;100557;4128;1;11308129047;S
20241017;100557;4128;3;11308129048;S
20241017;100600;4128;2;11308129765;S
20241017;100600;4125;1;11308129766;S
20241017;100603;4125;1;11308130650;S
20241017;100603;4125;2;11308130651;S
20241017;100606;4126;1;11308131577;S
20241017;100606;4125;1;11308131578;S
20241017;100606;4125;1;11308131579;S
20241017;100608;4128;1;11308132067;B
20241017;100609;4125;2;11308132279;S
20241017;100609;4125;1;11308132280;S
20241017;100612;4125;2;11308133018;S
20241017;100612;4125;1;11308133019;S
20241017;100616;4125;2;11308133728;S
20241017;100616;4125;1;11308133729;S
20241017;100619;4125;2;11308134457;S
20241017;100619;4125;1;11308134458;S
20241017;100622;4125;2;11308135190;S
20241017;100622;4125;1;11308135192;S
20241017;100624;4128;1;11308135668;B
20241017;100625;4125;2;11308135717;S
20241017;100625;4125;1;11308135718;S
20241017;100625;4128;11;11308135733;B
20241017;100627;4128;25;11308136190;S
20241017;100627;4128;25;11308136332;S
20241017;100628;4128;1;11308136558;S
20241017;100628;4128;2;11308136559;S
20241017;100631;4128;1;11308137247;S
20241017;100631;4128;2;11308137248;S
20241017;100634;4128;1;11308137910;S
20241017;100634;4128;2;11308137911;S
20241017;100636;4129;1;11308138224;B
20241017;100638;4128;1;11308138567;S
20241017;100638;4128;2;11308138568;S
20241017;100639;4129;1;11308138751;B
20241017;100641;4128;1;11308139185;S
20241017;100641;4128;2;11308139187;S
20241017;100643;4128;15;11308139592;S
20241017;100643;4128;25;11308139685;S
20241017;100644;4128;1;11308139877;S
20241017;100644;4128;2;11308139878;S
20241017;100647;4128;1;11308140576;S
20241017;100647;4128;2;11308140577;S
20241017;100650;4128;1;11308141406;S
20241017;100650;4128;2;11308141407;S
20241017;100653;4128;1;11308142065;S
20241017;100653;4128;2;11308142066;S
20241017;100656;4128;1;11308142535;S
20241017;100656;4128;1;11308142554;S
20241017;100656;4128;2;11308142555;S
20241017;100700;4128;1;11308143072;S
20241017;100700;4128;2;11308143073;S
20241017;100703;4128;1;11308143774;S
20241017;100703;4128;2;11308143775;S
20241017;100703;4129;1;11308143841;B
20241017;100706;4128;1;11308144263;S
20241017;100706;4128;2;11308144264;S
20241017;100709;4128;1;11308144676;S
20241017;100709;4128;2;11308144677;S
20241017;100712;4128;1;11308145177;S
20241017;100712;4128;2;11308145178;S
20241017;100715;4128;1;11308145616;S
20241017;100715;4128;2;11308145617;S
20241017;100718;4129;5;11308145971;B
20241017;100719;4128;1;11308145978;S
20241017;100719;4128;2;11308145979;S
20241017;100720;4128;5;11308146148;S
20241017;100720;4128;1;11308146296;S
20241017;100722;4128;1;11308146480;S
20241017;100722;4128;2;11308146481;S
20241017;100725;4128;1;11308146955;S
20241017;100725;4128;2;11308146956;S
20241017;100728;4128;1;11308147429;S
20241017;100728;4128;2;11308147430;S
20241017;100731;4128;1;11308147851;S
20241017;100731;4128;2;11308147852;S
20241017;100734;4128;1;11308148325;S
20241017;100734;4128;2;11308148326;S
20241017;100736;4128;1;11308148537;S
20241017;100736;4129;8;11308148565;B
20241017;100737;4129;2;11308148670;B
20241017;100737;4128;1;11308148773;S
20241017;100737;4128;2;11308148774;S
20241017;100741;4128;1;11308149290;S
20241017;100741;4128;2;11308149291;S
20241017;100744;4128;1;11308149864;S
20241017;100744;4128;2;11308149865;S
20241017;100746;4129;32;11308150176;B
20241017;100746;4130;68;11308150177;B
20241017;100747;4128;2;11308150355;S
20241017;100747;4128;1;11308150356;S
20241017;100750;4128;1;11308150787;S
20241017;100750;4128;2;11308150788;S
20241017;100753;4128;1;11308151140;S
20241017;100753;4128;2;11308151141;S
20241017;100756;4128;1;11308151664;S
20241017;100756;4128;2;11308151665;S
20241017;100758;4129;1;11308151920;B
20241017;100758;4129;5;11308151995;B
20241017;100759;4128;1;11308152188;S
20241017;100759;4128;2;11308152189;S
20241017;100803;4128;1;11308152720;S
20241017;100803;4128;2;11308152721;S
20241017;100806;4128;1;11308153146;S
20241017;100806;4128;2;11308153147;S
20241017;100809;4128;1;11308153503;S
20241017;100809;4128;2;11308153504;S
20241017;100812;4128;1;11308154153;S
20241017;100812;4128;2;11308154155;S
20241017;100815;4128;1;11308154557;S
20241017;100815;4128;2;11308154558;S
20241017;100818;4128;1;11308155196;S
20241017;100818;4128;2;11308155199;S
20241017;100822;4128;1;11308155738;S
20241017;100822;4128;2;11308155740;S
20241017;100823;4129;4;11308155960;B
20241017;100823;4130;3;11308155961;B
20241017;100825;4128;2;11308156211;S
20241017;100825;4128;1;11308156212;S
20241017;100828;4128;2;11308156714;S
20241017;100828;4128;1;11308156715;S
20241017;100831;4128;2;11308157125;S
20241017;100831;4128;1;11308157126;S
20241017;100834;4128;2;11308157542;S
20241017;100834;4128;1;11308157543;S
20241017;100837;4128;2;11308158050;S
20241017;100837;4128;1;11308158051;S
20241017;100840;4128;2;11308158576;S
20241017;100840;4128;1;11308158578;S
20241017;100844;4128;2;11308159074;S
20241017;100844;4128;1;11308159075;S
20241017;100845;4130;3;11308159265;B
20241017;100847;4128;2;11308159481;S
20241017;100847;4128;1;11308159482;S
20241017;100850;4128;1;11308160108;S
20241017;100850;4128;2;11308160109;S
20241017;100853;4128;1;11308160560;S
20241017;100853;4128;1;11308160561;S
20241017;100853;4128;1;11308160562;S
20241017;100856;4128;1;11308161046;S
20241017;100856;4128;2;11308161047;S
20241017;100856;4129;1;11308161073;B
20241017;100859;4128;1;11308161596;S
20241017;100859;4128;2;11308161599;S
20241017;100902;4128;1;11308162168;S
20241017;100902;4128;2;11308162169;S
20241017;100906;4128;1;11308162679;S
20241017;100906;4128;2;11308162680;S
20241017;100909;4128;1;11308163279;S
20241017;100909;4128;2;11308163280;S
20241017;100912;4128;1;11308163947;S
20241017;100912;4128;2;11308163949;S
20241017;100914;4129;1;11308164464;B
20241017;100915;4128;1;11308164592;S
20241017;100915;4128;2;11308164594;S
20241017;100917;4129;2;11308164926;B
20241017;100918;4128;1;11308165196;S
20241017;100918;4128;2;11308165199;S
20241017;100921;4128;1;11308165832;S
20241017;100921;4128;2;11308165835;S
20241017;100925;4128;1;11308166515;S
20241017;100925;4128;2;11308166516;S
20241017;100928;4128;1;11308166985;S
20241017;100928;4128;2;11308166986;S
20241017;100931;4128;1;11308167522;S
20241017;100931;4128;2;11308167523;S
20241017;100934;4128;1;11308167960;S
20241017;100934;4128;2;11308167961;S
20241017;100937;4128;1;11308168370;S
20241017;100937;4128;2;11308168371;S
20241017;100940;4128;1;11308168882;S
20241017;100940;4128;2;11308168883;S
20241017;100943;4128;10;11308169264;S
20241017;100943;4128;1;11308169338;S
20241017;100943;4128;2;11308169339;S
20241017;100944;4128;20;11308169412;S
20241017;100945;4128;1;11308169534;S
20241017;100947;4128;1;11308169816;S
20241017;100947;4128;2;11308169817;S
20241017;100947;4129;6;11308169861;B
20241017;100947;4130;8;11308169862;B
20241017;100950;4128;2;11308170221;S
20241017;100950;4128;1;11308170222;S
20241017;100953;4128;2;11308170599;S
20241017;100953;4128;1;11308170600;S
20241017;100956;4129;1;11308170968;B
20241017;100956;4130;9;11308170969;B
20241017;100956;4128;2;11308170971;S
20241017;100959;4128;2;11308171422;S
20241017;100959;4128;1;11308171423;S
20241017;101002;4128;1;11308172024;S
20241017;101002;4128;2;11308172025;S
20241017;101005;4128;1;11308172334;S
20241017;101005;4128;2;11308172335;S
20241017;101006;4129;5;11308172344;B
20241017;101006;4130;5;11308172345;B
20241017;101007;4128;15;11308172488;S
20241017;101009;4128;2;11308172734;S
20241017;101009;4128;1;11308172735;S
20241017;101012;4128;2;11308173235;S
20241017;101012;4128;1;11308173236;S
20241017;101014;4129;5;11308173554;B
20241017;101014;4129;1;11308173555;B
20241017;101014;4130;1;11308173556;B
20241017;101015;4128;2;11308173613;S
20241017;101018;4128;2;11308174008;S
20241017;101018;4128;1;11308174009;S
20241017;101021;4128;2;11308174668;S
20241017;101021;4128;1;11308174670;S
20241017;101024;4128;2;11308175206;S
20241017;101024;4128;1;11308175207;S
20241017;101027;4128;2;11308175755;S
20241017;101028;4128;2;11308175798;S
20241017;101028;4128;1;11308175799;S
20241017;101028;4128;12;11308175862;S
20241017;101031;4128;2;11308176384;S
20241017;101031;4128;1;11308176388;S
20241017;101034;4128;2;11308177167;S
20241017;101034;4128;1;11308177168;S
20241017;101037;4128;2;11308177762;S
20241017;101037;4128;1;11308177763;S
20241017;101038;4130;1;11308178010;B
20241017;101040;4128;2;11308178340;S
20241017;101040;4128;1;11308178341;S
20241017;101043;4128;2;11308178981;S
20241017;101043;4128;1;11308178982;S
20241017;101046;4128;2;11308179526;S
20241017;101046;4128;1;11308179527;S
20241017;101050;4128;2;11308180150;S
20241017;101050;4128;1;11308180151;S
20241017;101053;4128;2;11308180785;S
20241017;101053;4128;1;11308180786;S
20241017;101056;4128;1;11308181183;S
20241017;101056;4128;2;11308181184;S
20241017;101058;4129;1;11308181465;B
20241017;101058;4129;2;11308181466;B
20241017;101059;4128;1;11308181637;S
20241017;101102;4128;2;11308182139;S
20241017;101102;4128;1;11308182140;S
20241017;101105;4128;2;11308182635;S
20241017;101105;4128;1;11308182636;S
20241017;101108;4129;1;11308183209;B
20241017;101108;4130;1;11308183210;B
20241017;101108;4128;2;11308183222;S
20241017;101109;4130;4;11308183476;B
20241017;101112;4128;2;11308183827;S
20241017;101112;4128;1;11308183828;S
20241017;101112;4130;2;11308183833;B
20241017;101115;4128;2;11308184246;S
20241017;101115;4128;1;11308184247;S
20241017;101118;4128;2;11308184627;S
20241017;101118;4128;1;11308184628;S
20241017;101119;4128;1;11308184762;S
20241017;101121;4128;1;11308185097;S
20241017;101121;4128;2;11308185098;S
20241017;101124;4129;1;11308185518;B
20241017;101124;4129;2;11308185519;B
20241017;101124;4129;1;11308185577;S
20241017;101127;4129;1;11308186005;S
20241017;101127;4129;2;11308186006;S
20241017;101131;4129;1;11308186301;S
20241017;101131;4129;2;11308186302;S
20241017;101134;4128;2;11308186919;S
20241017;101134;4128;1;11308186924;S
20241017;101137;4128;2;11308187449;S
20241017;101137;4128;1;11308187450;S
20241017;101137;4130;20;11308187469;B
20241017;101137;4128;4;11308187478;S
20241017;101140;4128;2;11308187775;S
20241017;101140;4128;1;11308187776;S
20241017;101143;4128;2;11308188167;S
20241017;101143;4128;1;11308188168;S
20241017;101146;4128;2;11308188557;S
20241017;101146;4128;1;11308188558;S
20241017;101149;4129;1;11308189073;S
20241017;101149;4129;2;11308189074;S
20241017;101153;4129;1;11308189579;S
20241017;101153;4129;2;11308189582;S
20241017;101156;4129;1;11308190188;S
20241017;101156;4129;2;11308190189;S
20241017;101159;4129;1;11308190698;S
20241017;101159;4129;2;11308190699;S
20241017;101202;4129;1;11308191158;S
20241017;101202;4129;2;11308191159;S
20241017;101205;4129;1;11308191861;S
20241017;101205;4129;2;11308191862;S
20241017;101207;4129;32;11308192121;S
20241017;101207;4129;7;11308192122;S
20241017;101207;4128;50;11308192123;S
20241017;101207;4128;1;11308192124;S
20241017;101207;4128;10;11308192125;S
20241017;101208;4128;100;11308192197;S
20241017;101208;4128;2;11308192281;S
20241017;101208;4128;1;11308192282;S
20241017;101209;4128;92;11308192341;S
20241017;101209;4128;8;11308192342;S
20241017;101211;4128;2;11308192832;S
20241017;101211;4128;1;11308192833;S
20241017;101215;4128;1;11308193245;S
20241017;101215;4128;2;11308193247;S
20241017;101218;4128;2;11308193701;S
20241017;101218;4128;1;11308193702;S
20241017;101219;4129;2;11308193931;B
20241017;101221;4128;2;11308194472;S
20241017;101221;4128;1;11308194473;S
20241017;101224;4128;1;11308194984;S
20241017;101224;4128;2;11308194985;S
20241017;101227;4128;1;11308195490;S
20241017;101227;4128;2;11308195491;S
20241017;101230;4128;1;11308195942;S
20241017;101230;4128;2;11308195943;S
20241017;101234;4128;1;11308196428;S
20241017;101234;4128;2;11308196429;S
20241017;101237;4128;1;11308196850;S
20241017;101237;4128;2;11308196851;S
20241017;101239;4129;2;11308197134;B
20241017;101240;4128;1;11308197197;S
20241017;101240;4128;2;11308197198;S
20241017;101243;4128;2;11308197598;S
20241017;101243;4128;1;11308197599;S
20241017;101246;4128;1;11308197906;S
20241017;101246;4128;2;11308197907;S
20241017;101249;4128;1;11308198321;S
20241017;101249;4128;1;11308198322;S
20241017;101249;4128;1;11308198323;S
20241017;101252;4128;1;11308198565;S
20241017;101252;4128;2;11308198566;S
20241017;101252;4129;1;11308198580;B
20241017;101256;4128;1;11308199005;S
20241017;101256;4128;2;11308199006;S
20241017;101258;4129;2;11308199223;B
20241017;101259;4128;1;11308199298;S
20241017;101259;4128;2;11308199299;S
20241017;101302;4128;1;11308199589;S
20241017;101302;4128;2;11308199590;S
20241017;101304;4128;1;11308199820;S
20241017;101305;4128;1;11308199921;S
20241017;101305;4128;2;11308199922;S
20241017;101308;4128;1;11308200197;S
20241017;101308;4128;2;11308200198;S
20241017;101309;4128;5;11308200269;S
20241017;101309;4128;1;11308200270;S
20241017;101309;4128;237;11308200271;S
20241017;101309;4128;10;11308200272;S
20241017;101311;4129;1;11308200646;B
20241017;101311;4129;18;11308200647;B
20241017;101311;4128;1;11308200750;S
20241017;101311;4128;2;11308200751;S
20241017;101314;4128;1;11308201118;S
20241017;101314;4128;2;11308201119;S
20241017;101316;4129;3;11308201323;B
20241017;101318;4128;1;11308201632;S
20241017;101318;4128;2;11308201633;S
20241017;101321;4128;1;11308202028;S
20241017;101321;4128;2;11308202029;S
20241017;101321;4129;1;11308202123;B
20241017;101324;4128;1;11308202562;S
20241017;101324;4128;2;11308202563;S
20241017;101327;4128;1;11308202936;S
20241017;101327;4128;2;11308202937;S
20241017;101327;4129;1;11308203010;B
20241017;101330;4128;1;11308203330;S
20241017;101330;4128;2;11308203331;S
20241017;101333;4128;1;11308203926;S
20241017;101333;4128;2;11308203927;S
20241017;101337;4128;1;11308204269;S
20241017;101337;4128;2;11308204271;S
20241017;101340;4128;1;11308204790;S
20241017;101340;4128;2;11308204791;S
20241017;101343;4128;1;11308205223;S
20241017;101343;4128;2;11308205224;S
20241017;101344;4129;1;11308205417;B
20241017;101344;4128;110;11308205464;S
20241017;101344;4128;1;11308205465;S
20241017;101345;4127;1;11308205659;S
20241017;101346;4126;1;11308205662;S
20241017;101346;4125;8;11308205663;S
20241017;101346;4125;1;11308205664;S
20241017;101346;4125;5;11308205714;S
20241017;101346;4125;4;11308205715;S
20241017;101346;4125;1;11308205716;S
20241017;101346;4124;13;11308205717;S
20241017;101346;4124;9;11308205718;S
20241017;101346;4123;3;11308205719;S
20241017;101346;4123;5;11308205720;S
20241017;101346;4123;3;11308205721;S
20241017;101346;4123;1;11308205760;S
20241017;101346;4123;2;11308205761;S
20241017;101347;4123;11;11308205813;S
20241017;101347;4123;40;11308205814;S
20241017;101347;4123;21;11308205815;S
20241017;101347;4122;10;11308205816;S
20241017;101347;4122;9;11308205817;S
20241017;101348;4122;1;11308206061;B
20241017;101348;4121;1;11308206092;S
20241017;101348;4121;14;11308206093;S
20241017;101348;4120;20;11308206094;S
20241017;101348;4120;4;11308206095;S
20241017;101348;4120;1;11308206096;S
20241017;101348;4120;24;11308206097;S
20241017;101348;4120;8;11308206098;S
20241017;101349;4119;1;11308206226;S
20241017;101349;4119;2;11308206229;S
20241017;101352;4119;2;11308206674;S
20241017;101352;4119;1;11308206675;S
20241017;101353;4125;1;11308206804;B
20241017;101355;4121;1;11308207305;S
20241017;101355;4121;1;11308207306;S
20241017;101355;4121;1;11308207307;S
20241017;101359;4120;1;11308207660;S
20241017;101359;4119;1;11308207661;S
20241017;101359;4119;1;11308207663;S
20241017;101402;4119;1;11308208138;S
20241017;101402;4119;1;11308208139;S
20241017;101402;4119;1;11308208140;S
20241017;101405;4119;2;11308208630;S
20241017;101405;4119;1;11308208631;S
20241017;101406;4119;2;11308208723;S
20241017;101406;4119;17;11308208724;S
20241017;101406;4119;2;11308208725;S
20241017;101406;4118;1;11308208726;S
20241017;101406;4118;2;11308208727;S
20241017;101406;4118;2;11308208728;S
20241017;101406;4117;2;11308208729;S
20241017;101406;4117;2;11308208730;S
20241017;101406;4117;1;11308208731;S
20241017;101406;4117;3;11308208732;S
20241017;101406;4117;1;11308208733;S
20241017;101406;4117;1;11308208734;S
20241017;101406;4117;1;11308208735;S
20241017;101406;4117;30;11308208736;S
20241017;101406;4117;5;11308208737;S
20241017;101406;4117;1;11308208738;S
20241017;101406;4117;10;11308208739;S
20241017;101406;4117;2;11308208740;S
20241017;101406;4117;1;11308208741;S
20241017;101406;4117;1;11308208742;S
20241017;101406;4117;1;11308208743;S
20241017;101406;4117;12;11308208744;S
20241017;101408;4117;2;11308209012;S
20241017;101408;4117;1;11308209013;S
20241017;101411;4117;2;11308209438;S
20241017;101411;4117;1;11308209442;S
20241017;101414;4117;2;11308209801;S
20241017;101414;4117;1;11308209802;S
20241017;101416;4120;1;11308209955;B
20241017;101416;4120;4;11308209986;B
20241017;101416;4120;1;11308209987;B
20241017;101416;4121;5;11308209988;B
20241017;101416;4121;1;11308209989;B
20241017;101416;4122;5;11308209990;B
20241017;101416;4123;5;11308209991;B
20241017;101416;4126;9;11308209992;B
20241017;101417;4116;2;11308210193;S
20241017;101417;4117;1;11308210194;S
20241017;101421;4117;2;11308210571;S
20241017;101421;4117;1;11308210572;S
20241017;101424;4118;1;11308210976;S
20241017;101424;4118;1;11308210977;S
20241017;101424;4117;1;11308210979;S
20241017;101427;4117;2;11308211470;S
20241017;101427;4117;1;11308211471;S
20241017;101430;4119;1;11308211900;B
20241017;101430;4120;1;11308211901;B
20241017;101430;4120;2;11308211902;B
20241017;101430;4120;1;11308211903;B
20241017;101433;4120;2;11308212516;S
20241017;101433;4120;1;11308212517;S
20241017;101436;4120;2;11308212954;S
20241017;101436;4120;1;11308212955;S
20241017;101438;4122;5;11308213095;B
20241017;101438;4123;1;11308213096;B
20241017;101438;4123;2;11308213097;B
20241017;101440;4120;2;11308213379;S
20241017;101440;4120;1;11308213380;S
20241017;101443;4120;2;11308213810;S
20241017;101443;4120;1;11308213811;S
20241017;101446;4120;2;11308214162;S
20241017;101446;4120;1;11308214163;S
20241017;101449;4120;1;11308214557;S
20241017;101449;4119;1;11308214558;S
20241017;101449;4119;1;11308214559;S
20241017;101449;4122;4;11308214625;B
20241017;101449;4122;1;11308214626;B
20241017;101449;4123;3;11308214627;B
20241017;101449;4123;5;11308214628;B
20241017;101449;4124;1;11308214629;B
20241017;101449;4125;6;11308214630;B
20241017;101452;4119;1;11308214918;S
20241017;101452;4118;1;11308214919;S
20241017;101452;4118;1;11308214920;S
20241017;101455;4120;1;11308215285;S
20241017;101455;4119;1;11308215286;S
20241017;101455;4119;1;11308215287;S
20241017;101456;4119;4;11308215395;S
20241017;101458;4118;2;11308215586;S
20241017;101458;4118;1;11308215587;S
20241017;101502;4118;2;11308216126;S
20241017;101502;4118;1;11308216127;S
20241017;101505;4118;1;11308216879;S
20241017;101505;4118;1;11308216880;S
20241017;101505;4118;1;11308216881;S
20241017;101508;4118;2;11308217384;S
20241017;101508;4118;1;11308217385;S
20241017;101510;4121;1;11308217995;B
20241017;101510;4121;1;11308218042;B
20241017;101510;4121;2;11308218044;B
20241017;101510;4118;7;11308218054;S
20241017;101510;4121;1;11308218112;B
20241017;101510;4121;1;11308218130;B
20241017;101510;4122;1;11308218131;B
20241017;101510;4123;2;11308218164;B
20241017;101510;4123;1;11308218165;B
20241017;101510;4123;1;11308218166;B
20241017;101510;4123;1;11308218167;B
20241017;101510;4124;1;11308218168;B
20241017;101510;4125;3;11308218169;B
20241017;101510;4125;1;11308218189;B
20241017;101510;4125;3;11308218233;B
20241017;101510;4125;6;11308218234;B
20241017;101511;4125;1;11308218304;B
20241017;101511;4125;1;11308218306;B
20241017;101511;4125;1;11308218506;B
20241017;101511;4125;1;11308218609;B
20241017;101512;4125;1;11308218711;B
20241017;101512;4125;1;11308218741;B
20241017;101512;4125;1;11308218818;B
20241017;101512;4125;1;11308218878;B
20241017;101512;4125;1;11308218897;B
20241017;101512;4125;1;11308218912;B
20241017;101512;4125;8;11308218964;B
20241017;101512;4126;2;11308218965;B
20241017;101512;4126;1;11308218966;B
20241017;101512;4126;1;11308218967;B
20241017;101512;4126;1;11308218968;B
20241017;101513;4126;1;11308219001;B
20241017;101514;4126;1;11308219478;B
20241017;101514;4126;1;11308219501;B
20241017;101514;4126;1;11308219510;B
20241017;101514;4126;1;11308219511;B
20241017;101514;4126;2;11308219512;B
20241017;101514;4127;2;11308219513;B
20241017;101514;4126;1;11308219549;B
20241017;101514;4127;8;11308219550;B
20241017;101514;4127;2;11308219551;B
20241017;101514;4128;2;11308219552;B
20241017;101517;4129;1;11308220494;B
20241017;101517;4128;1;11308220627;B
20241017;101517;4128;1;11308220645;B
20241017;101517;4128;1;11308220778;B
20241017;101519;4128;1;11308221099;B
20241017;101519;4128;1;11308221200;B
20241017;101519;4128;1;11308221379;B
20241017;101520;4129;5;11308221650;B
20241017;101520;4128;1;11308221708;B
20241017;101520;4128;1;11308221773;B
20241017;101520;4126;1;11308221816;S
20241017;101521;4129;1;11308221832;B
20241017;101522;4129;3;11308222185;B
20241017;101523;4129;1;11308222358;B
20241017;101524;4126;1;11308222592;S
20241017;101524;4126;1;11308222593;S
20241017;101524;4126;1;11308222595;S
20241017;101525;4129;13;11308222850;B
20241017;101525;4125;1;11308222964;S
20241017;101527;4125;2;11308223406;S
20241017;101527;4125;1;11308223407;S
20241017;101530;4125;2;11308224133;S
20241017;101530;4125;1;11308224134;S
20241017;101530;4128;1;11308224183;B
20241017;101530;4128;1;11308224184;B
20241017;101530;4128;1;11308224185;B
20241017;101530;4128;2;11308224186;B
20241017;101532;4128;1;11308224761;B
20241017;101533;4126;2;11308224980;S
20241017;101533;4126;1;11308224982;S
20241017;101536;4126;1;11308225709;S
20241017;101536;4125;2;11308225710;S
20241017;101536;4125;1;11308225814;S
20241017;101536;4125;2;11308225815;S
20241017;101537;4125;1;11308225964;S
20241017;101539;4127;2;11308226298;B
20241017;101539;4125;1;11308226410;S
20241017;101539;4125;2;11308226423;S
20241017;101539;4125;1;11308226424;S
20241017;101540;4125;1;11308226567;S
20241017;101540;4128;1;11308226595;B
20241017;101543;4125;2;11308227334;S
20241017;101543;4125;1;11308227335;S
20241017;101544;4127;1;11308227617;B
20241017;101544;4125;4;11308227663;S
20241017;101546;4125;2;11308228022;S
20241017;101546;4125;1;11308228024;S
20241017;101548;4125;3;11308228460;S
20241017;101548;4125;1;11308228461;S
20241017;101548;4124;2;11308228462;S
20241017;101548;4123;2;11308228463;S
20241017;101548;4121;2;11308228464;S
20241017;101549;4121;2;11308228651;S
20241017;101549;4121;1;11308228652;S
20241017;101550;4126;1;11308228881;B
20241017;101552;4122;2;11308229299;S
20241017;101552;4121;1;11308229300;S
20241017;101553;4126;2;11308229417;B
20241017;101553;4126;1;11308229418;B
20241017;101553;4127;1;11308229419;B
20241017;101553;4127;1;11308229420;B
20241017;101553;4127;1;11308229421;B
20241017;101553;4127;1;11308229422;B
20241017;101553;4127;1;11308229423;B
20241017;101553;4121;3;11308229486;S
20241017;101555;4126;1;11308229784;B
20241017;101555;4124;1;11308229826;S
20241017;101555;4123;1;11308229827;S
20241017;101557;4126;1;11308230115;B
20241017;101557;4127;1;11308230116;B
20241017;101558;4123;1;11308230401;S
20241017;101558;4123;1;11308230402;S
20241017;101558;4122;1;11308230403;S
20241017;101601;4123;1;11308230971;S
20241017;101601;4123;1;11308230973;S
20241017;101601;4122;1;11308230975;S
20241017;101602;4125;1;11308231116;B
20241017;101602;4127;1;11308231117;B
20241017;101602;4127;1;11308231118;B
20241017;101602;4127;1;11308231119;B
20241017;101602;4128;4;11308231120;B
20241017;101602;4128;7;11308231121;B
20241017;101605;4122;1;11308231596;S
20241017;101605;4122;1;11308231597;S
20241017;101605;4121;1;11308231598;S
20241017;101605;4128;2;11308231640;B
20241017;101608;4122;1;11308232214;S
20241017;101608;4122;1;11308232215;S
20241017;101608;4121;1;11308232216;S
20241017;101608;4126;1;11308232351;B
20241017;101608;4126;2;11308232352;B
20241017;101608;4127;1;11308232353;B
20241017;101608;4127;1;11308232354;B
20241017;101608;4127;1;11308232368;B
20241017;101611;4123;1;11308232713;S
20241017;101611;4123;1;11308232714;S
20241017;101611;4122;1;11308232715;S
20241017;101613;4125;1;11308233137;B
20241017;101613;4125;2;11308233138;B
20241017;101613;4126;5;11308233139;B
20241017;101613;4126;1;11308233140;B
20241017;101613;4126;1;11308233141;B
20241017;101613;4126;1;11308233142;B
20241017;101613;4126;1;11308233143;B
20241017;101613;4128;4;11308233144;B
20241017;101613;4128;5;11308233145;B
20241017;101613;4128;1;11308233146;B
20241017;101613;4129;54;11308233147;B
20241017;101617;4125;1;11308233685;S
20241017;101617;4124;1;11308233686;S
20241017;101617;4124;1;11308233687;S
20241017;101619;4124;4;11308233930;S
20241017;101619;4124;4;11308233931;S
20241017;101619;4124;3;11308233932;S
20241017;101619;4123;1;11308233933;S
20241017;101619;4123;1;11308233934;S
20241017;101619;4122;2;11308233935;S
20241017;101619;4122;1;11308233936;S
20241017;101619;4122;1;11308233937;S
20241017;101619;4122;5;11308233938;S
20241017;101620;4124;1;11308234186;S
20241017;101620;4124;1;11308234187;S
20241017;101620;4122;1;11308234188;S
20241017;101622;4127;1;11308234392;B
20241017;101622;4128;4;11308234393;B
20241017;101622;4128;1;11308234394;B
20241017;101622;4128;2;11308234395;B
20241017;101622;4128;5;11308234396;B
20241017;101622;4128;1;11308234397;B
20241017;101622;4129;1;11308234398;B
20241017;101623;4124;1;11308234698;S
20241017;101623;4123;1;11308234699;S
20241017;101623;4123;1;11308234700;S
20241017;101624;4123;2;11308234771;S
20241017;101627;4124;2;11308235157;S
20241017;101627;4124;1;11308235158;S
20241017;101630;4124;1;11308235655;S
20241017;101630;4124;2;11308235656;S
20241017;101632;4125;20;11308235956;B
20241017;101632;4126;1;11308235957;B
20241017;101633;4126;1;11308236062;S
20241017;101633;4126;2;11308236064;S
20241017;101634;4127;1;11308236199;B
20241017;101635;4127;1;11308236383;B
20241017;101635;4127;1;11308236384;B
20241017;101635;4127;1;11308236385;B
20241017;101635;4127;1;11308236386;B
20241017;101635;4127;1;11308236387;B
20241017;101635;4127;2;11308236388;B
20241017;101635;4128;5;11308236389;B
20241017;101635;4128;10;11308236390;B
20241017;101635;4128;8;11308236391;B
20241017;101636;4126;1;11308236563;S
20241017;101639;4127;1;11308237205;S
20241017;101639;4127;1;11308237206;S
20241017;101639;4127;1;11308237207;S
20241017;101641;4127;1;11308237454;S
20241017;101642;4127;1;11308237691;S
20241017;101642;4127;2;11308237692;S
20241017;101646;4127;1;11308238288;S
20241017;101646;4127;2;11308238289;S
20241017;101648;4127;1;11308238764;S
20241017;101648;4127;1;11308238765;S
20241017;101648;4127;5;11308238766;S
20241017;101648;4127;1;11308238767;S
20241017;101648;4126;1;11308238768;S
20241017;101648;4125;2;11308238769;S
20241017;101648;4124;2;11308238770;S
20241017;101648;4124;2;11308238771;S
20241017;101649;4124;1;11308238807;S
20241017;101649;4124;2;11308238808;S
20241017;101649;4128;1;11308238835;B
20241017;101649;4129;14;11308238836;B
20241017;101650;4128;4;11308238904;B
20241017;101650;4128;1;11308238905;B
20241017;101650;4129;7;11308238906;B
20241017;101650;4129;4;11308238907;B
20241017;101650;4129;4;11308238908;B
20241017;101652;4125;1;11308239183;S
20241017;101652;4125;2;11308239184;S
20241017;101655;4125;2;11308239508;S
20241017;101655;4125;1;11308239509;S
20241017;101658;4126;1;11308239876;S
20241017;101658;4126;2;11308239879;S
20241017;101701;4126;1;11308240178;S
20241017;101701;4126;2;11308240179;S
20241017;101704;4126;1;11308240504;S
20241017;101704;4126;2;11308240505;S
20241017;101705;4126;38;11308240651;S
20241017;101708;4125;2;11308240842;S
20241017;101708;4125;1;11308240843;S
20241017;101711;4124;1;11308241108;S
20241017;101711;4124;2;11308241109;S
20241017;101714;4124;2;11308241456;S
20241017;101714;4124;1;11308241457;S
20241017;101717;4124;2;11308241761;S
20241017;101717;4124;1;11308241762;S
20241017;101720;4124;1;11308242155;S
20241017;101720;4124;2;11308242156;S
20241017;101723;4124;1;11308242683;S
20241017;101723;4124;2;11308242685;S
20241017;101726;4123;2;11308243204;S
20241017;101726;4123;1;11308243205;S
20241017;101727;4123;1;11308243300;S
20241017;101727;4122;1;11308243301;S
20241017;101727;4122;1;11308243302;S
20241017;101730;4122;1;11308243643;S
20241017;101730;4122;2;11308243644;S
20241017;101733;4122;2;11308244161;S
20241017;101733;4122;1;11308244162;S
20241017;101736;4122;2;11308244664;S
20241017;101736;4122;1;11308244666;S
20241017;101738;4122;3;11308244987;S
20241017;101739;4122;2;11308245083;S
20241017;101739;4122;1;11308245085;S
20241017;101742;4122;2;11308245658;S
20241017;101742;4122;1;11308245662;S
20241017;101745;4122;2;11308246077;S
20241017;101745;4122;1;11308246078;S
20241017;101749;4122;2;11308246621;S
20241017;101749;4122;1;11308246622;S
20241017;101750;4122;7;11308246920;S
20241017;101752;4122;2;11308247077;S
20241017;101752;4122;1;11308247078;S
20241017;101755;4122;2;11308247551;S
20241017;101755;4122;1;11308247552;S
20241017;101758;4122;2;11308248113;S
20241017;101758;4122;1;11308248114;S
20241017;101758;4124;1;11308248139;B
20241017;101758;4124;5;11308248140;B
20241017;101758;4125;1;11308248141;B
20241017;101758;4125;12;11308248142;B
20241017;101758;4126;1;11308248143;B
20241017;101801;4123;1;11308248501;S
20241017;101801;4123;2;11308248502;S
20241017;101804;4123;2;11308249119;S
20241017;101804;4123;1;11308249120;S
20241017;101807;4123;2;11308249563;S
20241017;101807;4123;1;11308249564;S
20241017;101811;4123;2;11308250186;S
20241017;101811;4123;1;11308250187;S
20241017;101814;4123;1;11308250726;S
20241017;101814;4123;2;11308250740;S
20241017;101817;4123;1;11308251278;S
20241017;101817;4123;2;11308251279;S
20241017;101820;4122;2;11308252097;S
20241017;101820;4122;1;11308252098;S
20241017;101823;4122;3;11308252617;S
20241017;101823;4122;2;11308252693;S
20241017;101823;4122;1;11308252694;S
20241017;101824;4122;30;11308252773;S
20241017;101826;4122;2;11308253201;S
20241017;101826;4122;1;11308253202;S
20241017;101829;4122;2;11308253626;S
20241017;101829;4122;1;11308253627;S
20241017;101830;4124;1;11308253654;B
20241017;101833;4122;2;11308254258;S
20241017;101833;4122;1;11308254259;S
20241017;101836;4122;1;11308254712;S
20241017;101836;4122;2;11308254713;S
20241017;101839;4122;1;11308255260;S
20241017;101839;4122;2;11308255261;S
20241017;101842;4122;1;11308255770;S
20241017;101842;4122;2;11308255771;S
20241017;101845;4122;1;11308256265;S
20241017;101845;4122;2;11308256266;S
20241017;101848;4122;1;11308256778;S
20241017;101848;4122;2;11308256779;S
20241017;101852;4122;1;11308257329;S
20241017;101852;4122;2;11308257330;S
20241017;101855;4122;1;11308257861;S
20241017;101855;4122;2;11308257862;S
20241017;101858;4122;1;11308258468;S
20241017;101858;4122;2;11308258469;S
20241017;101859;4123;6;11308258639;B
20241017;101901;4123;1;11308258934;S
20241017;101901;4123;2;11308258935;S
20241017;101904;4123;1;11308259564;S
20241017;101904;4123;2;11308259565;S
20241017;101907;4123;1;11308260068;S
20241017;101907;4123;2;11308260069;S
20241017;101910;4125;2;11308260512;B
20241017;101910;4124;2;11308260518;S
20241017;101910;4123;1;11308260519;S
20241017;101914;4123;2;11308261023;S
20241017;101914;4123;1;11308261024;S
20241017;101917;4123;2;11308261435;S
20241017;101917;4123;1;11308261436;S
20241017;101920;4123;1;11308261993;S
20241017;101920;4123;2;11308261994;S
20241017;101923;4123;1;11308262534;S
20241017;101923;4123;2;11308262535;S
20241017;101926;4123;1;11308263036;S
20241017;101926;4123;2;11308263037;S
20241017;101929;4123;1;11308263530;S
20241017;101929;4123;2;11308263531;S
20241017;101932;4123;1;11308264077;S
20241017;101932;4123;2;11308264078;S
20241017;101935;4123;5;11308264457;S
20241017;101936;4123;1;11308264601;S
20241017;101936;4123;2;11308264602;S
20241017;101937;4123;1;11308264851;S
20241017;101939;4123;1;11308265112;S
20241017;101939;4123;2;11308265113;S
20241017;101942;4123;1;11308265722;S
20241017;101942;4123;2;11308265725;S
20241017;101945;4124;1;11308266145;B
20241017;101945;4123;1;11308266173;S
20241017;101945;4123;2;11308266174;S
20241017;101945;4124;13;11308266206;B
20241017;101945;4124;5;11308266207;B
20241017;101945;4124;5;11308266208;B
20241017;101945;4125;5;11308266209;B
20241017;101945;4125;5;11308266210;B
20241017;101945;4125;17;11308266211;B
20241017;101947;4123;10;11308266410;S
20241017;101947;4123;35;11308266457;S
20241017;101947;4123;10;11308266458;S
20241017;101947;4123;5;11308266459;S
20241017;101947;4122;38;11308266460;S
20241017;101947;4121;1;11308266461;S
20241017;101947;4121;1;11308266462;S
20241017;101947;4121;13;11308266463;S
20241017;101947;4120;1;11308266464;S
20241017;101947;4120;100;11308266465;S
20241017;101947;4120;15;11308266466;S
20241017;101948;4118;1;11308266597;S
20241017;101948;4118;2;11308266598;S
20241017;101951;4118;1;11308267637;S
20241017;101951;4118;2;11308267638;S
20241017;101955;4118;1;11308268198;S
20241017;101955;4118;2;11308268199;S
20241017;101957;4118;3;11308268503;S
20241017;101957;4118;1;11308268504;S
20241017;101957;4118;5;11308268505;S
20241017;101957;4117;3;11308268684;S
20241017;101957;4117;1;11308268685;S
20241017;101957;4117;3;11308268686;S
20241017;101958;4116;1;11308268760;S
20241017;101958;4116;2;11308268761;S
20241017;102001;4116;1;11308269467;S
20241017;102001;4116;2;11308269469;S
20241017;102004;4116;2;11308270228;S
20241017;102004;4116;2;11308270229;S
20241017;102004;4116;1;11308270230;S
20241017;102004;4115;1;11308270232;S
20241017;102004;4115;1;11308270233;S
20241017;102004;4115;1;11308270234;S
20241017;102007;4115;1;11308270801;S
20241017;102007;4115;2;11308270802;S
20241017;102010;4115;2;11308271461;S
20241017;102010;4115;1;11308271462;S
20241017;102012;4116;9;11308271806;B
20241017;102012;4117;10;11308271807;B
20241017;102012;4119;5;11308271808;B
20241017;102013;4115;2;11308272036;S
20241017;102013;4115;1;11308272037;S
20241017;102017;4115;2;11308272718;S
20241017;102017;4115;1;11308272719;S
20241017;102020;4115;2;11308273545;S
20241017;102020;4115;1;11308273547;S
20241017;102022;4116;1;11308274604;B
20241017;102023;4115;2;11308274704;S
20241017;102026;4115;2;11308275608;S
20241017;102026;4115;1;11308275609;S
20241017;102029;4115;2;11308276299;S
20241017;102029;4115;1;11308276300;S
20241017;102031;4117;1;11308276831;B
20241017;102031;4115;5;11308276881;S
20241017;102031;4115;1;11308276882;S
20241017;102032;4114;1;11308277415;S
20241017;102032;4114;1;11308277416;S
20241017;102032;4114;1;11308277417;S
20241017;102034;4115;4;11308277869;B
20241017;102034;4117;4;11308277870;B
20241017;102034;4117;5;11308277871;B
20241017;102034;4118;2;11308277872;B
20241017;102034;4118;5;11308277873;B
20241017;102034;4118;5;11308277874;B
20241017;102034;4119;8;11308277875;B
20241017;102034;4119;5;11308277876;B
20241017;102034;4119;4;11308277877;B
20241017;102034;4119;5;11308277878;B
20241017;102034;4119;1;11308277879;B
20241017;102034;4120;52;11308277880;B
20241017;102035;4116;1;11308278491;S
20241017;102035;4114;1;11308278492;S
20241017;102035;4114;1;11308278493;S
20241017;102039;4116;2;11308280030;S
20241017;102039;4116;1;11308280031;S
20241017;102042;4116;2;11308281032;S
20241017;102042;4115;1;11308281033;S
20241017;102045;4116;2;11308281976;S
20241017;102045;4116;1;11308281977;S
20241017;102045;4119;1;11308281991;B
20241017;102048;4116;2;11308282886;S
20241017;102048;4116;1;11308282888;S
20241017;102050;4116;1;11308283312;S
20241017;102051;4116;2;11308283980;S
20241017;102051;4116;1;11308283981;S
20241017;102054;4116;1;11308285117;S
20241017;102054;4116;1;11308285118;S
20241017;102054;4115;1;11308285119;S
20241017;102055;4118;2;11308285251;B
20241017;102058;4114;2;11308285972;S
20241017;102058;4114;1;11308285974;S
20241017;102101;4114;1;11308286971;S
20241017;102101;4114;1;11308286972;S
20241017;102101;4114;1;11308286973;S
20241017;102104;4114;2;11308288019;S
20241017;102104;4114;1;11308288020;S
20241017;102107;4114;2;11308288771;S
20241017;102107;4114;1;11308288772;S
20241017;102110;4114;1;11308289474;S
20241017;102110;4113;1;11308289475;S
20241017;102110;4113;1;11308289476;S
20241017;102113;4113;2;11308290366;S
20241017;102113;4113;1;11308290367;S
20241017;102116;4113;2;11308291250;S
20241017;102116;4113;1;11308291251;S
20241017;102120;4113;2;11308291783;S
20241017;102120;4113;1;11308291784;S
20241017;102123;4113;2;11308292601;S
20241017;102123;4113;1;11308292602;S
20241017;102123;4116;1;11308292631;B
20241017;102123;4116;1;11308292632;B
20241017;102123;4116;2;11308292633;B
20241017;102126;4113;2;11308293584;S
20241017;102126;4113;1;11308293585;S
20241017;102128;4113;1;11308294100;S
20241017;102129;4113;2;11308294372;S
20241017;102129;4113;1;11308294373;S
20241017;102130;4115;1;11308294792;B
20241017;102130;4116;3;11308294793;B
20241017;102130;4116;2;11308294794;B
20241017;102130;4116;1;11308294795;B
20241017;102130;4116;1;11308294796;B
20241017;102132;4116;2;11308295111;S
20241017;102132;4114;1;11308295192;S
20241017;102132;4114;1;11308295193;S
20241017;102132;4113;1;11308295194;S
20241017;102135;4113;2;11308295853;S
20241017;102135;4113;1;11308295854;S
20241017;102138;4114;1;11308296642;S
20241017;102138;4114;2;11308296643;S
20241017;102141;4117;1;11308297370;B
20241017;102142;4114;2;11308297450;S
20241017;102142;4114;1;11308297451;S
20241017;102145;4116;1;11308298895;S
20241017;102145;4116;2;11308298896;S
20241017;102147;4117;1;11308299401;B
20241017;102148;4116;7;11308299537;S
20241017;102148;4114;1;11308299691;S
20241017;102148;4113;1;11308299692;S
20241017;102148;4113;1;11308299694;S
20241017;102151;4114;1;11308300692;S
20241017;102151;4113;1;11308300693;S
20241017;102151;4113;1;11308300694;S
20241017;102153;4116;1;11308301112;B
20241017;102154;4113;1;11308301553;S
20241017;102154;4113;1;11308301554;S
20241017;102154;4113;1;11308301555;S
20241017;102156;4113;3;11308302019;S
20241017;102156;4112;5;11308302020;S
20241017;102156;4112;2;11308302021;S
20241017;102156;4112;4;11308302022;S
20241017;102157;4112;2;11308302751;S
20241017;102157;4112;1;11308302752;S
20241017;102201;4112;1;11308303550;S
20241017;102201;4112;2;11308303551;S
20241017;102202;4114;1;11308304135;B
20241017;102204;4112;2;11308304726;S
20241017;102204;4112;1;11308304728;S
20241017;102205;4114;1;11308305316;B
20241017;102207;4112;2;11308305945;S
20241017;102207;4112;1;11308305946;S
20241017;102210;4112;1;11308306977;S
20241017;102210;4112;2;11308306978;S
20241017;102213;4112;1;11308307842;S
20241017;102213;4112;2;11308307843;S
20241017;102216;4112;2;11308308841;S
20241017;102216;4112;1;11308308842;S
20241017;102219;4113;1;11308309540;B
20241017;102219;4112;1;11308309686;S
20241017;102219;4112;2;11308309687;S
20241017;102223;4112;2;11308310864;S
20241017;102223;4112;1;11308310866;S
20241017;102226;4112;1;11308311733;S
20241017;102226;4112;1;11308311734;S
20241017;102226;4112;1;11308311735;S
20241017;102229;4112;2;11308312498;S
20241017;102229;4112;1;11308312502;S
20241017;102232;4111;1;11308313499;S
20241017;102232;4111;1;11308313500;S
20241017;102232;4111;1;11308313501;S
20241017;102235;4111;8;11308314318;S
20241017;102235;4111;1;11308314319;S
20241017;102235;4111;1;11308314320;S
20241017;102235;4111;1;11308314321;S
20241017;102235;4111;1;11308314322;S
20241017;102235;4111;20;11308314323;S
20241017;102235;4111;1;11308314324;S
20241017;102235;4111;12;11308314325;S
20241017;102235;4111;24;11308314326;S
20241017;102235;4110;80;11308314327;S
20241017;102235;4110;3;11308314328;S
20241017;102235;4110;2;11308314391;S
20241017;102235;4110;1;11308314392;S
20241017;102236;4110;2;11308314455;S
20241017;102237;4113;1;11308314836;B
20241017;102238;4110;2;11308315192;S
20241017;102238;4110;1;11308315193;S
20241017;102240;4113;3;11308315693;B
20241017;102240;4113;1;11308315694;B
20241017;102240;4113;3;11308315695;B
20241017;102240;4113;2;11308315696;B
20241017;102240;4114;4;11308315697;B
20241017;102240;4114;13;11308315698;B
20241017;102241;4114;1;11308315836;S
20241017;102241;4114;2;11308315839;S
20241017;102243;4114;100;11308316332;S
20241017;102243;4115;4;11308316354;B
20241017;102243;4115;4;11308316355;B
20241017;102243;4115;2;11308316356;B
20241017;102244;4114;21;11308316553;S
20241017;102245;4111;1;11308316739;S
20241017;102245;4111;2;11308316741;S
20241017;102248;4112;2;11308317449;S
20241017;102248;4112;1;11308317451;S
20241017;102251;4112;1;11308318274;S
20241017;102251;4112;1;11308318275;S
20241017;102251;4112;1;11308318276;S
20241017;102251;4112;2;11308318407;S
20241017;102252;4114;1;11308318643;B
20241017;102253;4112;1;11308318728;S
20241017;102253;4112;1;11308318729;S
20241017;102254;4112;1;11308319013;S
20241017;102254;4111;1;11308319014;S
20241017;102254;4111;1;11308319015;S
20241017;102257;4112;1;11308319794;S
20241017;102257;4112;1;11308319797;S
20241017;102257;4111;1;11308319799;S
20241017;102259;4112;3;11308320011;S
20241017;102259;4111;7;11308320012;S
20241017;102300;4111;2;11308320415;S
20241017;102300;4111;1;11308320416;S
20241017;102302;4112;1;11308320898;B
20241017;102302;4113;1;11308320900;B
20241017;102304;4111;2;11308321432;S
20241017;102304;4111;1;11308321433;S
20241017;102307;4111;1;11308322391;S
20241017;102307;4111;2;11308322392;S
20241017;102310;4111;1;11308323064;S
20241017;102310;4111;2;11308323065;S
20241017;102313;4111;1;11308323982;S
20241017;102313;4111;1;11308323983;S
20241017;102313;4110;1;11308323984;S
20241017;102316;4110;1;11308324874;S
20241017;102316;4110;2;11308324875;S
20241017;102317;4110;26;11308324914;S
20241017;102319;4110;1;11308325658;S
20241017;102319;4110;2;11308325659;S
20241017;102322;4110;1;11308326779;S
20241017;102322;4110;2;11308326780;S
20241017;102326;4110;1;11308327644;S
20241017;102326;4110;2;11308327645;S
20241017;102329;4110;1;11308328461;S
20241017;102329;4110;2;11308328463;S
20241017;102330;4111;1;11308328742;B
20241017;102332;4110;1;11308329239;S
20241017;102332;4110;2;11308329240;S
20241017;102335;4110;1;11308330174;S
20241017;102335;4110;2;11308330175;S
20241017;102337;4111;4;11308330734;B
20241017;102338;4110;1;11308331392;S
20241017;102338;4110;2;11308331393;S
20241017;102340;4111;1;11308331813;B
20241017;102340;4111;5;11308331891;B
20241017;102341;4110;1;11308332440;S
20241017;102341;4110;2;11308332441;S
20241017;102344;4110;35;11308333274;S
20241017;102344;4110;1;11308333275;S
20241017;102344;4110;1;11308333276;S
20241017;102344;4110;30;11308333277;S
20241017;102344;4110;10;11308333278;S
20241017;102344;4110;1;11308333279;S
20241017;102344;4110;1;11308333280;S
20241017;102344;4110;40;11308333281;S
20241017;102344;4110;2;11308333282;S
20241017;102344;4110;1;11308333283;S
20241017;102344;4110;1;11308333284;S
20241017;102344;4110;1;11308333285;S
20241017;102344;4110;2;11308333286;S
20241017;102344;4110;1;11308333287;S
20241017;102344;4110;2;11308333288;S
20241017;102344;4110;1;11308333289;S
20241017;102344;4110;3;11308333290;S
20241017;102344;4110;10;11308333291;S
20241017;102344;4110;7;11308333292;S
20241017;102344;4109;2;11308333396;S
20241017;102344;4109;1;11308333397;S
20241017;102346;4109;3;11308333879;S
20241017;102348;4109;1;11308334394;S
20241017;102348;4109;2;11308334396;S
20241017;102351;4109;1;11308334927;S
20241017;102351;4109;2;11308334928;S
20241017;102353;4109;1;11308335478;S
20241017;102354;4109;1;11308335504;S
20241017;102354;4109;2;11308335505;S
20241017;102354;4110;3;11308335506;B
20241017;102355;4109;9;11308335564;S
20241017;102355;4109;1;11308335565;S
20241017;102357;4109;1;11308336127;S
20241017;102357;4109;2;11308336128;S
20241017;102400;4110;50;11308336567;B
20241017;102400;4109;8;11308336584;S
20241017;102400;4108;2;11308336674;S
20241017;102400;4108;1;11308336675;S
20241017;102401;4109;1;11308336864;B
20241017;102402;4108;9;11308337221;S
20241017;102402;4108;20;11308337222;S
20241017;102402;4108;5;11308337223;S
20241017;102402;4108;5;11308337224;S
20241017;102402;4107;3;11308337225;S
20241017;102402;4107;5;11308337226;S
20241017;102402;4107;5;11308337227;S
20241017;102402;4107;10;11308337228;S
20241017;102402;4107;1;11308337229;S
20241017;102402;4107;2;11308337230;S
20241017;102403;4107;2;11308337404;S
20241017;102403;4107;1;11308337405;S
20241017;102406;4107;1;11308337817;B
20241017;102406;4107;1;11308337818;B
20241017;102406;4107;2;11308337819;B
20241017;102406;4108;2;11308337820;B
20241017;102406;4108;1;11308337821;B
20241017;102406;4108;25;11308337822;B
20241017;102406;4108;1;11308337823;B
20241017;102406;4108;1;11308337824;B
20241017;102406;4108;62;11308337825;B
20241017;102406;4108;1;11308337826;B
20241017;102406;4109;1;11308337827;B
20241017;102406;4109;10;11308337828;B
20241017;102406;4109;2;11308337829;B
20241017;102406;4109;25;11308337830;B
20241017;102406;4109;2;11308337831;B
20241017;102406;4109;1;11308337832;B
20241017;102406;4109;1;11308337833;B
20241017;102406;4110;161;11308337834;B
20241017;102410;4107;1;11308338512;S
20241017;102410;4107;1;11308338513;S
20241017;102410;4107;1;11308338515;S
20241017;102413;4107;2;11308339140;S
20241017;102413;4107;1;11308339141;S
20241017;102413;4109;13;11308339143;B
20241017;102413;4109;1;11308339144;B
20241017;102413;4109;1;11308339145;B
20241017;102416;4108;1;11308339949;S
20241017;102416;4108;1;11308339950;S
20241017;102416;4108;1;11308339951;S
20241017;102416;4110;10;11308339976;B
20241017;102417;4109;1;11308340376;B
20241017;102419;4109;1;11308340535;S
20241017;102419;4109;1;11308340578;S
20241017;102419;4109;2;11308340579;S
20241017;102420;4110;1;11308340730;B
20241017;102422;4109;1;11308340965;S
20241017;102422;4109;2;11308340966;S
20241017;102424;4110;50;11308341259;B
20241017;102425;4109;1;11308341389;S
20241017;102425;4109;2;11308341391;S
20241017;102426;4109;4;11308341406;S
20241017;102429;4109;1;11308341811;S
20241017;102429;4109;2;11308341812;S
20241017;102432;4109;1;11308342290;S
20241017;102432;4109;2;11308342291;S
20241017;102432;4110;10;11308342331;B
20241017;102435;4109;1;11308342745;S
20241017;102435;4109;2;11308342746;S
20241017;102436;4110;3;11308342913;B
20241017;102436;4109;1;11308343000;S
20241017;102438;4109;1;11308343450;S
20241017;102438;4109;2;11308343451;S
20241017;102440;4109;50;11308343789;S
20241017;102440;4110;5;11308343798;B
20241017;102441;4109;1;11308343946;S
20241017;102441;4109;2;11308343947;S
20241017;102442;4110;100;11308344043;B
20241017;102444;4109;1;11308344400;S
20241017;102444;4109;2;11308344403;S
20241017;102447;4109;1;11308344965;S
20241017;102447;4109;2;11308344966;S
20241017;102447;4109;4;11308344969;S
20241017;102451;4109;1;11308345371;S
20241017;102451;4109;2;11308345372;S
20241017;102451;4109;6;11308345378;S
20241017;102451;4109;1;11308345379;S
20241017;102451;4109;9;11308345380;S
20241017;102451;4110;5;11308345447;B
20241017;102451;4110;4;11308345448;B
20241017;102451;4110;2;11308345513;B
20241017;102451;4110;5;11308345518;B
20241017;102454;4109;1;11308345775;S
20241017;102454;4109;2;11308345776;S
20241017;102457;4109;1;11308346131;S
20241017;102457;4109;2;11308346132;S
20241017;102500;4109;1;11308346609;S
20241017;102500;4109;1;11308346610;S
20241017;102500;4109;1;11308346611;S
20241017;102502;4110;1;11308347024;B
20241017;102503;4110;1;11308347076;B
20241017;102503;4109;1;11308347101;S
20241017;102503;4109;2;11308347102;S
20241017;102506;4109;1;11308347563;S
20241017;102506;4109;2;11308347565;S
20241017;102507;4110;25;11308347584;B
20241017;102509;4109;1;11308347874;S
20241017;102509;4109;1;11308347992;S
20241017;102510;4109;2;11308347993;S
20241017;102513;4109;1;11308348411;S
20241017;102513;4109;2;11308348412;S
20241017;102514;4109;13;11308348651;S
20241017;102514;4109;2;11308348652;S
20241017;102514;4109;10;11308348653;S
20241017;102516;4108;2;11308348827;S
20241017;102516;4108;1;11308348828;S
20241017;102519;4108;2;11308349148;S
20241017;102519;4108;1;11308349150;S
20241017;102522;4108;2;11308349405;S
20241017;102522;4108;1;11308349406;S
20241017;102522;4108;1;11308349408;S
20241017;102525;4108;2;11308349671;S
20241017;102525;4108;1;11308349674;S
20241017;102528;4110;1;11308349938;B
20241017;102528;4108;2;11308350023;S
20241017;102528;4108;1;11308350024;S
20241017;102532;4108;2;11308350646;S
20241017;102532;4108;1;11308350647;S
20241017;102535;4108;2;11308350905;S
20241017;102535;4108;1;11308350906;S
20241017;102538;4108;2;11308351125;S
20241017;102538;4108;1;11308351129;S
20241017;102541;4108;2;11308351494;S
20241017;102541;4108;1;11308351495;S
20241017;102544;4109;1;11308351800;S
20241017;102544;4109;2;11308351801;S
20241017;102547;4110;221;11308352036;B
20241017;102547;4110;10;11308352037;B
20241017;102547;4110;2;11308352038;B
20241017;102547;4111;7;11308352039;B
20241017;102547;4111;1;11308352040;B
20241017;102547;4112;24;11308352041;B
20241017;102547;4113;1;11308352042;B
20241017;102547;4113;10;11308352043;B
20241017;102547;4114;2;11308352044;B
20241017;102547;4114;1;11308352045;B
20241017;102547;4115;2;11308352046;B
20241017;102547;4115;26;11308352047;B
20241017;102547;4115;40;11308352048;B
20241017;102547;4116;10;11308352049;B
20241017;102547;4117;2;11308352089;B
20241017;102548;4116;1;11308352168;S
20241017;102549;4116;2;11308352213;S
20241017;102550;4112;1;11308352332;S
20241017;102550;4111;1;11308352333;S
20241017;102550;4111;1;11308352334;S
20241017;102554;4111;2;11308352871;S
20241017;102554;4111;1;11308352872;S
20241017;102556;4112;1;11308353127;S
20241017;102556;4113;1;11308353136;B
20241017;102557;4112;1;11308353231;S
20241017;102557;4112;2;11308353232;S
20241017;102600;4111;2;11308353637;S
20241017;102600;4111;1;11308353638;S
20241017;102603;4111;2;11308354026;S
20241017;102603;4111;1;11308354027;S
20241017;102603;4111;2;11308354107;S
20241017;102606;4111;2;11308354462;S
20241017;102606;4111;1;11308354463;S
20241017;102609;4111;2;11308354913;S
20241017;102609;4111;1;11308354914;S
20241017;102610;4113;1;11308354985;B
20241017;102610;4113;1;11308354986;B
20241017;102612;4111;2;11308355320;S
20241017;102612;4111;1;11308355321;S
20241017;102614;4113;1;11308355508;B
20241017;102614;4113;1;11308355509;B
20241017;102616;4113;1;11308355701;S
20241017;102616;4113;2;11308355702;S
20241017;102619;4112;1;11308356083;S
20241017;102619;4112;1;11308356084;S
20241017;102619;4112;1;11308356085;S
20241017;102622;4112;2;11308356586;S
20241017;102622;4112;1;11308356587;S
20241017;102625;4112;2;11308357052;S
20241017;102625;4111;1;11308357053;S
20241017;102625;4114;1;11308357060;B
20241017;102626;4114;4;11308357080;B
20241017;102626;4114;1;11308357081;B
20241017;102626;4114;1;11308357082;B
20241017;102626;4115;1;11308357083;B
20241017;102626;4115;1;11308357084;B
20241017;102626;4115;1;11308357085;B
20241017;102626;4115;1;11308357096;B
20241017;102626;4115;2;11308357097;B
20241017;102626;4115;1;11308357098;B
20241017;102626;4116;2;11308357099;B
20241017;102626;4116;13;11308357100;B
20241017;102626;4116;1;11308357101;B
20241017;102626;4116;2;11308357102;B
20241017;102626;4116;1;11308357103;B
20241017;102626;4116;25;11308357104;B
20241017;102626;4117;2;11308357105;B
20241017;102628;4113;1;11308357538;S
20241017;102628;4113;1;11308357539;S
20241017;102628;4113;1;11308357540;S
20241017;102628;4113;2;11308357541;S
20241017;102628;4113;1;11308357542;S
20241017;102628;4113;1;11308357543;S
20241017;102628;4113;1;11308357544;S
20241017;102628;4112;2;11308357547;S
20241017;102628;4112;1;11308357548;S
20241017;102629;4116;1;11308357773;B
20241017;102629;4116;1;11308357774;B
20241017;102629;4116;3;11308357775;B
20241017;102629;4117;11;11308357776;B
20241017;102631;4113;1;11308358121;S
20241017;102631;4113;1;11308358122;S
20241017;102631;4112;1;11308358123;S
20241017;102635;4112;2;11308358468;S
20241017;102635;4112;1;11308358469;S
20241017;102638;4113;1;11308358874;S
20241017;102638;4112;1;11308358875;S
20241017;102638;4112;1;11308358876;S
20241017;102641;4112;1;11308359320;S
20241017;102641;4112;1;11308359321;S
20241017;102641;4112;1;11308359322;S
20241017;102641;4115;1;11308359374;B
20241017;102641;4115;1;11308359431;B
20241017;102641;4116;1;11308359432;B
20241017;102641;4116;1;11308359433;B
20241017;102641;4116;1;11308359434;B
20241017;102641;4116;1;11308359435;B
20241017;102641;4116;1;11308359436;B
20241017;102641;4116;5;11308359437;B
20241017;102641;4116;2;11308359438;B
20241017;102641;4117;5;11308359439;B
20241017;102641;4117;1;11308359440;B
20241017;102641;4117;1;11308359441;B
20241017;102641;4117;1;11308359442;B
20241017;102641;4117;1;11308359443;B
20241017;102641;4117;2;11308359444;B
20241017;102641;4118;1;11308359445;B
20241017;102641;4118;1;11308359446;B
20241017;102641;4118;1;11308359447;B
20241017;102641;4118;3;11308359448;B
20241017;102644;4114;1;11308359695;S
20241017;102644;4114;1;11308359696;S
20241017;102644;4114;1;11308359697;S
20241017;102647;4114;1;11308360054;S
20241017;102647;4114;1;11308360055;S
20241017;102647;4114;1;11308360057;S
20241017;102650;4114;1;11308360554;S
20241017;102650;4114;1;11308360555;S
20241017;102650;4114;1;11308360556;S
20241017;102653;4114;1;11308360999;S
20241017;102653;4114;1;11308361000;S
20241017;102653;4114;1;11308361001;S
20241017;102657;4114;1;11308361319;S
20241017;102657;4114;1;11308361320;S
20241017;102657;4114;1;11308361321;S
20241017;102700;4114;1;11308361671;S
20241017;102700;4114;1;11308361672;S
20241017;102700;4114;1;11308361673;S
20241017;102703;4114;2;11308361958;S
20241017;102703;4114;1;11308361959;S
20241017;102706;4114;2;11308362523;S
20241017;102706;4114;1;11308362524;S
20241017;102709;4114;1;11308363036;S
20241017;102709;4114;1;11308363037;S
20241017;102709;4114;1;11308363038;S
20241017;102712;4114;1;11308363479;S
20241017;102712;4113;1;11308363480;S
20241017;102712;4113;1;11308363481;S
20241017;102715;4113;2;11308363882;S
20241017;102715;4113;1;11308363883;S
20241017;102719;4113;1;11308364189;S
20241017;102719;4112;1;11308364190;S
20241017;102719;4112;1;11308364191;S
20241017;102722;4112;2;11308364616;S
20241017;102722;4112;1;11308364617;S
20241017;102725;4112;2;11308364981;S
20241017;102725;4112;1;11308364982;S
20241017;102725;4114;1;11308365028;B
20241017;102727;4114;1;11308365189;B
20241017;102728;4113;1;11308365343;S
20241017;102728;4112;2;11308365344;S
20241017;102731;4112;1;11308365847;S
20241017;102731;4112;2;11308365848;S
20241017;102733;4113;1;11308366050;B
20241017;102734;4112;1;11308366149;S
20241017;102734;4112;2;11308366150;S
20241017;102738;4112;1;11308366547;S
20241017;102738;4112;2;11308366548;S
20241017;102741;4112;1;11308366975;S
20241017;102741;4112;1;11308366976;S
20241017;102741;4111;1;11308366978;S
20241017;102744;4111;1;11308367579;S
20241017;102744;4111;2;11308367580;S
20241017;102747;4111;1;11308367978;S
20241017;102747;4111;1;11308367979;S
20241017;102747;4111;1;11308367980;S
20241017;102749;4111;1;11308368184;S
20241017;102750;4110;1;11308368327;S
20241017;102750;4110;1;11308368328;S
20241017;102750;4110;1;11308368329;S
20241017;102753;4110;1;11308368690;S
20241017;102753;4110;1;11308368691;S
20241017;102753;4110;1;11308368692;S
20241017;102756;4110;1;11308369051;S
20241017;102756;4110;2;11308369052;S
20241017;102800;4110;2;11308369515;S
20241017;102800;4110;1;11308369516;S
20241017;102803;4110;2;11308369878;S
20241017;102803;4110;1;11308369879;S
20241017;102805;4110;5;11308370307;S
20241017;102806;4110;2;11308370378;S
20241017;102806;4110;1;11308370379;S
20241017;102807;4110;5;11308370486;S
20241017;102809;4110;1;11308370753;S
20241017;102809;4110;2;11308370754;S
20241017;102812;4110;1;11308371271;S
20241017;102812;4110;1;11308371273;S
20241017;102812;4110;1;11308371274;S
20241017;102813;4109;2;11308371362;S
20241017;102815;4109;1;11308371648;S
20241017;102815;4109;2;11308371649;S
20241017;102816;4109;1;11308371734;S
20241017;102818;4109;1;11308372049;S
20241017;102818;4109;2;11308372050;S
20241017;102822;4109;1;11308372562;S
20241017;102822;4109;2;11308372563;S
20241017;102823;4110;2;11308372825;B
20241017;102824;4110;1;11308373108;B
20241017;102825;4109;1;11308373141;S
20241017;102825;4109;2;11308373142;S
20241017;102826;4110;2;11308373380;B
20241017;102826;4110;3;11308373381;B
20241017;102826;4110;4;11308373382;B
20241017;102826;4111;5;11308373383;B
20241017;102826;4111;1;11308373384;B
20241017;102826;4111;3;11308373385;B
20241017;102828;4109;1;11308373554;S
20241017;102828;4109;1;11308373555;S
20241017;102828;4108;1;11308373556;S
20241017;102831;4108;2;11308373917;S
20241017;102831;4108;1;11308373918;S
20241017;102834;4109;1;11308374153;S
20241017;102834;4108;1;11308374154;S
20241017;102834;4108;1;11308374155;S
20241017;102837;4108;2;11308374451;S
20241017;102837;4108;1;11308374452;S
20241017;102838;4108;2;11308374477;S
20241017;102841;4110;1;11308374876;S
20241017;102841;4110;2;11308374877;S
20241017;102844;4110;1;11308375415;S
20241017;102844;4110;2;11308375416;S
20241017;102845;4110;4;11308375488;S
20241017;102845;4108;3;11308375489;S
20241017;102847;4108;2;11308375757;S
20241017;102847;4108;1;11308375758;S
20241017;102850;4108;2;11308376111;S
20241017;102850;4108;1;11308376112;S
20241017;102853;4108;2;11308376479;S
20241017;102853;4108;1;11308376480;S
20241017;102855;4110;1;11308376580;B
20241017;102856;4109;1;11308376804;S
20241017;102856;4108;2;11308376805;S
20241017;102857;4110;2;11308376935;B
20241017;102857;4111;2;11308376936;B
20241017;102857;4111;1;11308376937;B
20241017;102857;4111;1;11308376938;B
20241017;102858;4111;3;11308376966;B
20241017;102858;4111;1;11308376967;B
20241017;102858;4111;1;11308376968;B
20241017;102859;4109;1;11308377152;S
20241017;102859;4109;1;11308377153;S
20241017;102859;4109;1;11308377154;S
20241017;102903;4109;1;11308377509;S
20241017;102903;4109;1;11308377511;S
20241017;102903;4109;1;11308377512;S
20241017;102906;4109;1;11308377898;S
20241017;102906;4109;1;11308377899;S
20241017;102906;4108;1;11308377900;S
20241017;102906;4108;9;11308377930;S
20241017;102906;4108;1;11308377931;S
20241017;102906;4108;40;11308377932;S
20241017;102906;4108;1;11308377933;S
20241017;102906;4108;12;11308377934;S
20241017;102906;4108;5;11308377935;S
20241017;102906;4108;5;11308377936;S
20241017;102906;4108;2;11308377937;S
20241017;102906;4108;50;11308377938;S
20241017;102906;4108;10;11308377939;S
20241017;102909;4107;1;11308378236;S
20241017;102909;4107;2;11308378237;S
20241017;102910;4108;1;11308378368;B
20241017;102912;4107;1;11308378608;S
20241017;102912;4107;2;11308378609;S
20241017;102915;4107;1;11308378964;S
20241017;102915;4107;2;11308378965;S
20241017;102917;4108;15;11308379231;B
20241017;102918;4107;1;11308379326;S
20241017;102918;4107;2;11308379327;S
20241017;102919;4107;10;11308379440;S
20241017;102920;4107;5;11308379509;S
20241017;102920;4107;1;11308379510;S
20241017;102920;4107;24;11308379511;S
20241017;102921;4107;20;11308379604;S
20241017;102921;4107;10;11308379611;S
20241017;102921;4107;1;11308379710;S
20241017;102921;4107;2;11308379711;S
20241017;102925;4107;1;11308380043;S
20241017;102925;4107;2;11308380044;S
20241017;102926;4108;5;11308380612;B
20241017;102927;4107;1;11308380677;S
20241017;102928;4107;1;11308380820;S
20241017;102928;4107;2;11308380821;S
20241017;102931;4107;1;11308381206;S
20241017;102931;4107;2;11308381207;S
20241017;102934;4107;1;11308381575;S
20241017;102934;4107;2;11308381576;S
20241017;102936;4108;5;11308381817;B
20241017;102937;4107;1;11308381916;S
20241017;102937;4107;2;11308381917;S
20241017;102940;4107;1;11308382261;S
20241017;102940;4107;2;11308382263;S
20241017;102944;4107;1;11308382548;S
20241017;102944;4107;2;11308382549;S
20241017;102947;4107;1;11308382967;S
20241017;102947;4107;2;11308382968;S
20241017;102950;4107;1;11308383345;S
20241017;102950;4107;2;11308383346;S
20241017;102950;4108;2;11308383348;B
20241017;102953;4107;1;11308383740;S
20241017;102953;4107;2;11308383741;S
20241017;102956;4107;1;11308384240;S
20241017;102956;4107;2;11308384241;S
20241017;102959;4107;1;11308384625;S
20241017;102959;4107;2;11308384626;S
20241017;103002;4107;1;11308385632;S
20241017;103002;4107;2;11308385633;S
20241017;103006;4107;1;11308386807;S
20241017;103006;4107;2;11308386810;S
20241017;103007;4108;2;11308387217;B
20241017;103009;4107;1;11308388176;S
20241017;103009;4107;2;11308388177;S
20241017;103012;4107;1;11308388749;S
20241017;103012;4107;2;11308388750;S
20241017;103015;4108;1;11308389150;B
20241017;103015;4107;1;11308389169;S
20241017;103015;4107;2;11308389170;S
20241017;103018;4107;1;11308389722;S
20241017;103018;4107;1;11308389723;S
20241017;103018;4107;1;11308389724;S
20241017;103021;4107;1;11308390094;S
20241017;103021;4107;2;11308390095;S
20241017;103024;4107;1;11308390424;B
20241017;103024;4107;1;11308390494;S
20241017;103024;4107;1;11308390495;S
20241017;103028;4107;1;11308390874;S
20241017;103028;4107;2;11308390875;S
20241017;103031;4107;1;11308391375;S
20241017;103031;4107;2;11308391376;S
20241017;103034;4106;1;11308392016;S
20241017;103034;4106;1;11308392017;S
20241017;103034;4106;1;11308392018;S
20241017;103037;4106;1;11308392353;S
20241017;103037;4106;2;11308392354;S
20241017;103039;4107;2;11308392575;B
20241017;103040;4106;1;11308392805;S
20241017;103040;4106;2;11308392806;S
20241017;103043;4106;1;11308393199;S
20241017;103043;4106;2;11308393200;S
20241017;103045;4106;5;11308393372;S
20241017;103045;4106;5;11308393373;S
20241017;103045;4106;8;11308393374;S
20241017;103045;4105;10;11308393375;S
20241017;103045;4105;22;11308393376;S
20241017;103047;4105;2;11308393602;S
20241017;103047;4105;1;11308393603;S
20241017;103048;4106;1;11308393651;B
20241017;103048;4106;1;11308393761;B
20241017;103048;4106;1;11308393762;B
20241017;103050;4105;2;11308393956;S
20241017;103050;4105;1;11308393957;S
20241017;103053;4106;1;11308394263;S
20241017;103053;4106;2;11308394264;S
20241017;103056;4106;1;11308394631;S
20241017;103056;4106;1;11308394632;S
20241017;103056;4106;1;11308394633;S
20241017;103056;4106;2;11308394667;S
20241017;103056;4106;1;11308394668;S
20241017;103057;4107;1;11308394698;B
20241017;103057;4107;5;11308394699;B
20241017;103059;4107;2;11308394928;S
20241017;103059;4107;1;11308394929;S
20241017;103102;4107;2;11308395348;S
20241017;103102;4107;1;11308395349;S
20241017;103105;4107;2;11308395638;S
20241017;103105;4107;1;11308395639;S
20241017;103109;4107;1;11308396029;S
20241017;103109;4106;1;11308396030;S
20241017;103109;4106;1;11308396031;S
20241017;103112;4106;1;11308396497;S
20241017;103112;4106;2;11308396498;S
20241017;103115;4106;1;11308396918;S
20241017;103115;4106;1;11308396919;S
20241017;103115;4105;1;11308396920;S
20241017;103118;4105;1;11308397348;S
20241017;103118;4105;1;11308397349;S
20241017;103118;4105;1;11308397350;S
20241017;103121;4105;2;11308397656;S
20241017;103121;4105;1;11308397657;S
20241017;103124;4105;2;11308398015;S
20241017;103124;4105;1;11308398016;S
20241017;103127;4105;2;11308398331;S
20241017;103127;4106;1;11308398332;S
20241017;103129;4105;1;11308398553;S
20241017;103129;4105;14;11308398554;S
20241017;103129;4105;3;11308398555;S
20241017;103129;4105;1;11308398556;S
20241017;103129;4105;2;11308398557;S
20241017;103129;4105;3;11308398558;S
20241017;103129;4105;1;11308398559;S
20241017;103131;4104;1;11308398765;S
20241017;103131;4104;2;11308398766;S
20241017;103131;4105;20;11308398850;B
20241017;103131;4104;2;11308398863;S
20241017;103131;4104;3;11308398864;S
20241017;103132;4105;1;11308398978;B
20241017;103133;4105;2;11308399096;B
20241017;103133;4105;16;11308399189;B
20241017;103134;4104;1;11308399295;S
20241017;103134;4104;2;11308399296;S
20241017;103137;4104;1;11308399688;S
20241017;103137;4104;2;11308399689;S
20241017;103139;4104;1;11308399845;S
20241017;103139;4104;1;11308399846;S
20241017;103139;4104;6;11308399847;S
20241017;103140;4104;1;11308400007;S
20241017;103140;4104;2;11308400008;S
20241017;103142;4105;40;11308400254;B
20241017;103143;4105;30;11308400306;B
20241017;103143;4105;2;11308400307;B
20241017;103143;4106;1;11308400338;B
20241017;103146;4106;2;11308400747;S
20241017;103146;4106;1;11308400748;S
20241017;103146;4108;1;11308400750;B
20241017;103146;4108;1;11308400751;B
20241017;103146;4109;1;11308400752;B
20241017;103146;4109;1;11308400753;B
20241017;103146;4109;1;11308400754;B
20241017;103146;4109;1;11308400755;B
20241017;103150;4107;1;11308401135;S
20241017;103150;4107;1;11308401136;S
20241017;103150;4107;1;11308401138;S
20241017;103153;4108;1;11308401557;S
20241017;103153;4107;1;11308401558;S
20241017;103153;4107;1;11308401559;S
20241017;103156;4107;1;11308401969;S
20241017;103156;4106;1;11308401970;S
20241017;103156;4106;1;11308401971;S
20241017;103158;4107;4;11308402244;S
20241017;103159;4106;2;11308402327;S
20241017;103159;4106;1;11308402328;S
20241017;103200;4107;10;11308402430;B
20241017;103202;4107;1;11308402688;B
20241017;103202;4106;1;11308402698;S
20241017;103202;4106;2;11308402699;S
20241017;103205;4106;1;11308403251;S
20241017;103205;4106;2;11308403252;S
20241017;103205;4107;2;11308403270;B
20241017;103208;4106;1;11308403605;S
20241017;103208;4106;1;11308403606;S
20241017;103208;4106;1;11308403607;S
20241017;103210;4107;58;11308403806;B
20241017;103212;4107;1;11308404046;S
20241017;103212;4107;2;11308404049;S
20241017;103215;4107;2;11308404402;S
20241017;103215;4107;1;11308404405;S
20241017;103218;4107;10;11308404723;S
20241017;103218;4107;3;11308404749;B
20241017;103218;4106;1;11308404804;S
20241017;103218;4106;2;11308404805;S
20241017;103221;4106;1;11308405116;S
20241017;103221;4106;2;11308405117;S
20241017;103224;4106;1;11308405411;S
20241017;103224;4106;2;11308405412;S
20241017;103224;4107;1;11308405428;B
20241017;103227;4106;1;11308405683;S
20241017;103227;4106;2;11308405684;S
20241017;103228;4107;29;11308405790;B
20241017;103230;4106;1;11308406014;S
20241017;103230;4106;2;11308406015;S
20241017;103233;4106;5;11308406310;S
20241017;103234;4106;1;11308406345;S
20241017;103234;4106;2;11308406346;S
20241017;103237;4106;1;11308406668;S
20241017;103237;4105;2;11308406669;S
20241017;103239;4106;1;11308407030;B
20241017;103240;4105;1;11308407127;S
20241017;103240;4105;2;11308407128;S
20241017;103241;4105;50;11308407245;S
20241017;103243;4106;1;11308407358;B
20241017;103243;4105;1;11308407425;S
20241017;103243;4105;2;11308407426;S
20241017;103246;4105;1;11308407704;S
20241017;103246;4105;2;11308407705;S
20241017;103247;4106;10;11308407726;B
20241017;103247;4106;1;11308407727;B
20241017;103247;4106;1;11308407728;B
20241017;103247;4107;157;11308407729;B
20241017;103247;4107;5;11308407730;B
20241017;103247;4107;11;11308407731;B
20241017;103249;4107;2;11308407958;S
20241017;103249;4107;1;11308407959;S
20241017;103253;4106;1;11308408231;S
20241017;103253;4106;1;11308408232;S
20241017;103253;4106;1;11308408233;S
20241017;103256;4106;2;11308408562;S
20241017;103256;4106;1;11308408563;S
20241017;103259;4107;1;11308408869;S
20241017;103259;4107;2;11308408871;S
20241017;103300;4108;4;11308408943;B
20241017;103300;4108;1;11308408944;B
20241017;103300;4108;4;11308408945;B
20241017;103300;4108;1;11308408946;B
20241017;103300;4108;1;11308408947;B
20241017;103301;4109;1;11308409182;B
20241017;103301;4109;1;11308409183;B
20241017;103301;4109;2;11308409184;B
20241017;103302;4109;1;11308409259;S
20241017;103305;4109;1;11308409632;S
20241017;103305;4109;2;11308409633;S
20241017;103308;4110;2;11308409978;B
20241017;103308;4109;1;11308409994;S
20241017;103308;4109;2;11308409995;S
20241017;103310;4110;1;11308410203;B
20241017;103311;4109;1;11308410384;S
20241017;103311;4109;2;11308410394;S
20241017;103315;4109;1;11308410681;S
20241017;103315;4109;1;11308410682;S
20241017;103315;4109;1;11308410683;S
20241017;103318;4109;1;11308411139;S
20241017;103318;4109;2;11308411140;S
20241017;103321;4109;1;11308411553;S
20241017;103321;4109;2;11308411554;S
20241017;103323;4109;1;11308411756;B
20241017;103324;4107;1;11308411833;S
20241017;103324;4107;1;11308411834;S
20241017;103324;4107;1;11308411835;S
20241017;103327;4107;1;11308412150;S
20241017;103327;4106;1;11308412151;S
20241017;103327;4106;1;11308412152;S
20241017;103330;4106;1;11308412447;S
20241017;103330;4106;1;11308412448;S
20241017;103330;4106;1;11308412449;S
20241017;103331;4108;1;11308412528;B
20241017;103333;4108;1;11308413070;B
20241017;103333;4108;1;11308413071;B
20241017;103333;4108;1;11308413072;B
20241017;103333;4108;1;11308413073;B
20241017;103333;4108;1;11308413074;B
20241017;103333;4106;1;11308413153;S
20241017;103333;4106;1;11308413154;S
20241017;103334;4108;1;11308413230;B
20241017;103337;4108;1;11308413608;S
20241017;103337;4108;2;11308413609;S
20241017;103338;4109;1;11308413811;B
20241017;103338;4109;1;11308413812;B
20241017;103340;4106;2;11308414096;S
20241017;103340;4106;1;11308414097;S
20241017;103343;4107;1;11308414463;S
20241017;103343;4107;1;11308414464;S
20241017;103343;4107;1;11308414465;S
20241017;103346;4107;1;11308414956;S
20241017;103346;4106;1;11308414957;S
20241017;103346;4106;1;11308414958;S
20241017;103349;4107;1;11308415376;B
20241017;103349;4108;1;11308415377;B
20241017;103349;4108;3;11308415378;B
20241017;103349;4108;13;11308415379;B
20241017;103349;4108;1;11308415380;B
20241017;103349;4108;1;11308415381;B
20241017;103349;4108;2;11308415382;B
20241017;103349;4108;2;11308415383;B
20241017;103349;4108;2;11308415384;B
20241017;103349;4109;1;11308415385;B
20241017;103349;4109;5;11308415386;B
20241017;103349;4109;4;11308415387;B
20241017;103349;4109;10;11308415388;B
20241017;103349;4109;1;11308415389;B
20241017;103349;4109;1;11308415390;B
20241017;103349;4109;5;11308415391;B
20241017;103349;4109;1;11308415392;B
20241017;103349;4110;10;11308415393;B
20241017;103349;4110;1;11308415394;B
20241017;103349;4110;1;11308415395;B
20241017;103349;4110;1;11308415396;B
20241017;103349;4110;1;11308415397;B
20241017;103349;4110;1;11308415398;B
20241017;103349;4110;1;11308415399;B
20241017;103349;4110;24;11308415400;B
20241017;103349;4111;4;11308415404;B
20241017;103349;4111;4;11308415405;B
20241017;103349;4111;5;11308415406;B
20241017;103349;4111;10;11308415407;B
20241017;103349;4111;4;11308415408;B
20241017;103349;4111;3;11308415409;B
20241017;103349;4111;1;11308415410;B
20241017;103349;4111;5;11308415411;B
20241017;103349;4111;4;11308415412;B
20241017;103349;4111;1;11308415413;B
20241017;103349;4111;1;11308415414;B
20241017;103349;4111;1;11308415415;B
20241017;103349;4112;1;11308415416;B
20241017;103349;4112;1;11308415417;B
20241017;103349;4112;1;11308415418;B
20241017;103349;4112;454;11308415419;B
20241017;103351;4111;2;11308415645;B
20241017;103351;4111;1;11308415646;B
20241017;103351;4113;12;11308415647;B
20241017;103351;4113;2;11308415648;B
20241017;103351;4113;5;11308415649;B
20241017;103351;4113;1;11308415650;B
20241017;103351;4113;57;11308415651;B
20241017;103351;4114;20;11308415652;B
20241017;103351;4114;100;11308415677;B
20241017;103351;4114;3;11308415678;B
20241017;103351;4114;1;11308415735;B
20241017;103351;4114;10;11308415736;B
20241017;103351;4114;10;11308415737;B
20241017;103351;4114;79;11308415738;B
20241017;103352;4112;2;11308415966;S
20241017;103352;4112;1;11308415967;S
20241017;103354;4112;10;11308416163;S
20241017;103354;4112;2;11308416164;S
20241017;103354;4112;2;11308416165;S
20241017;103354;4111;4;11308416166;S
20241017;103354;4111;2;11308416167;S
20241017;103354;4111;2;11308416168;S
20241017;103354;4111;26;11308416169;S
20241017;103356;4111;2;11308416394;S
20241017;103356;4111;1;11308416395;S
20241017;103359;4111;1;11308416759;S
20241017;103359;4111;1;11308416760;S
20241017;103359;4111;1;11308416761;S
20241017;103402;4112;1;11308417083;S
20241017;103402;4111;2;11308417084;S
20241017;103405;4112;1;11308417495;S
20241017;103405;4112;2;11308417496;S
20241017;103406;4112;3;11308417578;S
20241017;103408;4112;1;11308418009;S
20241017;103408;4111;2;11308418010;S
20241017;103411;4113;5;11308418288;B
20241017;103411;4112;1;11308418344;S
20241017;103411;4112;2;11308418345;S
20241017;103414;4112;1;11308418641;S
20241017;103414;4111;2;11308418642;S
20241017;103418;4111;1;11308418992;S
20241017;103418;4111;1;11308418993;S
20241017;103418;4111;1;11308418994;S
20241017;103421;4111;1;11308419409;S
20241017;103421;4111;2;11308419410;S
20241017;103424;4111;1;11308419902;S
20241017;103424;4111;2;11308419903;S
20241017;103424;4112;10;11308419979;B
20241017;103424;4113;8;11308419980;B
20241017;103424;4113;2;11308419981;B
20241017;103424;4113;4;11308419982;B
20241017;103424;4113;7;11308419983;B
20241017;103424;4114;24;11308419984;B
20241017;103427;4112;2;11308420593;S
20241017;103427;4112;1;11308420594;S
20241017;103430;4113;1;11308421060;S
20241017;103430;4113;2;11308421061;S
20241017;103433;4113;1;11308421592;S
20241017;103433;4113;2;11308421593;S
20241017;103434;4114;476;11308421699;B
20241017;103434;4114;3;11308421700;B
20241017;103434;4114;1;11308421701;B
20241017;103434;4114;1;11308421702;B
20241017;103434;4114;4;11308421703;B
20241017;103434;4114;4;11308421704;B
20241017;103434;4114;1;11308421705;B
20241017;103434;4114;4;11308421706;B
20241017;103434;4114;5;11308421707;B
20241017;103434;4114;1;11308421708;B
20241017;103436;4113;1;11308422133;S
20241017;103436;4113;2;11308422135;S
20241017;103440;4112;1;11308422727;S
20241017;103440;4112;1;11308422728;S
20241017;103440;4112;1;11308422729;S
20241017;103443;4112;2;11308423279;S
20241017;103443;4112;1;11308423280;S
20241017;103444;4114;1;11308423414;B
20241017;103444;4114;2;11308423415;B
20241017;103444;4114;4;11308423416;B
20241017;103444;4114;1;11308423417;B
20241017;103444;4114;1;11308423418;B
20241017;103444;4114;1;11308423419;B
20241017;103444;4114;2;11308423425;B
20241017;103444;4114;1;11308423426;B
20241017;103444;4114;1;11308423427;B
20241017;103444;4114;1;11308423429;B
20241017;103444;4114;1;11308423430;B
20241017;103444;4114;1;11308423431;B
20241017;103444;4114;1;11308423435;B
20241017;103444;4114;1;11308423444;B
20241017;103444;4114;1;11308423445;B
20241017;103444;4114;1;11308423467;B
20241017;103444;4114;2;11308423485;B
20241017;103446;4113;1;11308423690;B
20241017;103446;4112;2;11308423715;S
20241017;103449;4112;2;11308424183;S
20241017;103449;4112;1;11308424184;S
20241017;103452;4112;1;11308424949;S
20241017;103452;4112;1;11308424950;S
20241017;103452;4112;1;11308424953;S
20241017;103455;4112;1;11308425645;S
20241017;103455;4112;2;11308425646;S
20241017;103458;4113;1;11308426011;B
20241017;103458;4113;1;11308426012;B
20241017;103459;4112;1;11308426095;S
20241017;103459;4112;1;11308426096;S
20241017;103459;4112;1;11308426097;S
20241017;103502;4111;2;11308426745;S
20241017;103502;4111;1;11308426746;S
20241017;103505;4111;1;11308427184;S
20241017;103505;4111;1;11308427185;S
20241017;103505;4111;1;11308427186;S
20241017;103508;4111;1;11308427594;S
20241017;103508;4111;2;11308427595;S
20241017;103511;4111;1;11308428307;S
20241017;103511;4111;2;11308428308;S
20241017;103514;4111;1;11308428620;S
20241017;103514;4111;2;11308428621;S
20241017;103517;4112;10;11308428955;B
20241017;103517;4112;2;11308428956;B
20241017;103517;4112;4;11308428957;B
20241017;103517;4113;1;11308428958;B
20241017;103517;4113;5;11308428959;B
20241017;103517;4113;1;11308428960;B
20241017;103517;4113;4;11308428961;B
20241017;103517;4113;2;11308428962;B
20241017;103517;4113;10;11308428963;B
20241017;103517;4113;1;11308428964;B
20241017;103517;4114;13;11308428965;B
20241017;103517;4114;5;11308428966;B
20241017;103517;4114;1;11308428967;B
20241017;103517;4114;1;11308428968;B
20241017;103517;4114;4;11308428969;B
20241017;103517;4114;1;11308428970;B
20241017;103517;4114;5;11308428971;B
20241017;103517;4114;1;11308428972;B
20241017;103517;4114;1;11308428973;B
20241017;103517;4114;6;11308428974;B
20241017;103521;4112;1;11308429623;S
20241017;103521;4112;2;11308429625;S
20241017;103524;4112;1;11308430069;S
20241017;103524;4112;1;11308430070;S
20241017;103524;4112;1;11308430071;S
20241017;103527;4112;1;11308430566;S
20241017;103527;4112;2;11308430568;S
20241017;103527;4112;1;11308430593;S
20241017;103527;4112;1;11308430594;S
20241017;103527;4112;1;11308430595;S
20241017;103527;4112;5;11308430596;S
20241017;103527;4112;8;11308430641;B
20241017;103527;4113;2;11308430642;B
20241017;103527;4113;2;11308430643;B
20241017;103527;4113;1;11308430644;B
20241017;103527;4113;1;11308430645;B
20241017;103527;4113;5;11308430646;B
20241017;103527;4114;4;11308430647;B
20241017;103527;4114;1;11308430648;B
20241017;103527;4114;2;11308430649;B
20241017;103527;4114;2;11308430650;B
20241017;103527;4114;30;11308430651;B
20241017;103530;4112;1;11308430924;S
20241017;103530;4111;2;11308430925;S
20241017;103533;4112;1;11308431487;B
20241017;103533;4113;5;11308431488;B
20241017;103533;4113;5;11308431489;B
20241017;103533;4113;4;11308431490;B
20241017;103533;4111;2;11308431524;S
20241017;103536;4112;1;11308431846;S
20241017;103536;4112;2;11308431847;S
20241017;103539;4112;1;11308432177;S
20241017;103539;4112;1;11308432178;S
20241017;103539;4112;1;11308432179;S
20241017;103543;4111;2;11308432448;S
20241017;103543;4111;1;11308432449;S
20241017;103546;4111;2;11308432869;S
20241017;103546;4111;1;11308432870;S
20241017;103547;4113;1;11308433114;B
20241017;103549;4112;1;11308433394;B
20241017;103549;4111;2;11308433471;S
20241017;103551;4112;1;11308433826;S
20241017;103552;4111;1;11308434125;S
20241017;103552;4111;2;11308434126;S
20241017;103554;4112;1;11308434504;B
20241017;103555;4111;1;11308435054;S
20241017;103555;4111;1;11308435055;S
20241017;103555;4111;1;11308435056;S
20241017;103556;4112;2;11308435133;B
20241017;103558;4111;1;11308435658;S
20241017;103558;4111;2;11308435659;S
20241017;103602;4111;1;11308436309;S
20241017;103602;4111;2;11308436310;S
20241017;103603;4112;1;11308436753;B
20241017;103603;4112;4;11308436754;B
20241017;103603;4112;10;11308436755;B
20241017;103603;4113;3;11308436756;B
20241017;103604;4111;6;11308437160;S
20241017;103604;4111;1;11308437161;S
20241017;103604;4111;1;11308437162;S
20241017;103604;4111;1;11308437163;S
20241017;103604;4111;2;11308437164;S
20241017;103604;4111;5;11308437165;S
20241017;103604;4111;1;11308437166;S
20241017;103604;4111;2;11308437167;S
20241017;103604;4111;2;11308437168;S
20241017;103604;4111;1;11308437169;S
20241017;103604;4111;1;11308437170;S
20241017;103604;4111;2;11308437171;S
20241017;103604;4111;3;11308437172;S
20241017;103604;4110;22;11308437173;S
20241017;103605;4110;1;11308437423;S
20241017;103605;4110;2;11308437424;S
20241017;103608;4110;2;11308437870;S
20241017;103608;4110;1;11308437871;S
20241017;103611;4110;2;11308438412;S
20241017;103611;4110;1;11308438413;S
20241017;103614;4110;2;11308438805;S
20241017;103614;4110;1;11308438806;S
20241017;103617;4110;2;11308439453;S
20241017;103617;4110;1;11308439454;S
20241017;103620;4110;2;11308439881;S
20241017;103620;4110;1;11308439883;S
20241017;103621;4112;1;11308439984;B
20241017;103624;4110;2;11308440274;S
20241017;103624;4110;1;11308440275;S
20241017;103627;4110;2;11308440592;S
20241017;103627;4110;1;11308440593;S
20241017;103630;4110;1;11308441069;S
20241017;103630;4110;2;11308441070;S
20241017;103630;4110;1;11308441071;S
20241017;103633;4110;2;11308441501;S
20241017;103633;4110;1;11308441502;S
20241017;103633;4112;1;11308441515;B
20241017;103636;4110;2;11308441995;S
20241017;103636;4110;1;11308441996;S
20241017;103639;4112;5;11308442234;B
20241017;103639;4110;2;11308442292;S
20241017;103639;4110;1;11308442293;S
20241017;103641;4112;1;11308442503;B
20241017;103642;4111;1;11308442638;S
20241017;103642;4111;2;11308442639;S
20241017;103646;4111;1;11308442918;S
20241017;103646;4111;2;11308442920;S
20241017;103649;4111;1;11308443244;S
20241017;103649;4111;1;11308443245;S
20241017;103649;4110;1;11308443247;S
20241017;103652;4110;2;11308443544;S
20241017;103652;4110;1;11308443545;S
20241017;103655;4110;2;11308443874;S
20241017;103655;4110;1;11308443875;S
20241017;103658;4110;2;11308444123;S
20241017;103658;4110;1;11308444124;S
20241017;103701;4110;2;11308444563;S
20241017;103701;4110;1;11308444564;S
20241017;103703;4110;20;11308444715;S
20241017;103705;4110;2;11308444856;S
20241017;103705;4110;1;11308444857;S
20241017;103708;4110;2;11308445202;S
20241017;103708;4110;1;11308445203;S
20241017;103711;4110;2;11308445520;S
20241017;103711;4110;1;11308445521;S
20241017;103714;4110;1;11308445885;S
20241017;103714;4110;2;11308445886;S
20241017;103717;4110;1;11308446316;S
20241017;103717;4110;2;11308446317;S
20241017;103719;4111;1;11308446545;B
20241017;103720;4110;1;11308446687;S
20241017;103720;4110;2;11308446688;S
20241017;103723;4110;1;11308447152;S
20241017;103723;4110;2;11308447154;S
20241017;103727;4110;1;11308447533;S
20241017;103727;4110;2;11308447534;S
20241017;103730;4111;5;11308448181;B
20241017;103730;4110;1;11308448186;S
20241017;103730;4110;2;11308448187;S
20241017;103733;4110;1;11308448582;S
20241017;103733;4110;2;11308448583;S
20241017;103736;4110;1;11308448947;S
20241017;103736;4110;2;11308448949;S
20241017;103739;4110;1;11308449244;S
20241017;103739;4110;2;11308449245;S
20241017;103739;4111;5;11308449251;B
20241017;103741;4110;1;11308449451;S
20241017;103742;4110;1;11308449580;S
20241017;103742;4110;2;11308449581;S
20241017;103745;4110;1;11308449973;S
20241017;103745;4110;2;11308449975;S
20241017;103749;4111;1;11308450394;B
20241017;103749;4111;1;11308450395;B
20241017;103749;4111;8;11308450396;B
20241017;103749;4110;1;11308450420;S
20241017;103749;4110;2;11308450421;S
20241017;103752;4110;1;11308450717;S
20241017;103752;4110;2;11308450718;S
20241017;103755;4110;1;11308451101;S
20241017;103755;4110;2;11308451102;S
20241017;103756;4111;2;11308451252;B
20241017;103756;4111;1;11308451253;B
20241017;103758;4111;1;11308451465;S
20241017;103758;4111;2;11308451466;S
20241017;103801;4111;1;11308451976;S
20241017;103801;4111;2;11308451977;S
20241017;103804;4110;2;11308452366;S
20241017;103804;4110;1;11308452367;S
20241017;103808;4111;1;11308452676;S
20241017;103808;4110;2;11308452677;S
20241017;103811;4110;2;11308453032;S
20241017;103811;4110;1;11308453033;S
20241017;103811;4112;1;11308453040;B
20241017;103811;4112;1;11308453041;B
20241017;103811;4112;1;11308453042;B
20241017;103811;4112;1;11308453043;B
20241017;103814;4110;2;11308453272;S
20241017;103814;4110;1;11308453273;S
20241017;103817;4110;2;11308453637;S
20241017;103817;4110;1;11308453638;S
20241017;103818;4112;1;11308453670;B
20241017;103819;4110;20;11308453828;S
20241017;103820;4110;2;11308454185;S
20241017;103820;4110;1;11308454186;S
20241017;103823;4110;1;11308454609;S
20241017;103823;4110;2;11308454610;S
20241017;103825;4110;20;11308454851;S
20241017;103826;4111;8;11308454893;B
20241017;103826;4110;1;11308454959;S
20241017;103826;4110;2;11308454961;S
20241017;103830;4110;1;11308455274;S
20241017;103830;4110;2;11308455275;S
20241017;103831;4110;70;11308455450;S
20241017;103831;4110;4;11308455451;S
20241017;103832;4110;41;11308455486;S
20241017;103832;4110;30;11308455555;S
20241017;103832;4110;3;11308455557;S
20241017;103832;4110;2;11308455558;S
20241017;103833;4110;1;11308455619;S
20241017;103833;4110;2;11308455620;S
20241017;103836;4111;12;11308455895;B
20241017;103836;4111;30;11308455896;B
20241017;103836;4111;2;11308455897;B
20241017;103836;4112;8;11308455898;B
20241017;103836;4112;5;11308455899;B
20241017;103836;4112;1;11308455900;B
20241017;103836;4112;1;11308455901;B
20241017;103839;4111;1;11308456257;S
20241017;103839;4111;2;11308456258;S
20241017;103842;4112;2;11308456644;B
20241017;103842;4111;1;11308456660;S
20241017;103842;4111;1;11308456661;S
20241017;103842;4110;1;11308456662;S
20241017;103845;4110;1;11308457112;S
20241017;103845;4110;2;11308457113;S
20241017;103848;4110;1;11308457482;S
20241017;103848;4110;2;11308457484;S
20241017;103851;4110;36;11308457961;S
20241017;103851;4110;1;11308457962;S
20241017;103851;4109;16;11308457963;S
20241017;103852;4107;1;11308457980;S
20241017;103852;4107;2;11308457981;S
20241017;103855;4107;1;11308458502;S
20241017;103855;4107;2;11308458503;S
20241017;103857;4108;5;11308458848;B
20241017;103857;4108;2;11308458849;B
20241017;103857;4109;10;11308458850;B
20241017;103858;4107;1;11308458945;S
20241017;103901;4107;2;11308459365;S
20241017;103901;4107;1;11308459366;S
20241017;103903;4108;3;11308459613;B
20241017;103904;4107;1;11308459750;S
20241017;103904;4107;2;11308459752;S
20241017;103907;4107;1;11308460110;S
20241017;103907;4107;2;11308460111;S
20241017;103911;4107;1;11308460531;S
20241017;103911;4107;2;11308460532;S
20241017;103914;4107;1;11308460922;S
20241017;103914;4107;1;11308460923;S
20241017;103914;4107;1;11308460924;S
20241017;103915;4108;1;11308461100;B
20241017;103917;4107;1;11308461327;S
20241017;103917;4107;2;11308461328;S
20241017;103920;4107;1;11308461737;S
20241017;103920;4107;2;11308461739;S
20241017;103920;4108;5;11308461794;B
20241017;103921;4108;1;11308461938;B
20241017;103923;4107;1;11308462297;S
20241017;103923;4107;2;11308462298;S
20241017;103926;4107;1;11308462675;S
20241017;103926;4107;2;11308462676;S
20241017;103929;4107;1;11308463001;S
20241017;103929;4107;2;11308463002;S
20241017;103930;4107;10;11308463025;S
20241017;103933;4107;1;11308463209;S
20241017;103933;4107;2;11308463210;S
20241017;103934;4106;1;11308463386;S
20241017;103934;4106;1;11308463387;S
20241017;103934;4106;4;11308463388;S
20241017;103934;4106;4;11308463389;S
20241017;103934;4106;4;11308463390;S
20241017;103934;4106;5;11308463391;S
20241017;103934;4106;1;11308463392;S
20241017;103934;4105;1;11308463393;S
20241017;103934;4105;49;11308463394;S
20241017;103936;4106;1;11308463515;B
20241017;103936;4105;2;11308463534;S
20241017;103939;4105;1;11308463861;S
20241017;103939;4105;2;11308463863;S
20241017;103942;4105;1;11308464300;S
20241017;103942;4105;2;11308464301;S
20241017;103944;4105;1;11308464497;S
20241017;103944;4105;1;11308464512;S
20241017;103945;4105;1;11308464606;S
20241017;103945;4105;2;11308464607;S
20241017;103946;4105;3;11308464682;S
20241017;103948;4105;1;11308464849;S
20241017;103948;4105;2;11308464850;S
20241017;103951;4105;1;11308465112;S
20241017;103951;4105;2;11308465113;S
20241017;103954;4105;1;11308465301;S
20241017;103954;4105;2;11308465307;S
20241017;103954;4105;1;11308465308;S
20241017;103954;4105;1;11308465309;S
20241017;103954;4105;1;11308465310;S
20241017;103954;4105;1;11308465311;S
20241017;103954;4105;1;11308465312;S
20241017;103954;4105;1;11308465314;S
20241017;103954;4105;2;11308465315;S
20241017;103954;4106;1;11308465316;B
20241017;103954;4106;1;11308465317;B
20241017;103954;4106;1;11308465318;B
20241017;103954;4106;2;11308465319;B
20241017;103954;4105;1;11308465322;S
20241017;103954;4105;1;11308465323;S
20241017;103954;4105;1;11308465324;S
20241017;103954;4105;1;11308465326;S
20241017;103954;4105;1;11308465327;S
20241017;103954;4105;1;11308465328;S
20241017;103954;4105;1;11308465329;S
20241017;103954;4105;1;11308465330;S
20241017;103954;4105;1;11308465331;S
20241017;103954;4105;1;11308465333;S
20241017;103954;4105;1;11308465334;S
20241017;103954;4105;1;11308465335;S
20241017;103954;4105;1;11308465336;S
20241017;103954;4105;1;11308465337;S
20241017;103954;4105;2;11308465338;S
20241017;103954;4105;1;11308465339;S
20241017;103954;4105;1;11308465341;S
20241017;103954;4105;1;11308465342;S
20241017;103954;4105;1;11308465343;S
20241017;103954;4105;1;11308465344;S
20241017;103955;4105;1;11308465350;S
20241017;103955;4105;1;11308465351;S
20241017;103955;4105;1;11308465354;S
20241017;103955;4105;1;11308465355;S
20241017;103955;4105;1;11308465357;S
20241017;103955;4105;1;11308465358;S
20241017;103955;4105;1;11308465359;S
20241017;103955;4105;1;11308465362;S
20241017;103955;4105;1;11308465363;S
20241017;103955;4105;1;11308465371;S
20241017;103955;4105;1;11308465372;S
20241017;103955;4105;1;11308465373;S
20241017;103955;4105;1;11308465376;S
20241017;103955;4105;1;11308465397;S
20241017;103955;4105;1;11308465398;S
20241017;103955;4105;1;11308465400;S
20241017;103955;4105;1;11308465402;S
20241017;103955;4105;1;11308465403;S
20241017;103955;4105;1;11308465404;S
20241017;103955;4105;1;11308465408;S
20241017;103955;4105;1;11308465409;S
20241017;103955;4105;1;11308465413;S
20241017;103955;4105;1;11308465418;S
20241017;103955;4105;1;11308465419;S
20241017;103955;4105;1;11308465420;S
20241017;103955;4105;2;11308465422;S
20241017;103955;4105;1;11308465423;S
20241017;103955;4105;1;11308465426;S
20241017;103955;4105;1;11308465427;S
20241017;103955;4105;1;11308465435;S
20241017;103955;4105;1;11308465436;S
20241017;103955;4105;1;11308465458;S
20241017;103955;4105;1;11308465460;S
20241017;103955;4105;1;11308465466;S
20241017;103955;4105;4;11308465511;S
20241017;103956;4105;1;11308465532;S
20241017;103958;4105;1;11308465721;S
20241017;103958;4105;2;11308465722;S
20241017;104000;4106;1;11308465854;B
20241017;104001;4105;1;11308465934;S
20241017;104001;4105;1;11308465935;S
20241017;104001;4105;1;11308465936;S
20241017;104003;4106;1;11308466235;S
20241017;104004;4105;1;11308466518;S
20241017;104004;4104;1;11308466520;S
20241017;104004;4104;1;11308466521;S
20241017;104007;4104;2;11308467055;S
20241017;104007;4104;1;11308467057;S
20241017;104009;4106;1;11308467263;B
20241017;104010;4104;2;11308467534;S
20241017;104010;4104;1;11308467536;S
20241017;104011;4104;2;11308467554;S
20241017;104011;4106;1;11308467642;B
20241017;104013;4106;1;11308467843;S
20241017;104014;4106;1;11308467870;S
20241017;104014;4106;2;11308467871;S
20241017;104016;4106;2;11308468302;S
20241017;104017;4105;2;11308468468;S
20241017;104017;4105;1;11308468469;S
20241017;104020;4105;1;11308469403;S
20241017;104020;4105;2;11308469404;S
20241017;104023;4105;1;11308469741;S
20241017;104023;4105;1;11308469742;S
20241017;104023;4104;1;11308469743;S
20241017;104026;4104;1;11308470229;S
20241017;104026;4104;1;11308470230;S
20241017;104026;4104;1;11308470231;S
20241017;104029;4105;18;11308470673;B
20241017;104029;4104;1;11308470720;S
20241017;104029;4104;1;11308470721;S
20241017;104029;4104;1;11308470722;S
20241017;104030;4105;2;11308470877;B
20241017;104030;4106;5;11308470878;B
20241017;104032;4105;1;11308471187;S
20241017;104032;4104;2;11308471188;S
20241017;104036;4104;2;11308471546;S
20241017;104036;4104;1;11308471547;S
20241017;104037;4106;1;11308471820;B
20241017;104039;4104;2;11308472214;S
20241017;104039;4104;1;11308472215;S
20241017;104042;4104;2;11308472678;S
20241017;104042;4104;1;11308472679;S
20241017;104045;4104;2;11308473015;S
20241017;104045;4104;1;11308473016;S
