<DATE>;<TIME>;<LAST>;<VOL>;<ID>;<OPER>
20240403;095935;229.9;50;10029449089;B
20240403;095935;229.9;130;10029449090;S
20240403;095935;229.9;20;10029449091;S
20240403;095935;229.9;50;10029449092;S
20240403;095935;229.9;30;10029449093;S
20240403;095935;229.9;120;10029449094;S
20240403;095935;229.9;60;10029449095;S
20240403;095935;229.9;10;10029449096;S
20240403;095935;229.9;180;10029449097;S
20240403;095935;229.9;170;10029449098;S
20240403;095935;229.9;230;10029449099;S
20240403;095935;229.9;20;10029449100;S
20240403;095935;229.9;30;10029449101;S
20240403;095935;229.9;10;10029449102;S
20240403;095935;229.9;10;10029449103;S
20240403;095935;229.9;10;10029449104;S
20240403;095935;229.9;100;10029449105;S
20240403;095935;229.9;40;10029449106;S
20240403;095935;229.9;10;10029449107;S
20240403;095935;229.9;90;10029449108;S
20240403;095935;229.9;10;10029449109;S
20240403;095935;229.9;50;10029449110;S
20240403;095935;229.9;20;10029449111;S
20240403;095935;229.9;10;10029449112;S
20240403;095935;229.9;10;10029449113;S
20240403;095935;229.9;180;10029449114;S
20240403;095935;229.9;440;10029449115;S
20240403;095935;229.9;150;10029449116;S
20240403;095935;229.9;770;10029449117;S
20240403;095935;229.9;230;10029449118;S
20240403;095935;229.9;50;10029449119;S
20240403;095935;229.9;500;10029449120;S
20240403;095935;229.9;20;10029449121;S
20240403;095935;229.9;200;10029449122;B
20240403;095935;229.9;380;10029449123;B
20240403;095935;229.9;440;10029449124;B
20240403;095935;229.9;300;10029449125;S
20240403;095935;229.9;110;10029449126;B
20240403;095935;229.9;10;10029449127;B
20240403;095935;229.9;50;10029449128;B
20240403;095935;229.9;40;10029449129;B
20240403;095935;229.9;700;10029449130;B
20240403;095935;229.9;10;10029449131;B
20240403;095935;229.9;10;10029449132;B
20240403;095935;229.9;10;10029449133;B
20240403;095935;229.9;10;10029449134;B
20240403;095935;229.9;10;10029449135;B
20240403;095935;229.9;70;10029449136;B
20240403;095935;229.9;10;10029449137;S
20240403;095935;229.9;10;10029449138;S
20240403;095935;229.9;10;10029449139;B
20240403;095935;229.9;130;10029449140;B
20240403;095935;229.9;700;10029449141;B
20240403;095935;229.9;80;10029449142;B
20240403;095935;229.9;2350;10029449143;B
20240403;095935;229.9;500;10029449144;B
20240403;095935;229.9;600;10029449145;B
20240403;095935;229.9;50;10029449146;B
20240403;095935;229.9;50;10029449147;B
20240403;095935;229.9;10;10029449148;B
20240403;095935;229.9;500;10029449149;B
20240403;095935;229.9;10;10029449150;B
20240403;095935;229.9;150;10029449151;B
20240403;095935;229.9;500;10029449152;B
20240403;095935;229.9;150;10029449153;B
20240403;095935;229.9;10;10029449154;B
20240403;095935;229.9;20;10029449155;B
20240403;095935;229.9;20;10029449156;B
20240403;095935;229.9;2500;10029449157;B
20240403;095935;229.9;250;10029449158;B
20240403;095935;229.9;80;10029449159;B
20240403;095935;229.9;10;10029449160;B
20240403;095935;229.9;500;10029449161;B
20240403;095935;229.9;40;10029449162;B
20240403;095935;229.9;100;10029449163;B
20240403;095935;229.9;710;10029449164;S
20240403;100000;229.8;20;10029456502;S
20240403;100000;229.8;120;10029456503;S
20240403;100000;229.8;10;10029456504;S
20240403;100000;229.8;20;10029456505;S
20240403;100000;229.8;20;10029456506;S
20240403;100000;229.8;10;10029456507;S
20240403;100000;229.8;20;10029456508;S
20240403;100000;229.8;10;10029456509;S
20240403;100000;229.8;270;10029456510;S
20240403;100000;229.8;500;10029456513;S
20240403;100000;229.8;20;10029456528;S
20240403;100000;229.8;30;10029456529;S
20240403;100000;229.79;780;10029456579;B
20240403;100000;229.8;220;10029456580;B
20240403;100000;229.78;300;10029456633;S
20240403;100000;229.78;20;10029456634;S
20240403;100000;229.78;80;10029456635;S
20240403;100000;229.78;30;10029456636;S
20240403;100000;229.78;70;10029456637;S
20240403;100000;229.79;10;10029456660;B
20240403;100000;229.79;30;10029456668;B
20240403;100000;229.79;10;10029456682;B
20240403;100000;229.79;10;10029456692;B
20240403;100000;229.79;30;10029456696;B
20240403;100000;229.79;30;10029456707;B
20240403;100000;229.79;30;10029456713;B
20240403;100000;229.78;80;10029456716;S
20240403;100000;229.79;30;10029456719;B
20240403;100000;229.79;180;10029456966;B
20240403;100001;229.78;10;10029456998;S
20240403;100001;229.78;40;10029457049;S
20240403;100001;229.78;20;10029457050;S
20240403;100001;229.78;10;10029457051;S
20240403;100001;229.78;10;10029457052;S
20240403;100001;229.78;30;10029457072;S
20240403;100001;229.78;300;10029457073;S
20240403;100001;229.78;20;10029457074;S
20240403;100001;229.78;10;10029457075;S
20240403;100001;229.79;40;10029457261;B
20240403;100001;229.78;40;10029457888;S
20240403;100001;229.78;20;10029457889;S
20240403;100001;229.78;20;10029457890;S
20240403;100001;229.78;40;10029457891;S
20240403;100001;229.78;10;10029457892;S
20240403;100001;229.78;110;10029457893;S
20240403;100001;229.77;260;10029457894;S
20240403;100002;229.77;70;10029458523;S
20240403;100002;229.77;100;10029458817;S
20240403;100002;229.76;10;10029458818;S
20240403;100002;229.76;420;10029458819;S
20240403;100002;229.76;40;10029458820;S
20240403;100002;229.76;40;10029458821;S
20240403;100002;229.74;60;10029458822;S
20240403;100002;229.71;10;10029458823;S
20240403;100002;229.71;110;10029458824;S
20240403;100002;229.71;110;10029458825;S
20240403;100002;229.71;60;10029458826;S
20240403;100002;229.7;50;10029458827;S
20240403;100002;229.7;10;10029458828;S
20240403;100002;229.65;280;10029458829;S
20240403;100002;229.64;110;10029458830;S
20240403;100002;229.64;110;10029458831;S
20240403;100002;229.59;10;10029458832;S
20240403;100002;229.58;260;10029458833;S
20240403;100002;229.58;100;10029458834;S
20240403;100002;229.55;280;10029458835;S
20240403;100002;229.56;500;10029458846;S
20240403;100002;229.56;290;10029458847;S
20240403;100002;229.55;60;10029458848;S
20240403;100002;229.55;150;10029458849;B
20240403;100002;229.54;1000;10029458851;S
20240403;100002;229.54;500;10029458852;S
20240403;100002;229.54;500;10029458854;S
20240403;100002;229.54;500;10029458855;S
20240403;100002;229.54;110;10029458856;S
20240403;100002;229.51;100;10029458971;S
20240403;100002;229.51;110;10029458972;S
20240403;100002;229.5;50;10029458973;S
20240403;100002;229.5;10;10029458974;S
20240403;100002;229.5;70;10029458975;S
20240403;100002;229.49;160;10029458976;S
20240403;100002;229.44;500;10029458979;S
20240403;100002;229.44;280;10029458980;S
20240403;100002;229.44;220;10029458981;B
20240403;100002;229.44;220;10029458982;B
20240403;100002;229.44;10;10029458983;B
20240403;100002;229.43;200;10029458984;S
20240403;100002;229.43;110;10029458985;S
20240403;100002;229.43;80;10029458986;S
20240403;100003;229.72;60;10029459265;B
20240403;100003;229.73;60;10029459266;B
20240403;100003;229.74;60;10029459267;B
20240403;100003;229.75;60;10029459268;B
20240403;100003;229.76;40;10029459269;B
20240403;100003;229.53;60;10029459317;S
20240403;100003;229.53;60;10029459318;S
20240403;100003;229.52;580;10029459319;S
20240403;100003;229.52;100;10029459321;S
20240403;100003;229.52;100;10029459324;S
20240403;100003;229.53;60;10029459326;S
20240403;100003;229.52;40;10029459327;S
20240403;100003;229.52;100;10029459331;S
20240403;100003;229.53;60;10029459337;S
20240403;100003;229.52;140;10029459338;S
20240403;100003;229.52;100;10029459340;S
20240403;100003;229.52;100;10029459341;S
20240403;100003;229.52;280;10029459342;S
20240403;100003;229.52;120;10029459343;S
20240403;100003;229.52;100;10029459344;S
20240403;100003;229.52;680;10029459346;S
20240403;100003;229.52;320;10029459350;B
20240403;100003;229.52;200;10029459351;B
20240403;100003;229.52;200;10029459352;S
20240403;100003;229.52;60;10029459354;S
20240403;100003;229.52;40;10029459356;B
20240403;100003;229.51;10;10029459359;B
20240403;100003;229.5;200;10029459616;B
20240403;100003;229.51;50;10029459617;B
20240403;100003;229.51;60;10029459618;B
20240403;100003;229.51;40;10029459628;S
20240403;100003;229.51;980;10029459854;S
20240403;100003;229.5;60;10029459855;S
20240403;100003;229.5;10;10029459856;S
20240403;100003;229.44;650;10029459857;S
20240403;100003;229.51;40;10029459931;B
20240403;100004;229.44;130;10029459971;S
20240403;100004;229.44;10;10029459972;S
20240403;100004;229.43;30;10029459973;S
20240403;100004;229.43;10;10029459974;S
20240403;100004;229.37;780;10029459976;S
20240403;100004;229.36;50;10029459977;S
20240403;100004;229.36;70;10029459978;S
20240403;100004;229.36;100;10029459982;B
20240403;100004;229.36;100;10029459983;B
20240403;100004;229.36;200;10029459984;B
20240403;100004;229.36;100;10029459985;B
20240403;100004;229.34;50;10029460189;S
20240403;100004;229.3;100;10029460248;S
20240403;100004;229.3;1000;10029460250;S
20240403;100004;229.3;400;10029460259;S
20240403;100004;229.3;10;10029460260;S
20240403;100004;229.3;110;10029460261;S
20240403;100004;229.3;780;10029460262;S
20240403;100004;229.29;70;10029460263;S
20240403;100004;229.23;50;10029460264;S
20240403;100004;229.2;10;10029460265;S
20240403;100004;229.2;20;10029460266;S
20240403;100004;229.2;110;10029460267;S
20240403;100004;229.13;60;10029460268;S
20240403;100004;229.13;40;10029460269;S
20240403;100004;229.12;140;10029460270;S
20240403;100004;229.13;400;10029460273;S
20240403;100004;229.35;400;10029460414;S
20240403;100005;229.35;20;10029460488;S
20240403;100005;229.31;500;10029460565;S
20240403;100005;229.31;280;10029460605;S
20240403;100005;229.3;70;10029460606;S
20240403;100005;229.29;650;10029460607;S
20240403;100005;229.29;20;10029460692;S
20240403;100005;229.29;120;10029460792;S
20240403;100005;229.29;750;10029460793;S
20240403;100005;229.29;110;10029460847;S
20240403;100005;229.29;100;10029460873;S
20240403;100005;229.29;190;10029460874;S
20240403;100005;229.37;70;10029460998;S
20240403;100005;229.54;10;10029461028;B
20240403;100005;229.54;20;10029461138;B
20240403;100006;229.38;500;10029461351;S
20240403;100006;229.54;10;10029461412;B
20240403;100006;229.55;60;10029461413;B
20240403;100006;229.55;70;10029461414;B
20240403;100006;229.56;10;10029461415;B
20240403;100006;229.38;50;10029461416;S
20240403;100006;229.56;50;10029461418;B
20240403;100006;229.55;60;10029461661;B
20240403;100006;229.57;40;10029461662;B
20240403;100006;229.38;80;10029461708;S
20240403;100006;229.38;100;10029461775;S
20240403;100006;229.38;10;10029461776;S
20240403;100006;229.37;240;10029461777;S
20240403;100006;229.38;50;10029461918;S
20240403;100006;229.57;10;10029462022;B
20240403;100006;229.65;10;10029462031;B
20240403;100006;229.56;10;10029462126;B
20240403;100006;229.37;10;10029462129;S
20240403;100006;229.56;10;10029462131;B
20240403;100006;229.37;100;10029463123;S
20240403;100006;229.37;10;10029463129;S
20240403;100007;229.64;10;10029463502;B
20240403;100007;229.64;10;10029463504;B
20240403;100007;229.62;60;10029463630;B
20240403;100007;229.63;10;10029463631;B
20240403;100007;229.37;10;10029463636;S
20240403;100007;229.37;10;10029463822;S
20240403;100007;229.37;10;10029463824;S
20240403;100007;229.54;10;10029463828;B
20240403;100007;229.37;40;10029464045;S
20240403;100007;229.37;60;10029464046;S
20240403;100007;229.36;50;10029464047;S
20240403;100007;229.36;10;10029464092;S
20240403;100007;229.53;10;10029464316;B
20240403;100007;229.62;10;10029464504;B
20240403;100008;229.27;780;10029465203;S
20240403;100008;229.26;60;10029465204;S
20240403;100008;229.26;20;10029465205;S
20240403;100008;229.17;500;10029465206;S
20240403;100008;229.14;40;10029465207;S
20240403;100008;229.14;20;10029465208;S
20240403;100008;229.14;10;10029465209;S
20240403;100008;229.13;2670;10029465210;S
20240403;100008;229.55;20;10029465432;B
20240403;100008;229.52;60;10029465860;B
20240403;100008;229.52;60;10029465861;B
20240403;100008;229.53;90;10029465862;B
20240403;100008;229.48;10;10029465885;S
20240403;100008;229.53;10;10029465888;B
20240403;100008;229.53;80;10029465890;B
20240403;100009;229.48;390;10029466253;S
20240403;100009;229.44;60;10029466254;S
20240403;100009;229.38;300;10029466255;S
20240403;100010;229.43;10;10029466957;B
20240403;100010;229.43;50;10029466988;B
20240403;100010;229.43;60;10029466989;B
20240403;100010;229.44;20;10029466990;B
20240403;100010;229.44;200;10029466991;B
20240403;100011;229.24;60;10029467194;S
20240403;100011;229.24;60;10029467195;S
20240403;100011;229.23;500;10029467196;S
20240403;100011;229.33;100;10029467201;S
20240403;100011;229.13;30;10029467340;S
20240403;100011;229.4;10;10029467357;B
20240403;100012;229.34;50;10029467738;B
20240403;100012;229.34;10;10029467746;B
20240403;100012;229.35;30;10029467747;B
20240403;100012;229.35;30;10029467754;B
20240403;100012;229.35;60;10029467755;B
20240403;100012;229.36;50;10029467756;B
20240403;100012;229.36;30;10029467757;B
20240403;100013;229.28;60;10029467948;S
20240403;100013;229.27;170;10029467949;S
20240403;100013;229.27;10;10029468110;S
20240403;100015;229.32;60;10029468386;B
20240403;100016;229.28;70;10029468719;S
20240403;100016;229.28;30;10029468845;S
20240403;100016;229.27;1310;10029468846;S
20240403;100016;229.24;60;10029468847;S
20240403;100016;229.22;60;10029468848;S
20240403;100016;229.21;780;10029468849;S
20240403;100016;229.15;10;10029468850;S
20240403;100016;229.12;60;10029468851;S
20240403;100016;229.11;40;10029468852;S
20240403;100016;229.1;150;10029468853;S
20240403;100016;229.16;780;10029468926;S
20240403;100016;229.16;140;10029468927;S
20240403;100016;229.15;60;10029468928;S
20240403;100016;229.08;50;10029468929;S
20240403;100016;229.08;110;10029468930;S
20240403;100016;229.06;1500;10029468931;S
20240403;100016;229.05;1260;10029468932;S
20240403;100016;229.08;780;10029468944;S
20240403;100016;229.07;540;10029468945;S
20240403;100016;229.06;60;10029468946;S
20240403;100016;229.05;3170;10029468947;S
20240403;100017;229.06;410;10029469215;S
20240403;100018;229.08;1500;10029469370;B
20240403;100018;229.09;40;10029469371;B
20240403;100019;229.07;50;10029469543;S
20240403;100019;229.05;100;10029469544;S
20240403;100019;229.04;30;10029469545;S
20240403;100019;229.04;10;10029469546;S
20240403;100019;229.02;180;10029469547;S
20240403;100019;229.01;300;10029469548;S
20240403;100019;229.01;10;10029469549;S
20240403;100019;229.01;780;10029469550;S
20240403;100019;229.01;970;10029469551;S
20240403;100019;229;130;10029469552;S
20240403;100019;229;40;10029469553;S
20240403;100019;229;10;10029469554;S
20240403;100019;229;550;10029469555;S
20240403;100019;229;30;10029469556;S
20240403;100019;229;20;10029469557;S
20240403;100019;229;790;10029469558;S
20240403;100019;229.02;20;10029469567;S
20240403;100019;229.16;10;10029469590;B
20240403;100019;229.18;50;10029469591;B
20240403;100019;229.18;10;10029469592;B
20240403;100019;229.19;70;10029469593;B
20240403;100019;229.2;30;10029469594;B
20240403;100019;229.02;80;10029469628;S
20240403;100019;229.02;70;10029469629;S
20240403;100019;229.01;410;10029469630;S
20240403;100019;229.01;200;10029469826;S
20240403;100019;229.19;60;10029469827;B
20240403;100019;229.19;70;10029469828;B
20240403;100019;229.19;40;10029469829;B
20240403;100019;229.2;20;10029469830;B
20240403;100019;229.01;20;10029469831;S
20240403;100019;229.01;40;10029469841;S
20240403;100019;229.01;70;10029469842;S
20240403;100019;229;90;10029469843;S
20240403;100019;229.01;60;10029469882;S
20240403;100019;229;40;10029469883;S
20240403;100019;229.2;10;10029469913;B
20240403;100019;229;330;10029469929;S
20240403;100020;229.2;10;10029469933;B
20240403;100020;229;10;10029469934;S
20240403;100020;229;740;10029470033;S
20240403;100020;229;30;10029470034;S
20240403;100020;229;30;10029470035;S
20240403;100020;229;20;10029470036;S
20240403;100020;229;20;10029470037;S
20240403;100020;229;110;10029470038;S
20240403;100020;229;130;10029470039;S
20240403;100020;229;90;10029470084;S
20240403;100020;229;2410;10029470085;S
20240403;100020;229;50;10029470110;S
20240403;100020;229;230;10029470122;S
20240403;100020;229.2;30;10029470123;B
20240403;100020;229;4500;10029470176;S
20240403;100020;229.21;60;10029470203;B
20240403;100020;229.22;20;10029470204;B
20240403;100020;229.22;70;10029470205;B
20240403;100021;229;4410;10029470470;S
20240403;100021;229;280;10029470561;S
20240403;100022;229;1000;10029470776;S
20240403;100022;229.06;280;10029470827;B
20240403;100022;229.1;80;10029470828;B
20240403;100022;229.1;60;10029470829;B
20240403;100023;229.1;80;10029470860;S
20240403;100023;229.01;70;10029470861;S
20240403;100023;229.01;80;10029470862;S
20240403;100023;229;10;10029470863;S
20240403;100023;229;10;10029470864;S
20240403;100023;228.96;80;10029470865;S
20240403;100023;228.96;60;10029470866;S
20240403;100023;228.91;10;10029470867;S
20240403;100023;228.9;10;10029470868;S
20240403;100023;228.86;10;10029470869;S
20240403;100023;228.83;230;10029470870;S
20240403;100023;228.83;40;10029470871;S
20240403;100023;228.82;180;10029470872;S
20240403;100023;228.86;100;10029471067;S
20240403;100024;229.01;10;10029471138;B
20240403;100026;228.91;50;10029471813;S
20240403;100026;228.89;80;10029471814;S
20240403;100026;228.88;280;10029471815;S
20240403;100026;228.83;780;10029471816;S
20240403;100026;228.83;60;10029471817;S
20240403;100026;228.82;20;10029471818;S
20240403;100026;228.81;80;10029471819;S
20240403;100026;228.8;10;10029471820;S
20240403;100026;228.79;10;10029471821;S
20240403;100026;228.76;10;10029471822;S
20240403;100026;228.76;530;10029471823;S
20240403;100026;228.75;590;10029471824;S
20240403;100026;228.77;10;10029472048;S
20240403;100026;228.76;10;10029472069;S
20240403;100026;228.76;50;10029472070;S
20240403;100026;228.76;50;10029472074;S
20240403;100026;228.76;340;10029472075;S
20240403;100026;228.76;330;10029472076;S
20240403;100026;228.76;420;10029472077;S
20240403;100026;228.75;650;10029472078;S
20240403;100027;228.78;50;10029472511;S
20240403;100028;228.89;20;10029472658;B
20240403;100028;228.89;40;10029472660;B
20240403;100028;228.9;80;10029472661;B
20240403;100028;228.9;170;10029472662;B
20240403;100028;228.95;280;10029472663;B
20240403;100028;228.98;430;10029472664;B
20240403;100029;228.9;660;10029472986;S
20240403;100029;228.89;40;10029472987;S
20240403;100029;228.97;60;10029473059;B
20240403;100029;228.99;10;10029473060;B
20240403;100029;229;40;10029473061;B
20240403;100029;229.02;40;10029473062;B
20240403;100030;228.91;220;10029473470;S
20240403;100030;228.85;100;10029473528;S
20240403;100031;228.85;180;10029473592;S
20240403;100031;228.82;60;10029473593;S
20240403;100031;228.8;40;10029473594;S
20240403;100031;228.79;220;10029473595;S
20240403;100032;228.79;470;10029474146;S
20240403;100032;228.79;60;10029474147;S
20240403;100032;228.79;470;10029474148;S
20240403;100032;228.78;600;10029474152;S
20240403;100033;228.8;100;10029474357;S
20240403;100033;228.78;900;10029474358;S
20240403;100035;228.93;10;10029474884;B
20240403;100036;229;80;10029475398;B
20240403;100036;229.01;20;10029475399;B
20240403;100036;229;80;10029475405;B
20240403;100036;229;40;10029475406;B
20240403;100036;229.01;40;10029475407;B
20240403;100036;229.03;180;10029475408;B
20240403;100036;228.99;20;10029475462;B
20240403;100036;228.99;40;10029475558;B
20240403;100036;229;110;10029475559;B
20240403;100039;228.92;10;10029476522;S
20240403;100041;228.98;20;10029477199;B
20240403;100041;228.86;40;10029477387;S
20240403;100041;228.98;20;10029477491;B
20240403;100042;228.9;20;10029477650;S
20240403;100042;228.98;10;10029477930;B
20240403;100043;228.9;60;10029478033;S
20240403;100043;228.89;110;10029478034;S
20240403;100043;228.84;10;10029478279;S
20240403;100044;228.83;60;10029478474;S
20240403;100044;228.83;30;10029478475;S
20240403;100044;228.82;880;10029478476;S
20240403;100044;228.82;30;10029478477;S
20240403;100044;228.94;20;10029478479;B
20240403;100044;228.82;500;10029478591;S
20240403;100044;228.82;170;10029478592;S
20240403;100044;228.82;60;10029478593;S
20240403;100044;228.81;620;10029478594;S
20240403;100046;228.91;80;10029479249;B
20240403;100046;228.92;280;10029479250;B
20240403;100046;228.95;880;10029479251;B
20240403;100046;228.96;530;10029479252;B
20240403;100046;228.96;230;10029479253;B
20240403;100047;228.97;10;10029479543;B
20240403;100048;228.98;60;10029479956;B
20240403;100048;229;40;10029479957;B
20240403;100048;229;10;10029479958;B
20240403;100049;228.9;10;10029480570;S
20240403;100050;228.96;780;10029480875;B
20240403;100050;228.97;20;10029480876;B
20240403;100050;228.99;40;10029480877;B
20240403;100050;229;40;10029480878;B
20240403;100050;229;440;10029480879;B
20240403;100050;229;230;10029480880;B
20240403;100050;229;100;10029480881;B
20240403;100050;229;100;10029480882;B
20240403;100050;229;100;10029480883;B
20240403;100050;229.01;2210;10029480884;B
20240403;100053;228.98;40;10029481756;B
20240403;100054;228.98;50;10029481832;B
20240403;100054;228.97;150;10029482022;S
20240403;100056;228.97;70;10029482546;S
20240403;100056;228.97;440;10029482548;S
20240403;100056;228.91;20;10029482549;S
20240403;100056;228.9;40;10029482550;S
20240403;100056;228.89;10;10029482551;S
20240403;100056;228.88;60;10029482552;S
20240403;100056;228.88;40;10029482553;S
20240403;100056;228.87;10;10029482653;S
20240403;100056;228.93;280;10029482712;B
20240403;100056;228.94;60;10029482713;B
20240403;100056;228.96;780;10029482714;B
20240403;100056;228.96;80;10029482715;B
20240403;100057;228.98;10;10029482898;B
20240403;100057;228.98;650;10029482899;B
20240403;100057;228.98;130;10029482952;B
20240403;100057;228.99;20;10029482953;B
20240403;100057;229;50;10029482954;B
20240403;100058;229;20;10029483248;B
20240403;100059;228.97;390;10029483401;S
20240403;100059;228.97;410;10029483592;S
20240403;100059;228.9;40;10029483593;S
20240403;100059;228.9;60;10029483594;S
20240403;100059;228.87;420;10029483595;S
20240403;100059;228.88;40;10029483713;S
20240403;100100;228.88;40;10029483863;S
20240403;100100;228.95;60;10029483899;B
20240403;100100;228.95;20;10029483900;B
20240403;100102;228.9;80;10029484682;S
20240403;100102;228.88;110;10029484683;S
20240403;100102;228.87;60;10029484684;S
20240403;100102;228.87;20;10029484685;S
20240403;100102;228.86;660;10029484686;S
20240403;100102;228.83;50;10029484687;S
20240403;100102;228.82;880;10029484688;S
20240403;100102;228.82;530;10029484689;S
20240403;100102;228.81;380;10029484690;S
20240403;100102;228.81;280;10029484691;S
20240403;100102;228.78;6870;10029484692;S
20240403;100102;228.77;1000;10029484693;S
20240403;100102;228.75;140;10029484694;S
20240403;100102;228.75;10;10029484695;S
20240403;100102;228.74;20;10029484696;S
20240403;100102;228.74;10;10029484697;S
20240403;100102;228.74;10;10029484698;S
20240403;100102;228.74;110;10029484699;S
20240403;100102;228.74;40;10029484700;S
20240403;100102;228.73;5000;10029484701;S
20240403;100102;228.7;300;10029484702;S
20240403;100102;228.7;690;10029484703;S
20240403;100102;228.7;10;10029484704;S
20240403;100102;228.67;10;10029484705;S
20240403;100102;228.64;200;10029484706;S
20240403;100102;228.63;100;10029484707;S
20240403;100102;228.62;20;10029484708;S
20240403;100102;228.61;200;10029484709;S
20240403;100102;228.61;100;10029484710;S
20240403;100102;228.6;30;10029484711;S
20240403;100102;228.6;500;10029484712;S
20240403;100102;228.58;50;10029484713;S
20240403;100102;228.58;550;10029484714;S
20240403;100102;228.58;200;10029484715;S
20240403;100102;228.58;4000;10029484716;S
20240403;100102;228.58;780;10029484717;S
20240403;100102;228.54;10;10029484718;S
20240403;100102;228.53;10;10029484719;S
20240403;100102;228.52;980;10029484720;S
20240403;100102;228.65;10;10029484723;S
20240403;100102;228.65;10;10029484724;S
20240403;100102;228.54;50;10029484725;S
20240403;100102;228.7;30;10029484729;B
20240403;100103;228.7;30;10029484905;B
20240403;100103;228.72;100;10029484906;B
20240403;100103;228.73;110;10029484907;B
20240403;100103;228.62;530;10029484925;S
20240403;100103;228.61;100;10029484926;S
20240403;100103;228.61;80;10029484927;S
20240403;100103;228.61;110;10029484928;S
20240403;100103;228.6;280;10029484929;S
20240403;100103;228.57;280;10029484930;S
20240403;100103;228.53;880;10029484931;S
20240403;100103;228.52;20;10029484932;S
20240403;100103;228.52;4500;10029484933;S
20240403;100103;228.51;10;10029484934;S
20240403;100103;228.51;10;10029484935;S
20240403;100103;228.51;10;10029484936;S
20240403;100103;228.51;10;10029484937;S
20240403;100103;228.51;300;10029484938;S
20240403;100103;228.5;10;10029484939;S
20240403;100103;228.5;10;10029484940;S
20240403;100103;228.5;10;10029484941;S
20240403;100103;228.5;100;10029484942;S
20240403;100103;228.5;100;10029484943;S
20240403;100103;228.5;20;10029484944;S
20240403;100103;228.5;20;10029484945;S
20240403;100103;228.5;10;10029484946;S
20240403;100103;228.5;30;10029484947;S
20240403;100103;228.5;230;10029484948;S
20240403;100103;228.5;10;10029484949;S
20240403;100103;228.44;300;10029484950;S
20240403;100103;228.44;500;10029484951;S
20240403;100103;228.42;2180;10029484952;S
20240403;100103;228.41;20;10029484953;S
20240403;100103;228.4;50;10029484954;S
20240403;100103;228.4;3400;10029484955;S
20240403;100103;228.4;50;10029484956;S
20240403;100103;228.4;100;10029484957;S
20240403;100103;228.4;30;10029484958;S
20240403;100103;228.4;9920;10029484959;S
20240403;100103;228.4;780;10029484960;S
20240403;100104;228.42;200;10029485154;S
20240403;100104;228.42;300;10029485164;S
20240403;100104;228.42;530;10029485167;S
20240403;100104;228.41;470;10029485168;S
20240403;100104;228.42;150;10029485169;S
20240403;100104;228.42;370;10029485171;S
20240403;100104;228.41;120;10029485176;S
20240403;100104;228.47;200;10029485340;B
20240403;100105;228.41;30;10029485707;S
20240403;100106;228.48;80;10029485908;B
20240403;100106;228.48;130;10029485909;B
20240403;100106;228.48;1000;10029485910;B
20240403;100106;228.49;100;10029485911;B
20240403;100106;228.5;100;10029485912;B
20240403;100106;228.5;10;10029485913;B
20240403;100106;228.51;280;10029485914;B
20240403;100106;228.62;40;10029485915;B
20240403;100106;228.63;780;10029485916;B
20240403;100106;228.68;980;10029485917;B
20240403;100107;228.65;100;10029486017;B
20240403;100107;228.65;450;10029486081;B
20240403;100107;228.64;40;10029486113;B
20240403;100107;228.51;10;10029486145;S
20240403;100107;228.51;100;10029486146;S
20240403;100107;228.5;120;10029486147;S
20240403;100110;228.65;20;10029487260;B
20240403;100112;228.69;200;10029487646;B
20240403;100112;228.66;50;10029487879;S
20240403;100114;228.65;70;10029488140;B
20240403;100115;228.65;320;10029488402;B
20240403;100115;228.65;100;10029488403;B
20240403;100116;228.7;280;10029488847;B
20240403;100117;228.68;10;10029488996;S
20240403;100117;228.67;100;10029488997;S
20240403;100117;228.65;690;10029488998;S
20240403;100117;228.65;50;10029488999;S
20240403;100118;228.64;10;10029489245;S
20240403;100118;228.64;10;10029489246;S
20240403;100118;228.63;10;10029489247;S
20240403;100118;228.59;60;10029489289;B
20240403;100119;228.59;170;10029489458;B
20240403;100120;228.59;70;10029489640;B
20240403;100121;228.58;100;10029489939;S
20240403;100121;228.58;60;10029489940;S
20240403;100121;228.57;300;10029489941;S
20240403;100121;228.54;90;10029489942;S
20240403;100121;228.53;530;10029489943;S
20240403;100121;228.52;280;10029489944;S
20240403;100121;228.51;880;10029489945;S
20240403;100121;228.5;800;10029489946;S
20240403;100121;228.5;870;10029489947;S
20240403;100122;228.44;60;10029490315;S
20240403;100122;228.43;190;10029490316;S
20240403;100124;228.45;50;10029490678;S
20240403;100124;228.41;100;10029490679;S
20240403;100124;228.41;530;10029490680;S
20240403;100124;228.4;70;10029490681;S
20240403;100124;228.48;10;10029490683;B
20240403;100124;228.49;40;10029490684;B
20240403;100126;228.42;20;10029491217;S
20240403;100127;228.5;890;10029491289;B
20240403;100127;228.5;120;10029491290;B
20240403;100127;228.5;90;10029491291;B
20240403;100127;228.5;230;10029491292;B
20240403;100127;228.53;100;10029491293;B
20240403;100127;228.57;280;10029491294;B
20240403;100127;228.64;10;10029491295;B
20240403;100127;228.65;20;10029491296;B
20240403;100127;228.65;240;10029491297;B
20240403;100129;228.65;100;10029491857;B
20240403;100129;228.54;20;10029492036;S
20240403;100131;228.56;20;10029492362;S
20240403;100132;228.63;10;10029492553;B
20240403;100132;228.58;20;10029492588;S
20240403;100132;228.63;20;10029492692;S
20240403;100132;228.58;420;10029492693;S
20240403;100133;228.62;10;10029492921;B
20240403;100134;228.62;10;10029493016;B
20240403;100134;228.63;10;10029493017;B
20240403;100136;228.63;50;10029493561;B
20240403;100137;228.66;500;10029493821;B
20240403;100137;228.67;100;10029493822;B
20240403;100137;228.66;100;10029493823;S
20240403;100137;228.66;3080;10029493824;B
20240403;100138;228.82;780;10029493838;B
20240403;100138;228.83;100;10029493839;B
20240403;100140;228.88;20;10029494401;B
20240403;100140;228.89;40;10029494402;B
20240403;100141;228.89;740;10029494562;B
20240403;100141;228.9;120;10029494563;B
20240403;100141;228.91;140;10029494564;B
20240403;100142;228.79;120;10029494806;S
20240403;100142;228.78;150;10029494807;S
20240403;100144;228.81;10;10029495240;S
20240403;100145;228.88;10;10029495303;B
20240403;100145;228.75;10;10029495430;S
20240403;100145;228.74;110;10029495431;S
20240403;100148;228.82;100;10029495957;B
20240403;100148;228.82;10;10029496043;B
20240403;100148;228.82;30;10029496097;B
20240403;100150;228.72;100;10029496538;S
20240403;100150;228.69;20;10029496539;S
20240403;100151;228.7;10;10029496620;S
20240403;100153;228.75;20;10029497110;B
20240403;100153;228.8;220;10029497174;B
20240403;100156;228.84;10;10029497610;B
20240403;100156;228.75;10;10029497611;S
20240403;100156;228.74;40;10029497612;S
20240403;100157;228.76;30;10029497832;S
20240403;100157;228.74;50;10029497833;S
20240403;100157;228.73;70;10029497834;S
20240403;100157;228.72;100;10029497835;S
20240403;100157;228.67;50;10029497972;S
20240403;100158;228.67;250;10029498076;S
20240403;100159;228.81;10;10029498275;B
20240403;100203;228.69;10;10029499200;S
20240403;100203;228.68;10;10029499201;S
20240403;100204;228.68;120;10029499474;S
20240403;100204;228.68;280;10029499475;S
20240403;100205;228.7;10;10029499561;S
20240403;100205;228.7;10;10029499738;S
20240403;100205;228.69;90;10029499739;S
20240403;100205;228.68;280;10029499740;S
20240403;100206;228.75;110;10029499891;B
20240403;100206;228.79;60;10029499892;B
20240403;100206;228.8;10;10029499893;B
20240403;100206;228.8;250;10029499894;B
20240403;100207;228.81;30;10029500086;B
20240403;100211;228.72;90;10029500885;S
20240403;100211;228.71;880;10029500886;S
20240403;100211;228.7;10;10029500887;S
20240403;100211;228.7;280;10029500888;S
20240403;100211;228.69;100;10029500889;S
20240403;100211;228.69;30;10029500890;S
20240403;100211;228.68;400;10029500891;S
20240403;100211;228.67;330;10029500892;S
20240403;100211;228.66;20;10029500893;S
20240403;100211;228.65;500;10029500894;S
20240403;100211;228.65;20;10029500895;S
20240403;100211;228.6;10;10029500896;S
20240403;100211;228.58;460;10029500897;S
20240403;100211;228.55;200;10029500898;S
20240403;100211;228.54;380;10029500899;S
20240403;100211;228.53;1110;10029500900;S
20240403;100211;228.53;780;10029500901;S
20240403;100211;228.51;40;10029500902;S
20240403;100211;228.5;360;10029500903;S
20240403;100212;228.62;10;10029501015;S
20240403;100213;228.74;10;10029501231;B
20240403;100214;228.74;30;10029501458;B
20240403;100214;228.75;90;10029501459;B
20240403;100214;228.75;100;10029501460;B
20240403;100214;228.76;130;10029501461;B
20240403;100214;228.77;150;10029501462;B
20240403;100214;228.65;130;10029501479;S
20240403;100218;228.66;10;10029502084;B
20240403;100219;228.65;40;10029502340;S
20240403;100219;228.66;40;10029502440;B
20240403;100220;228.66;40;10029502556;B
20240403;100225;228.65;10;10029503567;B
20240403;100225;228.65;90;10029503614;B
20240403;100225;228.66;990;10029503615;B
20240403;100225;228.69;130;10029503616;B
20240403;100225;228.69;80;10029503617;B
20240403;100225;228.73;1000;10029503618;B
20240403;100225;228.75;280;10029503619;B
20240403;100225;228.78;400;10029503620;B
20240403;100225;228.79;780;10029503621;B
20240403;100225;228.8;10;10029503622;B
20240403;100225;228.8;10;10029503623;B
20240403;100225;228.82;1400;10029503624;B
20240403;100225;228.82;10;10029503625;B
20240403;100225;228.87;10;10029503626;B
20240403;100225;228.87;10;10029503627;B
20240403;100225;228.89;10;10029503628;B
20240403;100225;228.89;10;10029503629;B
20240403;100225;228.9;50;10029503630;B
20240403;100225;228.9;20;10029503631;B
20240403;100225;228.91;10;10029503632;B
20240403;100225;228.92;150;10029503633;B
20240403;100225;228.93;1580;10029503634;B
20240403;100225;228.94;500;10029503635;B
20240403;100225;228.95;500;10029503636;B
20240403;100225;228.97;1970;10029503637;B
20240403;100225;228.96;30;10029503698;B
20240403;100225;228.84;80;10029503800;S
20240403;100225;228.83;130;10029503801;S
20240403;100225;228.83;190;10029503802;S
20240403;100226;228.82;50;10029504054;S
20240403;100228;228.93;50;10029504578;B
20240403;100228;228.93;80;10029504579;B
20240403;100228;228.94;80;10029504580;B
20240403;100228;228.95;780;10029504581;B
20240403;100228;228.95;130;10029504582;B
20240403;100228;228.99;190;10029504583;B
20240403;100228;228.99;20;10029504584;B
20240403;100228;228.99;10;10029504585;B
20240403;100228;228.99;280;10029504586;B
20240403;100228;229;250;10029504587;B
20240403;100228;229;40;10029504588;B
20240403;100228;229;90;10029504589;B
20240403;100230;228.89;100;10029504845;S
20240403;100230;228.89;130;10029504846;S
20240403;100230;228.89;80;10029504847;S
20240403;100230;228.88;100;10029504848;S
20240403;100230;228.87;280;10029504849;S
20240403;100230;228.85;400;10029504850;S
20240403;100230;228.79;100;10029504851;S
20240403;100230;228.78;100;10029504852;S
20240403;100230;228.76;1580;10029504853;S
20240403;100230;228.76;1580;10029504854;S
20240403;100230;228.75;900;10029504855;S
20240403;100234;228.81;40;10029505650;S
20240403;100236;228.81;30;10029506097;S
20240403;100237;228.89;40;10029506174;B
20240403;100237;228.89;10;10029506175;B
20240403;100237;228.9;80;10029506176;B
20240403;100237;228.91;130;10029506177;B
20240403;100237;228.92;100;10029506178;B
20240403;100237;228.93;70;10029506179;B
20240403;100238;228.93;20;10029506435;B
20240403;100239;228.83;190;10029507105;S
20240403;100240;228.93;10;10029507661;B
20240403;100247;228.89;10;10029509300;S
20240403;100248;228.91;10;10029509509;B
20240403;100248;228.92;70;10029509510;B
20240403;100248;228.93;280;10029509511;B
20240403;100248;228.94;530;10029509512;B
20240403;100250;228.86;130;10029509758;S
20240403;100250;228.85;60;10029509759;S
20240403;100252;228.93;50;10029510042;B
20240403;100252;228.93;50;10029510043;B
20240403;100255;228.94;10;10029510849;B
20240403;100255;228.95;100;10029510850;B
20240403;100255;228.95;70;10029510851;B
20240403;100255;228.96;100;10029510852;B
20240403;100255;228.96;10;10029510853;B
20240403;100255;228.97;130;10029510854;B
20240403;100255;228.98;80;10029510855;B
20240403;100256;228.98;30;10029511070;B
20240403;100259;228.97;400;10029511580;B
20240403;100300;228.87;110;10029511700;S
20240403;100301;228.89;100;10029511967;S
20240403;100301;228.88;70;10029511968;S
20240403;100303;228.94;20;10029512280;B
20240403;100307;228.95;20;10029513189;B
20240403;100309;228.95;760;10029513407;B
20240403;100309;228.95;70;10029513408;B
20240403;100309;228.95;280;10029513409;B
20240403;100309;228.99;100;10029513410;B
20240403;100309;228.99;20;10029513411;B
20240403;100309;229;110;10029513412;B
20240403;100309;229;20;10029513413;B
20240403;100309;229;10;10029513414;B
20240403;100309;229;10;10029513415;B
20240403;100309;229;20;10029513416;B
20240403;100309;229;130;10029513417;B
20240403;100309;229;10;10029513418;B
20240403;100309;229;460;10029513419;B
20240403;100309;228.99;60;10029513510;B
20240403;100309;228.93;440;10029513575;S
20240403;100313;228.93;20;10029514540;S
20240403;100314;228.94;60;10029514820;B
20240403;100317;228.93;40;10029515409;S
20240403;100317;228.92;70;10029515410;S
20240403;100320;228.93;70;10029516010;B
20240403;100320;228.93;780;10029516011;B
20240403;100320;228.95;20;10029516012;B
20240403;100320;228.96;130;10029516013;B
20240403;100320;228.92;10;10029516044;S
20240403;100321;228.93;10;10029516223;S
20240403;100323;228.93;10;10029516680;S
20240403;100324;228.93;10;10029517087;S
20240403;100324;228.94;20;10029517152;B
20240403;100324;228.94;70;10029517153;B
20240403;100324;228.95;780;10029517154;B
20240403;100324;228.96;10;10029517155;B
20240403;100324;228.96;20;10029517156;B
20240403;100324;228.98;280;10029517157;B
20240403;100324;229;720;10029517158;B
20240403;100326;228.94;10;10029517536;B
20240403;100326;228.98;40;10029517537;B
20240403;100333;228.99;300;10029519317;B
20240403;100335;228.98;40;10029519830;S
20240403;100336;228.99;480;10029520001;B
20240403;100336;228.99;20;10029520002;B
20240403;100336;229;820;10029520003;B
20240403;100336;229;140;10029520004;B
20240403;100336;229;40;10029520005;B
20240403;100337;228.97;20;10029520134;S
20240403;100338;228.99;10;10029520398;B
20240403;100339;228.98;10;10029520579;S
20240403;100343;228.99;60;10029521312;B
20240403;100344;228.98;50;10029521622;S
20240403;100345;229;90;10029521812;B
20240403;100346;228.99;100;10029522006;S
20240403;100350;229;50;10029522616;B
20240403;100351;229;180;10029522768;B
20240403;100351;229;40;10029522769;B
20240403;100356;229.01;10;10029523512;B
20240403;100356;229.01;380;10029523514;B
20240403;100356;229.01;20;10029523539;B
20240403;100358;229.01;1660;10029523790;B
20240403;100358;229;500;10029523855;S
20240403;100359;229;70;10029523918;S
20240403;100359;229;170;10029523919;S
20240403;100359;229;280;10029523920;S
20240403;100401;228.99;300;10029525696;S
20240403;100403;229;480;10029526084;B
20240403;100403;229;40;10029526085;B
20240403;100403;229;80;10029526086;B
20240403;100403;229;100;10029526087;B
20240403;100403;229.01;1800;10029526088;B
20240403;100404;229;100;10029526322;S
20240403;100404;229.01;30;10029526348;B
20240403;100404;229.01;40;10029526427;B
20240403;100405;229.01;220;10029526468;B
20240403;100405;229.01;100;10029526537;B
20240403;100405;229.01;30;10029526546;B
20240403;100408;229;780;10029527387;S
20240403;100408;229;280;10029527388;S
20240403;100408;229;80;10029527389;S
20240403;100408;229;380;10029527390;S
20240403;100408;229;10;10029527391;S
20240403;100411;229;330;10029527755;B
20240403;100411;228.99;90;10029527827;S
20240403;100413;229;900;10029528255;B
20240403;100413;229;300;10029528256;B
20240403;100413;229.01;3500;10029528257;B
20240403;100413;229.01;100;10029528258;B
20240403;100413;229.02;20;10029528259;B
20240403;100413;229.06;20;10029528260;B
20240403;100414;229.05;80;10029528483;S
20240403;100414;229.04;120;10029528484;S
20240403;100415;229.1;10;10029528714;B
20240403;100417;229.04;160;10029528982;S
20240403;100417;229.03;70;10029528983;S
20240403;100419;229.05;80;10029529614;S
20240403;100419;229.04;280;10029529615;S
20240403;100419;229.02;80;10029529616;S
20240403;100424;229.04;80;10029530501;S
20240403;100424;229.03;170;10029530502;S
20240403;100425;229.09;30;10029530658;B
20240403;100425;229.02;110;10029530717;S
20240403;100428;229.07;40;10029531498;B
20240403;100428;229.07;20;10029531580;B
20240403;100428;229.03;20;10029531622;S
20240403;100429;229.08;50;10029531700;B
20240403;100432;229.04;10;10029532631;B
20240403;100434;229.04;50;10029532916;B
20240403;100435;229.04;20;10029533267;B
20240403;100435;229.05;330;10029533268;B
20240403;100436;229.04;130;10029533321;B
20240403;100438;229.05;50;10029533821;B
20240403;100439;229.04;80;10029534199;S
20240403;100441;229.05;10;10029534462;B
20240403;100442;229.05;1410;10029534600;B
20240403;100442;229.05;100;10029534601;B
20240403;100442;229.07;80;10029534602;B
20240403;100442;229.07;700;10029534603;B
20240403;100442;229.07;80;10029534604;S
20240403;100442;229.07;90;10029534605;B
20240403;100442;229.07;90;10029534606;B
20240403;100442;229.07;520;10029534607;B
20240403;100442;229.08;50;10029534627;B
20240403;100442;229.08;40;10029534628;B
20240403;100443;229.07;30;10029534692;S
20240403;100443;229.07;120;10029534776;S
20240403;100445;229.09;20;10029535164;B
20240403;100446;229.08;80;10029535311;S
20240403;100446;229.08;20;10029535312;S
20240403;100446;229.09;90;10029535313;B
20240403;100447;229.1;10;10029535731;B
20240403;100450;229.1;10;10029536416;B
20240403;100450;229.09;10;10029536427;S
20240403;100452;229.07;50;10029536940;S
20240403;100504;229.07;80;10029539180;S
20240403;100504;229.07;220;10029539181;S
20240403;100504;229.07;30;10029539182;S
20240403;100504;229.06;70;10029539183;S
20240403;100505;229.07;10;10029539435;S
20240403;100506;229.09;40;10029539679;B
20240403;100507;229.09;10;10029539690;B
20240403;100507;229.09;10;10029539872;B
20240403;100507;229.07;60;10029539930;S
20240403;100507;229.06;80;10029539931;S
20240403;100507;229.05;110;10029539932;S
20240403;100509;229.06;10;10029540303;B
20240403;100510;229.07;180;10029540482;B
20240403;100511;229.07;50;10029540596;B
20240403;100511;229.07;100;10029540628;B
20240403;100512;229.07;10;10029540990;B
20240403;100514;229.07;50;10029541296;B
20240403;100514;229.07;870;10029541388;B
20240403;100514;229.07;30;10029541503;B
20240403;100514;229.07;430;10029541504;B
20240403;100514;229.07;760;10029541505;B
20240403;100514;229.09;20;10029541507;B
20240403;100516;229.1;80;10029541868;B
20240403;100516;229.08;80;10029541905;S
20240403;100516;229.08;280;10029541906;S
20240403;100516;229.06;110;10029541907;S
20240403;100516;229.05;770;10029541908;S
20240403;100516;229.05;20;10029541909;S
20240403;100516;229.05;100;10029541910;S
20240403;100516;229.05;50;10029541911;S
20240403;100516;229.05;110;10029541912;S
20240403;100516;229.04;1990;10029541913;S
20240403;100516;229.03;2400;10029541914;S
20240403;100516;229.02;60;10029541915;S
20240403;100516;229.02;210;10029541916;S
20240403;100516;229.02;780;10029541917;S
20240403;100516;229.01;2040;10029541918;S
20240403;100519;229.03;80;10029542424;S
20240403;100519;229.02;120;10029542425;S
20240403;100519;229.02;760;10029542551;S
20240403;100519;229.02;280;10029542552;S
20240403;100519;229.01;1960;10029542553;S
20240403;100520;229.08;180;10029542616;B
20240403;100521;229.09;50;10029542798;B
20240403;100522;229.1;10;10029542922;B
20240403;100527;229.1;10;10029543821;B
20240403;100527;229.11;10;10029543822;B
20240403;100528;229.1;10;10029544070;B
20240403;100528;229.09;10;10029544105;S
20240403;100529;229.11;10;10029544161;B
20240403;100529;229.1;70;10029544353;B
20240403;100529;229.1;330;10029544401;B
20240403;100529;229.11;80;10029544402;B
20240403;100529;229.11;80;10029544403;B
20240403;100529;229.12;280;10029544404;B
20240403;100529;229.14;430;10029544405;B
20240403;100531;229.1;40;10029544666;S
20240403;100531;229.13;50;10029544691;B
20240403;100532;229.13;10;10029544908;B
20240403;100541;229.14;40;10029546530;B
20240403;100543;229.12;10;10029546772;S
20240403;100544;229.13;10;10029547031;S
20240403;100544;229.14;40;10029547037;B
20240403;100544;229.12;10;10029547041;S
20240403;100547;229.12;10;10029547823;S
20240403;100549;229.14;20;10029548360;B
20240403;100551;229.14;10;10029548659;B
20240403;100551;229.14;10;10029548671;B
20240403;100551;229.14;1000;10029548751;B
20240403;100551;229.14;3350;10029548752;B
20240403;100551;229.14;100;10029548753;B
20240403;100553;229.2;10;10029549001;B
20240403;100554;229.2;800;10029549080;B
20240403;100554;229.2;110;10029549081;B
20240403;100554;229.2;2000;10029549082;B
20240403;100554;229.22;60;10029549083;B
20240403;100554;229.24;80;10029549084;B
20240403;100554;229.25;10;10029549085;B
20240403;100554;229.25;280;10029549086;B
20240403;100554;229.26;1460;10029549087;B
20240403;100558;229.26;2040;10029549854;B
20240403;100558;229.29;90;10029549855;B
20240403;100558;229.3;200;10029549856;B
20240403;100558;229.3;1000;10029549857;B
20240403;100558;229.3;80;10029549858;B
20240403;100558;229.3;90;10029549859;B
20240403;100559;229.3;10;10029550038;B
20240403;100602;229.31;50;10029550786;B
20240403;100602;229.33;110;10029550787;B
20240403;100602;229.33;20;10029550788;B
20240403;100602;229.34;180;10029550789;B
20240403;100602;229.35;510;10029550790;B
20240403;100604;229.27;80;10029551078;S
20240403;100604;229.27;20;10029551079;S
20240403;100610;229.31;10;10029552542;S
20240403;100610;229.29;10;10029552543;S
20240403;100612;229.38;10;10029552996;B
20240403;100615;229.37;10;10029554079;B
20240403;100616;229.32;80;10029554153;S
20240403;100616;229.31;30;10029554154;S
20240403;100617;229.37;10;10029554534;B
20240403;100618;229.37;760;10029554767;B
20240403;100618;229.38;40;10029554768;B
20240403;100618;229.38;10;10029554835;S
20240403;100620;229.4;10;10029555236;B
20240403;100620;229.44;90;10029555237;B
20240403;100620;229.45;10;10029555238;B
20240403;100620;229.38;110;10029555304;S
20240403;100621;229.4;10;10029555489;B
20240403;100622;229.4;10;10029555659;B
20240403;100622;229.38;50;10029555683;S
20240403;100622;229.4;20;10029555684;B
20240403;100623;229.4;10;10029555826;B
20240403;100623;229.38;30;10029555827;S
20240403;100623;229.38;10;10029555828;S
20240403;100623;229.4;140;10029555843;B
20240403;100623;229.38;70;10029555853;S
20240403;100623;229.38;430;10029555854;S
20240403;100623;229.42;50;10029555920;B
20240403;100623;229.45;50;10029555921;B
20240403;100623;229.46;10;10029555922;B
20240403;100623;229.46;80;10029555923;B
20240403;100623;229.47;50;10029555924;B
20240403;100623;229.47;110;10029555925;B
20240403;100623;229.47;50;10029555926;B
20240403;100623;229.49;40;10029555927;B
20240403;100623;229.49;80;10029555928;B
20240403;100623;229.5;100;10029555929;B
20240403;100623;229.5;10;10029555930;B
20240403;100623;229.52;10;10029555931;B
20240403;100623;229.52;30;10029555932;B
20240403;100624;229.55;310;10029555934;B
20240403;100624;229.55;180;10029555935;B
20240403;100624;229.56;20;10029555945;B
20240403;100624;229.56;60;10029555946;B
20240403;100624;229.6;10;10029555949;B
20240403;100624;229.56;50;10029555959;S
20240403;100624;229.6;10;10029556050;B
20240403;100624;229.63;50;10029556110;B
20240403;100624;229.62;80;10029556157;B
20240403;100624;229.63;130;10029556158;B
20240403;100624;229.64;50;10029556159;B
20240403;100624;229.65;40;10029556160;B
20240403;100626;229.61;30;10029556557;S
20240403;100627;229.61;20;10029556797;S
20240403;100627;229.6;10;10029556798;S
20240403;100627;229.57;80;10029556799;S
20240403;100627;229.56;60;10029556800;S
20240403;100627;229.56;70;10029556801;S
20240403;100627;229.55;130;10029556802;S
20240403;100627;229.56;50;10029556905;B
20240403;100627;229.6;60;10029556906;B
20240403;100627;229.6;20;10029556907;B
20240403;100627;229.61;80;10029556908;B
20240403;100634;229.56;10;10029558933;B
20240403;100634;229.57;90;10029559079;B
20240403;100634;229.6;20;10029559083;B
20240403;100634;229.6;90;10029559084;B
20240403;100634;229.6;10;10029559085;B
20240403;100635;229.61;10;10029559205;B
20240403;100635;229.63;40;10029559252;B
20240403;100638;229.61;90;10029560629;B
20240403;100638;229.63;10;10029560630;B
20240403;100639;229.61;80;10029560879;S
20240403;100639;229.6;280;10029560880;S
20240403;100639;229.6;400;10029560881;S
20240403;100639;229.58;60;10029560882;S
20240403;100639;229.58;70;10029560883;S
20240403;100639;229.54;880;10029560884;S
20240403;100639;229.54;510;10029560885;S
20240403;100639;229.53;780;10029560886;S
20240403;100639;229.5;10;10029560887;S
20240403;100639;229.5;50;10029561333;S
20240403;100640;229.51;20;10029561459;S
20240403;100641;229.51;10;10029562101;S
20240403;100641;229.52;30;10029562219;B
20240403;100641;229.52;240;10029562240;B
20240403;100641;229.52;10;10029562263;B
20240403;100644;229.52;600;10029562814;B
20240403;100645;229.52;10;10029563060;B
20240403;100647;229.52;20;10029563592;B
20240403;100649;229.51;130;10029564045;S
20240403;100649;229.51;880;10029564046;S
20240403;100649;229.51;90;10029564047;S
20240403;100649;229.51;200;10029564090;B
20240403;100652;229.5;1460;10029564647;S
20240403;100652;229.51;900;10029564725;B
20240403;100652;229.51;10;10029564726;B
20240403;100652;229.51;880;10029564727;B
20240403;100652;229.51;280;10029564728;B
20240403;100652;229.52;19130;10029564729;B
20240403;100653;229.52;430;10029564880;B
20240403;100653;229.52;3050;10029564881;B
20240403;100653;229.52;10;10029564950;B
20240403;100653;229.52;4560;10029564956;B
20240403;100653;229.52;30;10029565025;B
20240403;100653;229.52;10;10029565026;B
20240403;100653;229.51;40;10029565030;S
20240403;100654;229.52;480;10029565146;B
20240403;100654;229.52;2500;10029565284;B
20240403;100654;229.52;10;10029565285;B
20240403;100654;229.52;10;10029565286;B
20240403;100654;229.52;30;10029565356;B
20240403;100654;229.52;10;10029565400;B
20240403;100655;229.52;100;10029565582;B
20240403;100655;229.52;30;10029565604;B
20240403;100655;229.52;100;10029565605;B
20240403;100655;229.52;20;10029565730;B
20240403;100655;229.51;120;10029565731;S
20240403;100655;229.51;880;10029565732;S
20240403;100655;229.51;10;10029565733;S
20240403;100656;229.52;10;10029565799;B
20240403;100656;229.52;30;10029565977;B
20240403;100656;229.52;100;10029566013;B
20240403;100656;229.52;200;10029566024;B
20240403;100657;229.52;10;10029566590;B
20240403;100657;229.52;250;10029566603;B
20240403;100659;229.51;20;10029566944;B
20240403;100659;229.5;560;10029566984;S
20240403;100659;229.51;10;10029567062;B
20240403;100659;229.51;10;10029567078;B
20240403;100659;229.5;100;10029567129;S
20240403;100659;229.51;400;10029567133;B
20240403;100700;229.52;10;10029567377;B
20240403;100702;229.52;20;10029567668;B
20240403;100702;229.52;10;10029567669;B
20240403;100702;229.52;10;10029567694;B
20240403;100703;229.52;10;10029567757;B
20240403;100703;229.52;10;10029567900;B
20240403;100703;229.51;300;10029567984;S
20240403;100703;229.51;80;10029567988;S
20240403;100705;229.51;770;10029568281;S
20240403;100705;229.5;230;10029568282;S
20240403;100706;229.51;10;10029568454;B
20240403;100706;229.51;10;10029568562;B
20240403;100706;229.51;10;10029568563;B
20240403;100708;229.52;20;10029568894;B
20240403;100709;229.5;20;10029569141;S
20240403;100710;229.52;20;10029569313;B
20240403;100710;229.5;10;10029569411;S
20240403;100710;229.52;30;10029569469;B
20240403;100710;229.52;20;10029569548;B
20240403;100711;229.51;90;10029569564;S
20240403;100711;229.51;110;10029569683;S
20240403;100711;229.5;10;10029569684;S
20240403;100712;229.5;10;10029569932;S
20240403;100713;229.52;20;10029569980;B
20240403;100713;229.52;40;10029570102;B
20240403;100714;229.52;50;10029570163;B
20240403;100714;229.5;40;10029570299;S
20240403;100715;229.52;130;10029570361;B
20240403;100716;229.5;20;10029570610;S
20240403;100718;229.51;20;10029570995;B
20240403;100718;229.5;10;10029571011;S
20240403;100720;229.51;440;10029571453;B
20240403;100720;229.5;90;10029571526;S
20240403;100721;229.52;440;10029571836;B
20240403;100722;229.52;10;10029572097;B
20240403;100722;229.52;340;10029572159;B
20240403;100723;229.52;500;10029572434;B
20240403;100723;229.52;2330;10029572435;B
20240403;100723;229.52;310;10029572436;B
20240403;100723;229.52;140;10029572437;B
20240403;100725;229.51;300;10029572753;S
20240403;100726;229.52;450;10029572941;B
20240403;100726;229.52;250;10029572942;B
20240403;100726;229.52;100;10029572943;B
20240403;100726;229.53;200;10029572944;B
20240403;100729;229.52;200;10029573459;S
20240403;100729;229.52;30;10029573487;S
20240403;100729;229.51;70;10029573488;S
20240403;100729;229.51;10;10029573525;S
20240403;100729;229.51;10;10029573623;S
20240403;100730;229.51;70;10029573802;S
20240403;100730;229.51;10;10029573803;S
20240403;100732;229.53;140;10029574200;B
20240403;100732;229.53;50;10029574212;B
20240403;100732;229.52;110;10029574231;S
20240403;100732;229.52;170;10029574263;S
20240403;100732;229.51;50;10029574264;S
20240403;100732;229.51;10;10029574265;S
20240403;100732;229.51;30;10029574266;S
20240403;100733;229.51;10;10029574552;S
20240403;100735;229.53;20;10029574710;B
20240403;100735;229.5;100;10029574841;S
20240403;100735;229.5;90;10029574872;S
20240403;100737;229.5;160;10029575127;S
20240403;100743;229.52;40;10029576356;B
20240403;100744;229.5;10;10029576474;S
20240403;100744;229.5;300;10029576565;S
20240403;100745;229.51;210;10029576692;B
20240403;100745;229.52;530;10029576693;B
20240403;100745;229.52;510;10029576694;B
20240403;100750;229.51;290;10029577455;B
20240403;100750;229.52;210;10029577456;B
20240403;100753;229.52;50;10029577974;S
20240403;100800;229.53;90;10029579321;B
20240403;100800;229.53;10;10029579356;B
20240403;100803;229.53;290;10029579874;B
20240403;100804;229.52;480;10029580003;S
20240403;100805;229.52;50;10029580098;S
20240403;100805;229.53;50;10029580124;B
20240403;100805;229.53;940;10029580136;B
20240403;100805;229.53;70;10029580137;B
20240403;100805;229.53;10;10029580155;B
20240403;100805;229.53;10;10029580156;B
20240403;100805;229.53;50;10029580178;B
20240403;100805;229.53;30;10029580179;B
20240403;100805;229.53;40;10029580180;B
20240403;100805;229.53;30;10029580213;B
20240403;100805;229.53;10;10029580222;B
20240403;100806;229.53;10;10029580313;B
20240403;100806;229.53;10;10029580314;B
20240403;100806;229.53;40;10029580315;B
20240403;100806;229.53;10;10029580318;B
20240403;100807;229.53;10;10029580630;B
20240403;100807;229.53;20;10029580631;B
20240403;100809;229.53;20;10029580829;B
20240403;100810;229.53;450;10029580923;B
20240403;100811;229.52;10;10029581253;S
20240403;100812;229.53;880;10029581346;B
20240403;100812;229.53;80;10029581366;B
20240403;100812;229.53;50;10029581438;B
20240403;100814;229.53;20;10029581743;B
20240403;100814;229.52;100;10029581746;S
20240403;100815;229.52;110;10029581881;S
20240403;100817;229.53;30;10029582105;B
20240403;100817;229.53;20;10029582106;B
20240403;100817;229.53;40;10029582107;B
20240403;100817;229.53;10;10029582160;B
20240403;100818;229.52;10;10029582371;S
20240403;100820;229.53;90;10029582707;B
20240403;100822;229.53;100;10029583005;B
20240403;100825;229.53;30;10029583723;B
20240403;100827;229.52;20;10029584044;S
20240403;100827;229.52;10;10029584088;S
20240403;100827;229.52;10;10029584089;S
20240403;100827;229.52;90;10029584090;S
20240403;100827;229.52;10;10029584091;S
20240403;100827;229.52;50;10029584092;S
20240403;100829;229.52;280;10029584474;S
20240403;100829;229.52;20;10029584475;S
20240403;100829;229.51;10;10029584476;S
20240403;100829;229.51;280;10029584477;S
20240403;100829;229.52;10;10029584627;B
20240403;100832;229.52;10;10029585045;B
20240403;100834;229.52;10;10029585295;B
20240403;100834;229.52;10;10029585296;B
20240403;100836;229.51;20;10029585805;S
20240403;100837;229.52;250;10029586025;B
20240403;100837;229.52;110;10029586026;B
20240403;100837;229.53;120;10029586027;B
20240403;100838;229.53;10;10029586226;B
20240403;100840;229.53;90;10029586507;B
20240403;100840;229.53;40;10029586508;B
20240403;100840;229.52;300;10029586624;S
20240403;100843;229.51;10;10029587087;S
20240403;100843;229.53;10;10029587089;B
20240403;100845;229.53;190;10029587309;B
20240403;100845;229.53;30;10029587312;B
20240403;100848;229.52;90;10029587643;S
20240403;100849;229.52;40;10029587831;S
20240403;100850;229.53;100;10029588292;B
20240403;100850;229.53;10;10029588299;B
20240403;100850;229.52;20;10029588300;S
20240403;100851;229.52;10;10029588429;S
20240403;100851;229.52;40;10029588462;S
20240403;100854;229.53;10;10029588918;B
20240403;100856;229.52;830;10029589320;S
20240403;100856;229.52;170;10029589321;S
20240403;100857;229.51;60;10029589412;S
20240403;100859;229.53;10;10029589923;B
20240403;100859;229.51;190;10029589931;S
20240403;100859;229.5;2310;10029589932;S
20240403;100900;229.5;10;10029590112;S
20240403;100900;229.5;30;10029590196;S
20240403;100900;229.51;60;10029590260;B
20240403;100901;229.52;30;10029590422;B
20240403;100902;229.52;30;10029590511;B
20240403;100902;229.52;10;10029590519;B
20240403;100902;229.52;90;10029590635;B
20240403;100903;229.5;1000;10029590914;S
20240403;100904;229.52;10;10029590962;B
20240403;100905;229.5;560;10029591111;S
20240403;100906;229.5;40;10029591332;S
20240403;100907;229.5;10;10029591380;S
20240403;100907;229.5;10;10029591381;S
20240403;100907;229.51;10;10029591393;B
20240403;100907;229.52;40;10029591394;B
20240403;100907;229.52;20;10029591445;B
20240403;100908;229.5;10;10029591638;S
20240403;100908;229.5;10;10029591688;S
20240403;100908;229.5;110;10029591717;S
20240403;100910;229.52;70;10029592058;B
20240403;100911;229.52;380;10029592178;B
20240403;100911;229.53;220;10029592179;B
20240403;100911;229.51;10;10029592290;S
20240403;100913;229.51;50;10029592472;S
20240403;100913;229.5;10;10029592561;S
20240403;100919;229.5;5000;10029593635;S
20240403;100919;229.53;200;10029593643;B
20240403;100919;229.53;30;10029593644;B
20240403;100919;229.53;40;10029593645;B
20240403;100919;229.53;100;10029593646;B
20240403;100919;229.53;110;10029593647;B
20240403;100919;229.53;430;10029593648;B
20240403;100919;229.54;80;10029593649;B
20240403;100919;229.54;530;10029593705;B
20240403;100919;229.54;880;10029593706;B
20240403;100919;229.55;590;10029593707;B
20240403;100920;229.51;10;10029593841;S
20240403;100921;229.53;50;10029594127;S
20240403;100922;229.54;10;10029594261;B
20240403;100923;229.54;10;10029594360;B
20240403;100924;229.54;50;10029594570;B
20240403;100924;229.53;10;10029594628;S
20240403;100925;229.53;380;10029594907;S
20240403;100925;229.53;100;10029594908;S
20240403;100925;229.53;50;10029594909;S
20240403;100926;229.52;20;10029595041;B
20240403;100927;229.52;50;10029595253;B
20240403;100927;229.52;300;10029595262;B
20240403;100927;229.55;190;10029595263;B
20240403;100927;229.58;70;10029595264;B
20240403;100927;229.58;50;10029595265;B
20240403;100927;229.58;880;10029595266;B
20240403;100927;229.58;530;10029595267;B
20240403;100927;229.59;60;10029595268;B
20240403;100927;229.59;110;10029595269;B
20240403;100927;229.59;100;10029595270;B
20240403;100927;229.59;280;10029595271;B
20240403;100927;229.6;430;10029595272;B
20240403;100929;229.54;150;10029595604;B
20240403;100931;229.52;10;10029596392;S
20240403;100932;229.53;10;10029596558;B
20240403;100935;229.53;10;10029596959;B
20240403;100935;229.51;50;10029597005;S
20240403;100937;229.51;10;10029597316;S
20240403;100937;229.51;60;10029597317;S
20240403;100937;229.53;20;10029597320;B
20240403;100941;229.53;10;10029597831;B
20240403;100942;229.53;260;10029597917;B
20240403;100944;229.52;10;10029598200;B
20240403;100944;229.53;90;10029598201;B
20240403;100944;229.53;210;10029598227;B
20240403;100945;229.53;100;10029598571;B
20240403;100947;229.53;110;10029598747;B
20240403;100947;229.6;10;10029598748;B
20240403;100947;229.6;60;10029598749;B
20240403;100947;229.6;30;10029598750;B
20240403;100947;229.6;160;10029598751;B
20240403;100947;229.58;530;10029598766;S
20240403;100947;229.57;330;10029598767;S
20240403;100947;229.56;280;10029598768;S
20240403;100947;229.53;300;10029598769;S
20240403;100947;229.52;10;10029598770;S
20240403;100947;229.52;60;10029598771;S
20240403;100947;229.52;400;10029598772;S
20240403;100947;229.51;70;10029598773;S
20240403;100947;229.51;880;10029598774;S
20240403;100947;229.5;1120;10029598775;S
20240403;100950;229.55;10;10029599179;B
20240403;100952;229.55;10;10029599598;B
20240403;100955;229.55;10;10029600040;B
20240403;100958;229.52;280;10029600469;S
20240403;100958;229.51;60;10029600470;S
20240403;100958;229.51;330;10029600471;S
20240403;100958;229.5;3860;10029600472;S
20240403;100958;229.5;70;10029600473;S
20240403;100958;229.5;330;10029600482;S
20240403;100958;229.5;500;10029600483;S
20240403;100958;229.5;10;10029600484;S
20240403;100958;229.5;230;10029600485;S
20240403;100958;229.5;500;10029600486;S
20240403;100958;229.5;200;10029600487;S
20240403;100958;229.5;10;10029600488;S
20240403;100958;229.5;1000;10029600489;S
20240403;100958;229.5;2220;10029600490;S
20240403;101001;229.53;10;10029600993;B
20240403;101002;229.51;10;10029601177;S
20240403;101002;229.51;10;10029601231;B
20240403;101002;229.51;10;10029601233;B
20240403;101002;229.51;20;10029601243;B
20240403;101002;229.51;10;10029601244;B
20240403;101002;229.51;20;10029601245;B
20240403;101002;229.51;10;10029601246;B
20240403;101002;229.51;10;10029601247;B
20240403;101003;229.5;220;10029601457;S
20240403;101004;229.5;10;10029601629;S
20240403;101004;229.51;10;10029601737;B
20240403;101005;229.51;40;10029601850;B
20240403;101005;229.52;780;10029601851;B
20240403;101005;229.55;30;10029601852;B
20240403;101010;229.51;200;10029602749;S
20240403;101010;229.53;70;10029602782;B
20240403;101010;229.54;40;10029602783;B
20240403;101010;229.51;40;10029602865;S
20240403;101011;229.51;200;10029602970;S
20240403;101011;229.53;40;10029603053;B
20240403;101012;229.53;20;10029603234;B
20240403;101012;229.54;630;10029603235;B
20240403;101016;229.51;40;10029603766;S
20240403;101016;229.51;160;10029603767;S
20240403;101016;229.51;280;10029603776;S
20240403;101016;229.5;220;10029603777;S
20240403;101018;229.51;200;10029604122;S
20240403;101020;229.53;10;10029604284;B
20240403;101020;229.53;190;10029604297;B
20240403;101021;229.53;150;10029604354;S
20240403;101021;229.54;10;10029604552;B
20240403;101023;229.54;10;10029604819;B
20240403;101024;229.54;20;10029605003;B
20240403;101027;229.54;70;10029605573;B
20240403;101027;229.54;200;10029605574;B
20240403;101028;229.54;10;10029605766;S
20240403;101029;229.54;100;10029605857;S
20240403;101030;229.54;70;10029606090;S
20240403;101030;229.54;100;10029606173;S
20240403;101031;229.54;200;10029606281;S
20240403;101033;229.55;40;10029606669;B
20240403;101033;229.55;20;10029606670;B
20240403;101033;229.55;190;10029606671;B
20240403;101034;229.54;300;10029606906;S
20240403;101034;229.54;50;10029606907;S
20240403;101034;229.54;10;10029606908;S
20240403;101034;229.53;640;10029606909;S
20240403;101036;229.54;10;10029607127;B
20240403;101036;229.55;10;10029607128;B
20240403;101036;229.55;80;10029607129;B
20240403;101036;229.55;400;10029607130;B
20240403;101037;229.54;10;10029607413;B
20240403;101038;229.54;10;10029607551;B
20240403;101038;229.54;40;10029607552;B
20240403;101039;229.54;10;10029607594;B
20240403;101039;229.53;20;10029607597;S
20240403;101039;229.53;80;10029607598;S
20240403;101039;229.53;10;10029607680;S
20240403;101042;229.53;190;10029608122;S
20240403;101042;229.51;10;10029608123;S
20240403;101042;229.51;10;10029608124;S
20240403;101042;229.51;60;10029608125;S
20240403;101042;229.51;10;10029608146;S
20240403;101048;229.51;100;10029609068;S
20240403;101052;229.51;140;10029609799;S
20240403;101052;229.51;20;10029609800;S
20240403;101052;229.51;280;10029609801;S
20240403;101052;229.51;50;10029609802;S
20240403;101052;229.51;50;10029609853;S
20240403;101052;229.5;120;10029609854;S
20240403;101053;229.53;20;10029609915;B
20240403;101053;229.53;80;10029609916;B
20240403;101053;229.5;100;10029609924;S
20240403;101054;229.53;10;10029610133;B
20240403;101055;229.52;320;10029610379;B
20240403;101055;229.53;10;10029610380;B
20240403;101055;229.53;170;10029610381;B
20240403;101058;229.5;190;10029610920;S
20240403;101101;229.5;10;10029611454;S
20240403;101101;229.52;50;10029611492;B
20240403;101101;229.5;10;10029611513;S
20240403;101103;229.5;230;10029611797;S
20240403;101104;229.5;40;10029611944;S
20240403;101105;229.51;10;10029612078;B
20240403;101105;229.52;10;10029612114;B
20240403;101106;229.52;10;10029612329;B
20240403;101108;229.51;100;10029612615;B
20240403;101108;229.52;50;10029612625;B
20240403;101109;229.52;420;10029612683;B
20240403;101109;229.52;10;10029612772;B
20240403;101111;229.5;1200;10029612961;S
20240403;101112;229.5;10;10029613402;S
20240403;101113;229.5;30;10029613591;S
20240403;101113;229.5;10;10029613592;S
20240403;101114;229.5;50;10029613816;S
20240403;101115;229.51;20;10029613899;B
20240403;101115;229.5;4500;10029613969;S
20240403;101116;229.5;1510;10029614184;S
20240403;101117;229.5;100;10029614325;S
20240403;101118;229.5;120;10029614420;S
20240403;101118;229.5;1100;10029614479;S
20240403;101118;229.5;670;10029614517;S
20240403;101118;229.5;160;10029614518;S
20240403;101118;229.5;50;10029614519;S
20240403;101118;229.5;3000;10029614520;S
20240403;101118;229.5;1000;10029614521;S
20240403;101118;229.45;100;10029614523;S
20240403;101118;229.4;10;10029614538;S
20240403;101119;229.4;10;10029614546;S
20240403;101119;229.4;80;10029614617;S
20240403;101119;229.4;10;10029614618;S
20240403;101119;229.4;10;10029614660;S
20240403;101119;229.4;30;10029614661;S
20240403;101119;229.39;330;10029614662;S
20240403;101119;229.38;570;10029614663;S
20240403;101119;229.38;60;10029614664;S
20240403;101120;229.39;440;10029614727;B
20240403;101120;229.38;40;10029614831;S
20240403;101120;229.32;780;10029614832;S
20240403;101120;229.32;40;10029614833;S
20240403;101120;229.31;40;10029614834;S
20240403;101120;229.3;440;10029614853;S
20240403;101120;229.3;30;10029614854;S
20240403;101120;229.3;680;10029614855;S
20240403;101120;229.3;40;10029614856;S
20240403;101120;229.29;330;10029614857;S
20240403;101120;229.26;450;10029614858;S
20240403;101120;229.26;180;10029614859;S
20240403;101120;229.24;60;10029614860;S
20240403;101120;229.23;10;10029614861;S
20240403;101120;229.22;280;10029614862;S
20240403;101120;229.21;20;10029614863;S
20240403;101120;229.2;40;10029614864;S
20240403;101120;229.2;780;10029614865;S
20240403;101120;229.16;10;10029614866;S
20240403;101120;229.16;20;10029614867;S
20240403;101120;229.15;10;10029614868;S
20240403;101120;229.15;400;10029614869;S
20240403;101120;229.14;50;10029614870;S
20240403;101120;229.14;250;10029614871;S
20240403;101120;229.13;10;10029614872;S
20240403;101120;229.11;50;10029614873;S
20240403;101120;229.11;10;10029614874;S
20240403;101120;229.1;20;10029614875;S
20240403;101120;229.09;50;10029614876;S
20240403;101120;229.08;10;10029614877;S
20240403;101120;229.07;50;10029614878;S
20240403;101120;229.04;460;10029614879;S
20240403;101120;229.03;50;10029614880;S
20240403;101120;229.03;10;10029614881;S
20240403;101120;229.03;1800;10029614882;S
20240403;101120;229.02;10;10029614883;S
20240403;101120;229.01;100;10029614884;S
20240403;101120;229.01;400;10029614885;S
20240403;101120;229.01;10;10029614886;S
20240403;101120;229.01;30;10029614887;S
20240403;101120;229.01;500;10029614888;S
20240403;101120;229;100;10029614889;S
20240403;101120;229;2250;10029614890;S
20240403;101121;229.06;20;10029614970;S
20240403;101121;229.2;10;10029615101;B
20240403;101124;229.11;40;10029615529;S
20240403;101124;229.1;60;10029615530;S
20240403;101124;229.1;40;10029615541;S
20240403;101128;229.2;60;10029616230;B
20240403;101128;229.21;10;10029616231;B
20240403;101128;229.22;40;10029616232;B
20240403;101128;229.22;390;10029616233;B
20240403;101128;229.22;140;10029616234;B
20240403;101128;229.23;10;10029616235;B
20240403;101128;229.23;90;10029616236;B
20240403;101128;229.23;250;10029616237;B
20240403;101128;229.25;280;10029616238;B
20240403;101128;229.28;400;10029616239;B
20240403;101128;229.29;230;10029616240;B
20240403;101128;229.3;600;10029616241;B
20240403;101131;229.2;30;10029616921;S
20240403;101131;229.2;10;10029616922;S
20240403;101131;229.13;190;10029616923;S
20240403;101136;229.25;90;10029617954;B
20240403;101138;229.26;910;10029618349;S
20240403;101138;229.23;100;10029618350;S
20240403;101138;229.22;780;10029618351;S
20240403;101138;229.21;70;10029618352;S
20240403;101138;229.19;20;10029618353;S
20240403;101138;229.18;120;10029618354;S
20240403;101141;229.22;40;10029619139;B
20240403;101144;229.24;10;10029619697;B
20240403;101147;229.18;20;10029620225;S
20240403;101147;229.16;20;10029620226;S
20240403;101148;229.16;10;10029620373;S
20240403;101150;229.24;30;10029620868;B
20240403;101157;229.21;10;10029622084;B
20240403;101200;229.2;100;10029622727;B
20240403;101200;229.2;10;10029622780;B
20240403;101203;229.17;500;10029623244;S
20240403;101203;229.16;220;10029623245;S
20240403;101204;229.16;220;10029623532;B
20240403;101209;229.16;20;10029624397;B
20240403;101212;229.16;110;10029624744;B
20240403;101212;229.16;1090;10029624745;B
20240403;101212;229.16;250;10029624746;B
20240403;101215;229.21;180;10029625173;B
20240403;101215;229.22;70;10029625174;B
20240403;101215;229.24;90;10029625175;B
20240403;101215;229.24;360;10029625237;S
20240403;101215;229.23;210;10029625238;S
20240403;101215;229.18;20;10029625239;S
20240403;101215;229.17;50;10029625240;S
20240403;101215;229.17;530;10029625241;S
20240403;101215;229.16;280;10029625242;S
20240403;101215;229.16;390;10029625243;S
20240403;101215;229.14;60;10029625244;S
20240403;101215;229.13;10;10029625245;S
20240403;101215;229.13;500;10029625246;S
20240403;101215;229.13;400;10029625247;S
20240403;101215;229.12;1170;10029625248;S
20240403;101215;229.1;4140;10029625249;S
20240403;101215;229.07;780;10029625250;S
20240403;101215;229.05;20;10029625251;S
20240403;101215;229.02;250;10029625252;S
20240403;101215;229.01;10;10029625253;S
20240403;101215;229.01;600;10029625254;S
20240403;101215;229.01;420;10029625255;S
20240403;101220;229.11;20;10029625853;B
20240403;101224;229.08;40;10029626592;S
20240403;101224;229.06;90;10029626593;S
20240403;101224;229.06;110;10029626594;S
20240403;101224;229.05;10;10029626595;S
20240403;101230;229.07;530;10029627542;S
20240403;101230;229.06;40;10029627543;S
20240403;101230;229.06;190;10029627544;S
20240403;101230;229.04;280;10029627545;S
20240403;101230;229.03;780;10029627546;S
20240403;101230;229.03;400;10029627547;S
20240403;101230;229.02;80;10029627548;S
20240403;101230;229.01;50;10029627549;S
20240403;101230;229.01;150;10029627550;S
20240403;101230;229;16940;10029627551;S
20240403;101230;229.02;20;10029627711;S
20240403;101230;229.01;180;10029627712;S
20240403;101233;229.01;100;10029628280;S
20240403;101233;229.01;50;10029628291;S
20240403;101233;229.01;30;10029628407;S
20240403;101239;229.05;50;10029629610;B
20240403;101239;229.06;50;10029629611;B
20240403;101239;229.06;150;10029629612;B
20240403;101243;229.02;180;10029630223;S
20240403;101243;229.01;350;10029630224;S
20240403;101243;229;560;10029630225;S
20240403;101244;229;1000;10029630343;S
20240403;101246;229.05;20;10029630624;S
20240403;101246;229.05;230;10029630652;S
20240403;101246;229;250;10029630653;S
20240403;101246;229;100;10029630654;S
20240403;101246;229;20;10029630655;S
20240403;101246;229;20;10029630656;S
20240403;101246;229;100;10029630657;S
20240403;101246;229;10;10029630658;S
20240403;101246;229;100;10029630659;S
20240403;101246;229;150;10029630660;S
20240403;101246;229;250;10029630661;S
20240403;101246;229;1700;10029630662;S
20240403;101246;229;140;10029630663;S
20240403;101246;229;80;10029630664;S
20240403;101246;229;70;10029630665;S
20240403;101246;229;10;10029630666;S
20240403;101246;228.99;150;10029630667;S
20240403;101246;228.99;220;10029630668;S
20240403;101247;228.99;50;10029630692;S
20240403;101247;229;10;10029630717;B
20240403;101251;229;10;10029631494;B
20240403;101252;229;10;10029631741;B
20240403;101256;228.99;40;10029632468;S
20240403;101256;228.99;40;10029632524;S
20240403;101256;228.99;20;10029632525;S
20240403;101256;228.99;30;10029632526;S
20240403;101256;228.99;40;10029632527;S
20240403;101257;228.99;10;10029632578;S
20240403;101257;228.99;100;10029632613;S
20240403;101257;229;10;10029632657;B
20240403;101258;228.99;10;10029632674;S
20240403;101258;228.99;10;10029632711;S
20240403;101258;228.99;10;10029632748;S
20240403;101258;228.99;10;10029632778;S
20240403;101258;228.99;10;10029632779;S
20240403;101259;228.97;10;10029632861;S
20240403;101259;228.97;10;10029632862;S
20240403;101259;228.97;10;10029632863;S
20240403;101259;228.97;10;10029632963;S
20240403;101301;228.97;10;10029633256;S
20240403;101301;228.98;40;10029633326;B
20240403;101302;228.97;10;10029633481;B
20240403;101305;228.96;30;10029634014;S
20240403;101305;228.96;10;10029634015;S
20240403;101306;228.95;50;10029634129;S
20240403;101307;228.95;500;10029634283;S
20240403;101307;228.95;20;10029634284;S
20240403;101307;228.95;50;10029634285;S
20240403;101308;228.95;10;10029634406;S
20240403;101308;228.95;1500;10029634532;S
20240403;101308;228.95;10;10029634533;S
20240403;101309;228.95;10;10029634650;S
20240403;101309;228.95;10;10029634675;S
20240403;101309;228.95;530;10029634683;S
20240403;101309;228.95;10;10029634684;S
20240403;101309;228.95;50;10029634685;S
20240403;101309;228.94;30;10029634686;S
20240403;101309;228.94;10;10029634687;S
20240403;101309;228.93;270;10029634688;S
20240403;101309;228.93;10;10029634843;S
20240403;101310;228.95;30;10029634901;B
20240403;101310;228.93;10;10029634913;S
20240403;101311;228.95;110;10029635143;B
20240403;101311;228.93;110;10029635277;S
20240403;101311;228.92;10;10029635278;S
20240403;101311;228.92;100;10029635279;S
20240403;101311;228.92;80;10029635280;S
20240403;101312;228.9;20;10029635310;S
20240403;101315;228.9;10;10029635759;S
20240403;101315;228.89;200;10029635779;S
20240403;101316;228.91;20;10029635965;B
20240403;101317;228.89;160;10029635972;S
20240403;101318;228.89;10;10029636220;S
20240403;101319;228.91;10;10029636249;B
20240403;101319;228.91;180;10029636367;B
20240403;101319;228.91;40;10029636368;S
20240403;101321;228.92;10;10029636462;B
20240403;101321;228.91;220;10029636532;S
20240403;101323;228.89;10;10029636818;S
20240403;101323;228.89;10;10029636819;S
20240403;101324;228.89;10;10029636903;S
20240403;101325;228.89;10;10029636986;S
20240403;101325;228.87;180;10029637026;B
20240403;101325;228.88;70;10029637027;B
20240403;101326;228.86;10;10029637189;S
20240403;101328;228.88;10;10029637351;B
20240403;101331;228.86;10;10029637999;S
20240403;101336;228.85;80;10029638632;S
20240403;101339;228.88;10;10029639136;B
20240403;101342;228.88;10;10029639609;B
20240403;101343;228.88;20;10029639709;B
20240403;101343;228.86;10;10029639721;S
20240403;101343;228.85;10;10029639722;S
20240403;101345;228.85;30;10029640030;S
20240403;101346;228.86;500;10029640236;S
20240403;101346;228.88;10;10029640248;B
20240403;101347;228.86;40;10029640382;S
20240403;101347;228.87;10;10029640399;S
20240403;101347;228.86;10;10029640465;S
20240403;101352;228.88;20;10029641187;B
20240403;101352;228.86;10;10029641291;S
20240403;101353;228.86;220;10029641387;S
20240403;101353;228.86;80;10029641388;S
20240403;101353;228.88;140;10029641391;B
20240403;101353;228.88;280;10029641392;B
20240403;101353;228.88;170;10029641393;B
20240403;101353;228.88;200;10029641394;B
20240403;101353;228.9;200;10029641395;B
20240403;101354;228.9;10;10029641427;B
20240403;101355;228.88;120;10029641691;S
20240403;101355;228.87;780;10029641692;S
20240403;101355;228.86;20;10029641693;S
20240403;101355;228.86;250;10029641694;S
20240403;101355;228.86;170;10029641695;S
20240403;101355;228.86;100;10029641696;S
20240403;101355;228.86;10;10029641697;S
20240403;101355;228.85;120;10029641698;S
20240403;101355;228.85;40;10029641699;S
20240403;101355;228.85;50;10029641700;S
20240403;101355;228.85;20;10029641701;S
20240403;101355;228.84;40;10029641702;S
20240403;101355;228.83;10;10029641703;S
20240403;101355;228.83;760;10029641704;S
20240403;101355;228.81;90;10029641705;S
20240403;101355;228.81;80;10029641706;S
20240403;101355;228.8;10;10029641707;S
20240403;101355;228.8;10;10029641708;S
20240403;101355;228.8;1000;10029641709;S
20240403;101355;228.8;20;10029641710;S
20240403;101355;228.8;60;10029641711;S
20240403;101355;228.8;280;10029641712;S
20240403;101355;228.77;100;10029641713;S
20240403;101355;228.76;330;10029641714;S
20240403;101355;228.76;400;10029641715;S
20240403;101355;228.75;230;10029641716;S
20240403;101355;228.74;30;10029641717;S
20240403;101355;228.72;80;10029641718;S
20240403;101355;228.72;10;10029641719;S
20240403;101355;228.7;50;10029641720;S
20240403;101355;228.7;100;10029641721;S
20240403;101355;228.7;10;10029641722;S
20240403;101355;228.7;80;10029641723;S
20240403;101355;228.68;500;10029641724;S
20240403;101355;228.67;250;10029641725;S
20240403;101355;228.66;10;10029641726;S
20240403;101355;228.66;40;10029641727;S
20240403;101355;228.65;530;10029641728;S
20240403;101355;228.64;1500;10029641729;S
20240403;101355;228.63;940;10029641730;S
20240403;101355;228.62;30;10029641731;S
20240403;101355;228.62;30;10029641732;S
20240403;101355;228.75;30;10029641750;B
20240403;101356;228.74;10;10029641811;B
20240403;101356;228.83;10;10029641916;B
20240403;101357;228.83;170;10029642004;B
20240403;101357;228.84;30;10029642005;B
20240403;101357;228.8;10;10029642008;S
20240403;101357;228.79;80;10029642009;S
20240403;101357;228.78;780;10029642010;S
20240403;101357;228.77;170;10029642011;S
20240403;101357;228.74;10;10029642012;S
20240403;101358;228.72;110;10029642054;B
20240403;101359;228.72;10;10029642218;B
20240403;101400;228.71;10;10029642473;S
20240403;101402;228.71;170;10029642841;S
20240403;101402;228.71;20;10029642902;S
20240403;101402;228.72;410;10029642986;B
20240403;101403;228.71;60;10029643104;S
20240403;101403;228.71;230;10029643143;S
20240403;101404;228.71;290;10029643206;S
20240403;101404;228.71;100;10029643207;S
20240403;101404;228.71;10;10029643208;S
20240403;101404;228.71;100;10029643209;S
20240403;101404;228.71;160;10029643210;S
20240403;101404;228.66;100;10029643211;S
20240403;101404;228.65;60;10029643212;S
20240403;101404;228.65;60;10029643213;S
20240403;101404;228.64;530;10029643214;S
20240403;101404;228.63;280;10029643215;S
20240403;101404;228.62;120;10029643216;S
20240403;101404;228.61;100;10029643217;S
20240403;101404;228.61;100;10029643218;S
20240403;101404;228.6;1500;10029643219;S
20240403;101404;228.6;200;10029643220;S
20240403;101404;228.6;200;10029643221;S
20240403;101404;228.6;210;10029643222;S
20240403;101404;228.59;120;10029643223;S
20240403;101404;228.58;330;10029643224;S
20240403;101404;228.54;100;10029643225;S
20240403;101404;228.53;10;10029643226;S
20240403;101404;228.53;100;10029643227;S
20240403;101404;228.53;80;10029643228;S
20240403;101404;228.52;250;10029643229;S
20240403;101404;228.51;50;10029643230;S
20240403;101404;228.51;10;10029643231;S
20240403;101404;228.51;200;10029643232;S
20240403;101404;228.51;20;10029643233;S
20240403;101404;228.51;10;10029643234;S
20240403;101404;228.51;10;10029643235;S
20240403;101404;228.51;150;10029643236;S
20240403;101404;228.51;200;10029643237;S
20240403;101404;228.51;100;10029643238;S
20240403;101404;228.5;640;10029643239;S
20240403;101404;228.5;700;10029643240;S
20240403;101405;228.64;780;10029643429;S
20240403;101405;228.64;20;10029643430;S
20240403;101405;228.63;120;10029643431;S
20240403;101405;228.53;80;10029643432;S
20240403;101405;228.52;280;10029643433;S
20240403;101405;228.51;30;10029643434;S
20240403;101405;228.5;2690;10029643435;S
20240403;101406;228.57;10;10029643544;S
20240403;101406;228.65;90;10029643636;B
20240403;101406;228.65;40;10029643637;B
20240403;101411;228.66;50;10029644281;B
20240403;101413;228.61;10;10029644640;S
20240403;101414;228.66;50;10029644895;B
20240403;101414;228.67;90;10029644896;B
20240403;101414;228.67;160;10029644897;B
20240403;101414;228.68;120;10029644898;B
20240403;101414;228.7;10;10029644899;B
20240403;101414;228.71;50;10029644900;B
20240403;101415;228.72;10;10029644936;B
20240403;101415;228.72;10;10029645060;B
20240403;101418;228.72;10;10029645517;B
20240403;101419;228.72;10;10029645632;B
20240403;101422;228.71;50;10029646486;S
20240403;101423;228.72;580;10029646602;B
20240403;101423;228.78;100;10029646627;S
20240403;101423;228.77;280;10029646628;S
20240403;101423;228.73;370;10029646629;S
20240403;101423;228.86;10;10029646647;B
20240403;101426;228.75;410;10029647153;S
20240403;101431;228.74;10;10029647942;S
20240403;101431;228.74;50;10029647948;S
20240403;101431;228.73;610;10029647949;S
20240403;101431;228.72;1340;10029647950;S
20240403;101433;228.72;40;10029648421;S
20240403;101436;228.75;500;10029649052;B
20240403;101436;228.76;160;10029649053;B
20240403;101436;228.78;280;10029649054;B
20240403;101436;228.8;70;10029649055;B
20240403;101436;228.8;60;10029649056;B
20240403;101436;228.8;400;10029649057;B
20240403;101436;228.83;2530;10029649058;S
20240403;101437;228.81;20;10029649328;B
20240403;101444;228.78;10;10029650631;S
20240403;101444;228.73;20;10029650632;S
20240403;101444;228.72;2310;10029650633;S
20240403;101445;228.77;10;10029650712;B
20240403;101445;228.72;10;10029650737;S
20240403;101449;228.77;10;10029651405;B
20240403;101453;228.72;440;10029651846;S
20240403;101453;228.72;70;10029651847;S
20240403;101453;228.72;10;10029651849;B
20240403;101455;228.71;1470;10029652141;S
20240403;101455;228.71;250;10029652142;S
20240403;101455;228.7;130;10029652143;S
20240403;101455;228.7;100;10029652144;S
20240403;101455;228.62;170;10029652240;S
20240403;101455;228.69;100;10029652272;B
20240403;101457;228.62;250;10029652593;S
20240403;101458;228.68;10;10029652684;B
20240403;101458;228.68;520;10029652792;B
20240403;101458;228.68;150;10029652793;B
20240403;101458;228.69;130;10029652794;B
20240403;101458;228.69;280;10029652795;B
20240403;101458;228.7;70;10029652796;B
20240403;101458;228.71;1110;10029652797;B
20240403;101458;228.72;50;10029652798;B
20240403;101458;228.72;50;10029652799;B
20240403;101502;228.79;10;10029654040;B
20240403;101502;228.8;10;10029654041;B
20240403;101507;228.8;10;10029655208;B
20240403;101509;228.79;30;10029655628;B
20240403;101509;228.8;30;10029655629;B
20240403;101509;228.8;10;10029655630;B
20240403;101509;228.84;30;10029655631;B
20240403;101509;228.85;10;10029655696;B
20240403;101518;228.8;10;10029658083;S
20240403;101520;228.8;10;10029658393;B
20240403;101520;228.8;440;10029658454;B
20240403;101521;228.8;10;10029658624;B
20240403;101522;228.79;10;10029658778;S
20240403;101522;228.78;140;10029658779;S
20240403;101522;228.77;90;10029658780;S
20240403;101522;228.77;160;10029658781;S
20240403;101524;228.8;100;10029659059;B
20240403;101524;228.85;40;10029659060;B
20240403;101524;228.86;10;10029659061;B
20240403;101524;228.86;30;10029659062;B
20240403;101530;228.79;20;10029660089;S
20240403;101533;228.84;40;10029660687;B
20240403;101540;228.83;10;10029662276;S
20240403;101541;228.82;20;10029662399;S
20240403;101543;228.84;10;10029662734;B
20240403;101546;228.85;10;10029663336;S
20240403;101548;228.89;140;10029663946;B
20240403;101548;228.89;10;10029663947;B
20240403;101548;228.9;350;10029663948;B
20240403;101549;228.9;30;10029664215;B
20240403;101551;228.9;1190;10029664462;B
20240403;101551;228.9;200;10029664463;B
20240403;101551;228.92;110;10029664464;B
20240403;101551;228.92;140;10029664465;B
20240403;101551;228.95;360;10029664466;B
20240403;101552;228.92;140;10029664618;S
20240403;101552;228.91;280;10029664619;S
20240403;101552;228.88;10;10029664620;S
20240403;101552;228.87;90;10029664621;S
20240403;101552;228.87;10;10029664622;S
20240403;101552;228.87;470;10029664623;S
20240403;101601;228.95;20;10029666573;B
20240403;101601;228.9;10;10029666601;S
20240403;101607;228.95;10;10029668150;B
20240403;101609;228.95;10;10029668743;B
20240403;101610;228.95;350;10029668913;B
20240403;101610;228.95;100;10029668914;B
20240403;101610;228.96;50;10029668915;B
20240403;101611;228.98;20;10029669258;B
20240403;101613;228.98;10;10029669494;B
20240403;101617;228.97;10;10029670302;B
20240403;101617;228.98;90;10029670303;B
20240403;101623;228.95;10;10029671481;S
20240403;101625;228.98;20;10029671803;B
20240403;101629;228.97;10;10029672626;S
20240403;101629;228.98;20;10029672628;B
20240403;101631;228.98;100;10029673245;B
20240403;101633;228.96;70;10029673692;B
20240403;101633;228.95;10;10029673774;S
20240403;101633;228.95;10;10029673783;S
20240403;101634;228.96;20;10029673933;B
20240403;101635;228.95;10;10029674025;S
20240403;101635;228.96;110;10029674095;B
20240403;101636;228.96;50;10029674269;B
20240403;101636;228.97;140;10029674270;B
20240403;101636;228.98;10;10029674271;B
20240403;101639;228.92;10;10029674850;S
20240403;101639;228.91;60;10029674851;S
20240403;101646;228.91;130;10029676268;S
20240403;101646;228.9;30;10029676269;S
20240403;101646;228.9;70;10029676270;S
20240403;101646;228.9;10;10029676271;S
20240403;101646;228.9;90;10029676272;S
20240403;101647;228.96;280;10029676563;B
20240403;101647;228.98;720;10029676564;B
20240403;101650;228.9;10;10029677192;S
20240403;101653;228.97;10;10029677630;B
20240403;101653;228.97;90;10029677693;B
20240403;101653;228.98;610;10029677694;B
20240403;101655;228.98;110;10029678102;B
20240403;101656;228.98;60;10029678180;B
20240403;101656;228.98;10;10029678220;B
20240403;101657;228.97;10;10029678434;S
20240403;101657;228.96;30;10029678565;B
20240403;101657;228.97;140;10029678566;B
20240403;101657;228.98;30;10029678567;B
20240403;101658;228.91;50;10029678684;S
20240403;101702;228.98;90;10029679263;B
20240403;101718;228.92;10;10029681713;S
20240403;101719;228.98;10;10029681931;B
20240403;101721;228.98;70;10029682113;B
20240403;101721;228.95;10;10029682161;S
20240403;101721;228.95;10;10029682233;S
20240403;101722;228.95;50;10029682349;S
20240403;101725;228.97;10;10029682829;B
20240403;101727;228.97;20;10029683044;B
20240403;101727;228.97;20;10029683108;B
20240403;101727;228.98;130;10029683109;B
20240403;101730;228.95;30;10029683574;S
20240403;101736;228.98;10;10029684595;B
20240403;101737;228.98;60;10029684725;B
20240403;101738;228.98;90;10029684910;B
20240403;101739;228.97;10;10029685132;S
20240403;101739;228.98;50;10029685159;B
20240403;101740;228.98;50;10029685277;B
20240403;101741;228.98;20;10029685448;B
20240403;101742;228.97;40;10029685736;S
20240403;101742;228.95;20;10029685737;S
20240403;101745;228.98;20;10029686325;B
20240403;101747;228.95;10;10029686732;S
20240403;101750;228.95;10;10029687389;S
20240403;101753;228.97;10;10029687862;B
20240403;101754;228.96;20;10029688104;S
20240403;101755;228.97;60;10029688293;B
20240403;101755;228.98;150;10029688294;B
20240403;101755;228.98;10;10029688296;B
20240403;101756;228.96;10;10029688431;S
20240403;101756;228.97;10;10029688490;B
20240403;101758;228.96;20;10029688745;S
20240403;101804;228.96;10;10029690636;S
20240403;101805;228.96;50;10029690886;S
20240403;101807;228.97;30;10029691143;B
20240403;101809;228.96;170;10029691677;S
20240403;101811;228.97;10;10029691903;B
20240403;101811;228.97;10;10029691925;B
20240403;101811;228.97;20;10029691991;B
20240403;101814;228.97;20;10029692660;B
20240403;101814;228.98;10;10029692661;B
20240403;101815;228.96;10;10029692775;S
20240403;101817;228.96;30;10029693288;S
20240403;101818;228.96;10;10029693578;S
20240403;101818;228.96;10;10029693621;S
20240403;101820;228.98;500;10029693874;B
20240403;101822;228.98;20;10029694314;B
20240403;101823;228.96;10;10029694380;S
20240403;101823;228.98;20;10029694447;B
20240403;101824;228.96;10;10029694524;S
20240403;101825;228.97;30;10029694722;S
20240403;101825;228.97;170;10029694851;S
20240403;101826;228.97;10;10029694987;S
20240403;101830;228.97;10;10029695619;S
20240403;101831;228.98;500;10029695948;B
20240403;101832;228.97;50;10029696027;S
20240403;101832;228.97;560;10029696054;S
20240403;101833;228.98;20;10029696305;B
20240403;101834;228.98;30;10029696550;B
20240403;101834;228.98;10;10029696592;B
20240403;101835;228.97;150;10029696652;S
20240403;101835;228.98;90;10029696673;B
20240403;101835;228.97;10;10029696700;S
20240403;101837;228.98;40;10029697016;B
20240403;101838;228.97;40;10029697153;S
20240403;101838;228.97;150;10029697207;S
20240403;101841;228.98;50;10029697725;B
20240403;101841;228.98;1140;10029697796;B
20240403;101841;228.98;40;10029697797;B
20240403;101841;228.99;140;10029697798;B
20240403;101841;228.99;10;10029697799;B
20240403;101841;229;130;10029697800;B
20240403;101841;228.99;50;10029697805;B
20240403;101841;229;60;10029697806;B
20240403;101841;229;500;10029697873;B
20240403;101842;229;1000;10029697879;B
20240403;101843;229;300;10029698144;B
20240403;101844;228.98;10;10029698464;S
20240403;101845;228.98;50;10029698519;S
20240403;101845;228.98;200;10029698619;S
20240403;101845;228.99;10;10029698682;B
20240403;101846;229;30;10029698768;B
20240403;101846;228.99;10;10029698825;S
20240403;101848;228.99;10;10029699323;S
20240403;101848;228.99;10;10029699367;S
20240403;101850;229;210;10029699659;B
20240403;101859;228.99;10;10029701489;S
20240403;101859;228.99;10;10029701490;S
20240403;101905;229;10;10029702648;B
20240403;101907;228.99;10;10029702938;S
20240403;101908;228.99;10;10029702988;S
20240403;101909;228.99;10;10029703228;S
20240403;101909;229;10;10029703290;B
20240403;101911;228.99;50;10029703686;S
20240403;101914;228.99;10;10029704254;S
20240403;101915;228.99;10;10029704548;B
20240403;101916;228.98;20;10029704615;S
20240403;101916;228.98;10;10029704681;S
20240403;101920;228.99;20;10029705332;B
20240403;101920;228.99;30;10029705333;B
20240403;101920;228.99;120;10029705351;B
20240403;101920;228.99;280;10029705352;B
20240403;101921;229;300;10029705540;B
20240403;101922;229;140;10029705608;B
20240403;101923;229;880;10029705757;B
20240403;101923;229;200;10029705900;B
20240403;101924;228.99;10;10029706019;S
20240403;101925;228.99;10;10029706171;S
20240403;101925;229;180;10029706241;B
20240403;101928;228.99;10;10029706715;S
20240403;101930;228.99;10;10029707100;S
20240403;101930;228.99;10;10029707103;S
20240403;101933;229;10;10029707610;B
20240403;101933;229;10;10029707730;B
20240403;101935;229;40;10029708059;B
20240403;101938;228.99;10;10029708621;S
20240403;101938;229;30;10029708689;B
20240403;101939;229;10;10029708739;B
20240403;101941;228.99;10;10029709036;S
20240403;101944;229;40;10029709985;B
20240403;101948;229;10;10029710545;B
20240403;101949;228.99;10;10029710741;S
20240403;101950;228.99;10;10029710921;S
20240403;101952;228.99;10;10029711224;S
20240403;101954;228.99;10;10029711693;S
20240403;101954;229;270;10029711694;B
20240403;101956;228.99;10;10029712019;S
20240403;101956;229;10;10029712025;B
20240403;101956;228.99;10;10029712056;S
20240403;102001;228.99;50;10029713068;S
20240403;102001;228.99;10;10029713111;S
20240403;102007;229;420;10029713956;B
20240403;102007;229;20;10029714160;B
20240403;102008;229;240;10029714226;B
20240403;102008;229;110;10029714264;B
20240403;102008;228.99;10;10029714331;S
20240403;102009;229;10;10029714412;B
20240403;102011;228.99;10;10029714943;S
20240403;102011;229;50;10029715015;B
20240403;102012;228.99;170;10029715152;S
20240403;102012;228.99;10;10029715153;S
20240403;102012;228.99;250;10029715154;S
20240403;102012;228.99;10;10029715155;S
20240403;102012;228.99;10;10029715156;S
20240403;102012;228.99;40;10029715157;S
20240403;102012;228.99;10;10029715158;S
20240403;102012;228.99;20;10029715159;S
20240403;102012;228.99;20;10029715160;S
20240403;102012;228.99;70;10029715161;S
20240403;102012;228.99;60;10029715162;S
20240403;102012;228.99;60;10029715163;S
20240403;102012;228.99;60;10029715164;S
20240403;102012;228.99;40;10029715165;S
20240403;102012;228.99;10;10029715166;S
20240403;102012;228.99;10;10029715167;S
20240403;102013;228.99;100;10029715277;S
20240403;102016;228.99;10;10029716022;S
20240403;102017;228.99;80;10029716310;S
20240403;102019;228.99;10;10029716812;S
20240403;102019;229;10;10029716855;B
20240403;102020;229;10;10029717066;B
20240403;102021;229;10;10029718316;B
20240403;102023;228.99;40;10029720001;S
20240403;102024;228.99;20;10029720124;S
20240403;102024;229;20;10029720179;B
20240403;102024;229;1080;10029720214;B
20240403;102024;229;120;10029720215;B
20240403;102024;229;10;10029720216;B
20240403;102024;229;10;10029720217;B
20240403;102024;229;100;10029720218;B
20240403;102024;229;120;10029720219;B
20240403;102024;229;2000;10029720220;B
20240403;102024;229;8340;10029720221;B
20240403;102024;229;120;10029720222;B
20240403;102024;229;500;10029720223;B
20240403;102024;229;10;10029720224;B
20240403;102024;229;70;10029720225;B
20240403;102024;229;280;10029720226;B
20240403;102024;229;10;10029720227;B
20240403;102024;229.01;150;10029720228;B
20240403;102024;229.04;60;10029720229;B
20240403;102024;229.06;100;10029720230;B
20240403;102024;229.06;10;10029720231;B
20240403;102024;229.08;60;10029720232;B
20240403;102024;229.1;50;10029720233;B
20240403;102024;229.14;200;10029720250;B
20240403;102024;229.14;200;10029720256;B
20240403;102025;229.14;20;10029720727;B
20240403;102027;229.15;250;10029721517;B
20240403;102027;229.17;20;10029721518;B
20240403;102027;229.18;180;10029721519;B
20240403;102027;229.19;30;10029721520;B
20240403;102027;229.2;20;10029721521;B
20240403;102032;229.18;20;10029723677;S
20240403;102033;229.19;10;10029724096;S
20240403;102033;229.2;10;10029724155;B
20240403;102036;229.2;20;10029725320;B
20240403;102036;229.24;10;10029725321;B
20240403;102036;229.27;90;10029725322;B
20240403;102039;229.27;50;10029726339;B
20240403;102039;229.28;180;10029726340;B
20240403;102039;229.3;2000;10029726341;B
20240403;102039;229.3;10;10029726342;B
20240403;102039;229.3;100;10029726343;B
20240403;102039;229.3;10;10029726344;B
20240403;102039;229.33;60;10029726345;B
20240403;102039;229.33;280;10029726346;B
20240403;102039;229.37;100;10029726347;B
20240403;102039;229.38;10;10029726348;B
20240403;102039;229.38;1580;10029726349;B
20240403;102039;229.38;120;10029726350;B
20240403;102040;229.34;120;10029726508;B
20240403;102040;229.35;180;10029726509;B
20240403;102040;229.36;180;10029726510;B
20240403;102040;229.39;100;10029726511;B
20240403;102040;229.4;80;10029726512;B
20240403;102040;229.42;60;10029726513;B
20240403;102040;229.42;1480;10029726514;B
20240403;102050;229.37;20;10029730700;B
20240403;102054;229.37;30;10029731486;B
20240403;102057;229.32;10;10029732995;B
20240403;102059;229.3;10;10029733485;S
20240403;102059;229.3;10;10029733914;S
20240403;102110;229.3;10;10029738475;S
20240403;102113;229.3;50;10029739550;S
20240403;102113;229.3;10;10029739551;S
20240403;102113;229.3;60;10029739552;S
20240403;102114;229.3;10;10029740101;S
20240403;102114;229.31;10;10029740161;B
20240403;102114;229.31;10;10029740162;B
20240403;102114;229.32;40;10029740163;B
20240403;102114;229.32;10;10029740164;B
20240403;102114;229.32;40;10029740165;B
20240403;102119;229.3;20;10029741280;S
20240403;102119;229.28;30;10029741281;S
20240403;102120;229.25;100;10029741831;S
20240403;102120;229.28;200;10029742420;B
20240403;102121;229.25;340;10029742427;S
20240403;102126;229.24;160;10029745007;B
20240403;102126;229.24;20;10029745008;B
20240403;102126;229.25;170;10029745009;B
20240403;102126;229.26;280;10029745010;B
20240403;102126;229.27;400;10029745011;B
20240403;102126;229.28;780;10029745012;B
20240403;102126;229.3;20;10029745013;B
20240403;102130;229.31;10;10029746804;S
20240403;102135;229.3;10;10029748407;S
20240403;102135;229.32;10;10029748700;B
20240403;102135;229.32;10;10029748701;B
20240403;102135;229.32;30;10029748702;B
20240403;102136;229.3;10;10029748710;S
20240403;102139;229.32;130;10029749426;B
20240403;102139;229.32;10;10029749438;B
20240403;102139;229.3;10;10029749466;S
20240403;102139;229.3;330;10029749490;S
20240403;102140;229.3;10;10029749825;S
20240403;102143;229.33;10;10029750889;B
20240403;102144;229.3;10;10029751602;S
20240403;102146;229.3;140;10029751824;S
20240403;102146;229.32;100;10029751911;B
20240403;102148;229.32;40;10029752598;B
20240403;102149;229.3;10;10029753047;S
20240403;102149;229.32;150;10029753059;B
20240403;102151;229.31;60;10029753418;B
20240403;102152;229.32;780;10029754073;B
20240403;102152;229.33;210;10029754074;B
20240403;102152;229.3;10;10029754122;S
20240403;102152;229.3;10;10029754190;S
20240403;102153;229.32;90;10029754234;B
20240403;102153;229.3;10;10029754280;S
20240403;102154;229.32;500;10029754354;B
20240403;102154;229.32;120;10029754457;B
20240403;102155;229.36;20;10029754574;B
20240403;102155;229.37;10;10029754575;B
20240403;102155;229.37;10;10029754576;B
20240403;102155;229.37;10;10029754577;B
20240403;102155;229.37;10;10029754578;B
20240403;102158;229.32;20;10029756426;B
20240403;102200;229.32;10;10029757813;S
20240403;102201;229.34;40;10029757900;B
20240403;102201;229.32;10;10029758088;S
20240403;102203;229.34;10;10029758650;B
20240403;102203;229.32;10;10029758686;S
20240403;102206;229.32;130;10029760897;S
20240403;102208;229.32;10;10029761638;S
20240403;102208;229.32;10;10029761647;S
20240403;102208;229.33;40;10029761823;B
20240403;102210;229.33;60;10029762202;B
20240403;102210;229.33;70;10029762211;B
20240403;102210;229.33;50;10029762212;B
20240403;102210;229.33;780;10029762213;B
20240403;102210;229.34;20;10029762214;B
20240403;102210;229.34;40;10029762215;B
20240403;102211;229.33;10;10029762532;S
20240403;102211;229.33;20;10029762533;S
20240403;102212;229.34;40;10029762676;B
20240403;102212;229.34;20;10029762730;B
20240403;102213;229.33;10;10029762781;S
20240403;102213;229.34;10;10029762877;B
20240403;102213;229.33;60;10029762901;S
20240403;102213;229.33;280;10029762902;S
20240403;102213;229.33;170;10029762903;S
20240403;102213;229.32;540;10029762904;S
20240403;102214;229.33;30;10029763107;B
20240403;102215;229.32;50;10029763199;S
20240403;102216;229.33;20;10029763850;B
20240403;102216;229.34;10;10029763851;B
20240403;102216;229.34;10;10029763870;B
20240403;102216;229.34;20;10029763942;B
20240403;102218;229.32;10;10029764710;S
20240403;102218;229.32;690;10029764711;S
20240403;102218;229.32;10;10029764978;S
20240403;102218;229.34;40;10029764979;B
20240403;102219;229.34;30;10029765112;B
20240403;102219;229.34;10;10029765455;B
20240403;102219;229.32;10;10029765458;S
20240403;102221;229.32;250;10029765966;S
20240403;102222;229.32;10;10029766387;S
20240403;102222;229.32;2350;10029766391;S
20240403;102222;229.32;10;10029766423;S
20240403;102223;229.32;10;10029766545;S
20240403;102223;229.32;10;10029766609;S
20240403;102224;229.32;610;10029766697;S
20240403;102225;229.32;10;10029767159;S
20240403;102225;229.33;10;10029767935;B
20240403;102225;229.33;10;10029767936;B
20240403;102226;229.32;10;10029768022;S
20240403;102227;229.32;100;10029768283;S
20240403;102227;229.33;20;10029768705;B
20240403;102228;229.33;280;10029768790;B
20240403;102228;229.34;20;10029768791;B
20240403;102228;229.32;20;10029768846;S
20240403;102229;229.33;10;10029769062;B
20240403;102233;229.33;10;10029770876;S
20240403;102234;229.34;80;10029771096;B
20240403;102234;229.35;20;10029771097;B
20240403;102236;229.33;130;10029771440;S
20240403;102236;229.32;2650;10029771441;S
20240403;102236;229.32;270;10029771442;S
20240403;102236;229.32;60;10029771443;S
20240403;102236;229.32;20;10029771444;S
20240403;102236;229.32;280;10029771445;S
20240403;102237;229.3;10;10029771985;S
20240403;102237;229.32;10;10029772105;B
20240403;102238;229.3;10;10029772250;S
