<DATE>;<TIME>;<LAST>;<VOL>;<ID>;<OPER>
20241031;095932;3685;1;11365304359;S
20241031;095932;3685;2;11365304360;S
20241031;095932;3685;1;11365304361;B
20241031;095932;3685;2;11365304362;S
20241031;095932;3685;1;11365304363;S
20241031;095932;3685;1;11365304364;S
20241031;095932;3685;50;11365304365;S
20241031;095932;3685;5;11365304366;S
20241031;095932;3685;5;11365304367;S
20241031;095932;3685;1;11365304368;S
20241031;095932;3685;2;11365304369;S
20241031;095932;3685;2;11365304370;S
20241031;095932;3685;1;11365304371;S
20241031;095932;3685;1;11365304372;S
20241031;095932;3685;1;11365304373;S
20241031;095932;3685;1;11365304374;S
20241031;095932;3685;2;11365304375;S
20241031;095932;3685;1;11365304376;S
20241031;095932;3685;1;11365304377;S
20241031;095932;3685;2;11365304378;S
20241031;095932;3685;100;11365304379;S
20241031;095932;3685;1;11365304380;S
20241031;095932;3685;30;11365304381;S
20241031;095932;3685;10;11365304382;S
20241031;095932;3685;1;11365304383;S
20241031;095932;3685;3;11365304384;S
20241031;095932;3685;6;11365304385;S
20241031;095932;3685;1;11365304386;S
20241031;095932;3685;10;11365304387;S
20241031;095932;3685;2;11365304388;S
20241031;095932;3685;1;11365304389;S
20241031;095932;3685;40;11365304390;S
20241031;095932;3685;2;11365304391;S
20241031;095932;3685;3;11365304392;S
20241031;095932;3685;1;11365304393;S
20241031;095932;3685;81;11365304394;S
20241031;095932;3685;2;11365304395;S
20241031;095932;3685;2;11365304396;S
20241031;095932;3685;50;11365304397;S
20241031;095932;3685;250;11365304398;S
20241031;095932;3685;30;11365304399;S
20241031;095932;3685;100;11365304400;S
20241031;095932;3685;3;11365304401;S
20241031;095932;3685;35;11365304402;S
20241031;095932;3685;1;11365304403;S
20241031;095932;3685;15;11365304404;S
20241031;095932;3685;1;11365304405;S
20241031;095932;3685;1;11365304406;S
20241031;095932;3685;5;11365304407;S
20241031;095932;3685;1;11365304408;S
20241031;095932;3685;2;11365304409;S
20241031;095932;3685;3;11365304410;S
20241031;095932;3685;2;11365304411;S
20241031;095932;3685;10;11365304412;S
20241031;095932;3685;5;11365304413;S
20241031;095932;3685;10;11365304414;S
20241031;095932;3685;5;11365304415;S
20241031;095932;3685;100;11365304416;S
20241031;095932;3685;14;11365304417;S
20241031;095932;3685;50;11365304418;S
20241031;095932;3685;1;11365304419;S
20241031;095932;3685;3;11365304420;S
20241031;095932;3685;1;11365304421;S
20241031;095932;3685;5;11365304422;S
20241031;095932;3685;2;11365304423;S
20241031;095932;3685;37;11365304424;S
20241031;095932;3685;1;11365304425;S
20241031;095932;3685;1;11365304426;S
20241031;095932;3685;1;11365304427;S
20241031;095932;3685;1;11365304428;S
20241031;095932;3685;15;11365304429;S
20241031;095932;3685;130;11365304430;S
20241031;095932;3685;1;11365304431;S
20241031;095932;3685;100;11365304432;S
20241031;095932;3685;1;11365304433;S
20241031;095932;3685;10;11365304434;S
20241031;095932;3685;1;11365304435;S
20241031;095932;3685;30;11365304436;S
20241031;095932;3685;10;11365304437;S
20241031;095932;3685;3;11365304438;S
20241031;095932;3685;1;11365304439;S
20241031;095932;3685;1;11365304440;S
20241031;095932;3685;5;11365304441;S
20241031;095932;3685;3;11365304442;S
20241031;095932;3685;16;11365304443;S
20241031;095932;3685;1;11365304444;S
20241031;095932;3685;15;11365304445;S
20241031;095932;3685;2;11365304446;S
20241031;095932;3685;1;11365304447;S
20241031;095932;3685;200;11365304448;S
20241031;095932;3685;1;11365304449;S
20241031;095932;3685;2;11365304450;S
20241031;095932;3685;1;11365304451;S
20241031;095932;3685;1;11365304452;S
20241031;095932;3685;10;11365304453;S
20241031;095932;3685;1;11365304454;S
20241031;095932;3685;1;11365304455;S
20241031;095932;3685;10;11365304456;S
20241031;095932;3685;3;11365304457;S
20241031;095932;3685;30;11365304458;S
20241031;095932;3685;2;11365304459;S
20241031;095932;3685;1;11365304460;S
20241031;095932;3685;1;11365304461;S
20241031;095932;3685;1;11365304462;S
20241031;095932;3685;3;11365304463;S
20241031;095932;3685;55;11365304464;S
20241031;095932;3685;2;11365304465;S
20241031;095932;3685;1;11365304466;S
20241031;095932;3685;1;11365304467;S
20241031;095932;3685;1;11365304468;S
20241031;095932;3685;10;11365304469;S
20241031;095932;3685;2;11365304470;S
20241031;095932;3685;1;11365304471;S
20241031;095932;3685;1;11365304472;S
20241031;095932;3685;1;11365304473;S
20241031;095932;3685;1;11365304474;S
20241031;095932;3685;10;11365304475;S
20241031;100000;3685;23;11365310444;B
20241031;100000;3684.5;1;11365310596;S
20241031;100000;3684.5;3;11365310597;S
20241031;100000;3685;2;11365310599;B
20241031;100000;3684.5;57;11365310600;S
20241031;100000;3684.5;60;11365310601;S
20241031;100000;3684.5;60;11365310602;S
20241031;100000;3684.5;60;11365310603;S
20241031;100000;3684.5;60;11365310604;S
20241031;100000;3684;1;11365310605;S
20241031;100000;3684;2;11365310619;S
20241031;100000;3684;1;11365310620;S
20241031;100000;3684;13;11365310621;S
20241031;100000;3684.5;2;11365310656;B
20241031;100000;3684.5;5;11365310716;B
20241031;100000;3684.5;10;11365310719;B
20241031;100000;3684.5;1;11365310728;B
20241031;100000;3684.5;4;11365310729;B
20241031;100000;3684.5;2;11365310738;B
20241031;100000;3684.5;24;11365310742;B
20241031;100000;3684.5;5;11365310868;B
20241031;100000;3684.5;2;11365310874;B
20241031;100000;3684.5;3;11365310887;B
20241031;100000;3685;97;11365310888;B
20241031;100000;3685;35;11365310889;B
20241031;100001;3685;1;11365311020;B
20241031;100001;3685;50;11365311049;B
20241031;100001;3685;148;11365311058;B
20241031;100001;3685;100;11365311059;B
20241031;100001;3685;149;11365311075;B
20241031;100001;3685;40;11365311092;B
20241031;100001;3685;40;11365311094;B
20241031;100001;3685;47;11365311100;B
20241031;100001;3685;40;11365311116;B
20241031;100001;3685;40;11365311127;B
20241031;100001;3685;99;11365311128;B
20241031;100001;3685;1;11365311130;B
20241031;100001;3685;40;11365311134;B
20241031;100001;3685;35;11365311135;B
20241031;100001;3685;6;11365311139;B
20241031;100001;3685;40;11365311140;B
20241031;100001;3685;100;11365311143;B
20241031;100001;3685;40;11365311145;B
20241031;100001;3685;40;11365311148;B
20241031;100001;3685;40;11365311151;B
20241031;100001;3685;7;11365311162;B
20241031;100001;3685;40;11365311188;B
20241031;100001;3685;40;11365311204;B
20241031;100001;3685;40;11365311213;B
20241031;100001;3685;40;11365311239;B
20241031;100001;3685;40;11365311272;B
20241031;100001;3685;40;11365311297;B
20241031;100001;3685;40;11365311304;B
20241031;100001;3685;100;11365311343;B
20241031;100001;3685;40;11365311359;B
20241031;100001;3685;40;11365311364;B
20241031;100001;3685;2;11365311374;B
20241031;100001;3685;40;11365311420;B
20241031;100001;3684.5;1;11365311422;S
20241031;100001;3685;4;11365311460;B
20241031;100001;3685;40;11365311463;B
20241031;100001;3685;40;11365311476;B
20241031;100001;3685;40;11365311477;B
20241031;100001;3684.5;2;11365311486;S
20241031;100001;3685;100;11365311489;B
20241031;100001;3684.5;1;11365311492;S
20241031;100001;3685;82;11365311497;B
20241031;100001;3685;40;11365311500;B
20241031;100001;3685;21;11365311507;B
20241031;100001;3689.5;3;11365311556;B
20241031;100001;3691;15;11365311686;S
20241031;100001;3691;9;11365311687;S
20241031;100001;3691.5;5;11365311699;B
20241031;100001;3693.5;1;11365311719;B
20241031;100001;3693.5;18;11365311805;S
20241031;100001;3693.5;15;11365311806;S
20241031;100001;3693;15;11365311819;S
20241031;100001;3693;6;11365311820;S
20241031;100001;3693;23;11365311821;S
20241031;100001;3692.5;15;11365311822;S
20241031;100001;3692.5;5;11365311823;S
20241031;100001;3692;15;11365311824;S
20241031;100001;3691.5;15;11365311825;S
20241031;100001;3691;15;11365311826;S
20241031;100001;3690.5;15;11365311827;S
20241031;100001;3690;15;11365311828;S
20241031;100001;3689.5;15;11365311829;S
20241031;100001;3689;15;11365311830;S
20241031;100001;3688.5;1;11365311831;S
20241031;100001;3687.5;23;11365312077;S
20241031;100001;3687;7;11365312078;S
20241031;100001;3688;5;11365312094;S
20241031;100002;3692.5;1;11365312133;B
20241031;100002;3693;5;11365312209;B
20241031;100002;3692.5;1;11365312297;B
20241031;100002;3695.5;1;11365312523;B
20241031;100002;3695.5;1;11365312577;B
20241031;100002;3695.5;4;11365312634;B
20241031;100002;3693.5;15;11365312699;S
20241031;100002;3693.5;3;11365312800;S
20241031;100002;3693;21;11365312801;S
20241031;100002;3694.5;2;11365312859;B
20241031;100003;3693;2;11365312921;S
20241031;100003;3693;7;11365313000;S
20241031;100003;3694.5;3;11365313060;B
20241031;100003;3694.5;3;11365313065;B
20241031;100003;3694;2;11365313147;S
20241031;100003;3693.5;15;11365313253;S
20241031;100003;3694;1;11365313325;B
20241031;100003;3692.5;1;11365313329;S
20241031;100003;3693.5;1;11365313406;S
20241031;100003;3692.5;23;11365313407;S
20241031;100003;3692.5;1;11365313408;S
20241031;100003;3691;75;11365313409;S
20241031;100003;3692;2;11365313433;S
20241031;100004;3693.5;2;11365313849;B
20241031;100004;3693.5;1;11365313885;B
20241031;100004;3692.5;20;11365313938;S
20241031;100004;3692;1;11365314098;S
20241031;100004;3693;4;11365314303;S
20241031;100004;3692;53;11365314304;S
20241031;100004;3692;23;11365314305;S
20241031;100005;3693.5;2;11365315453;B
20241031;100005;3692;1;11365315472;S
20241031;100005;3693.5;1;11365315586;B
20241031;100005;3693.5;1;11365315589;B
20241031;100006;3693.5;6;11365316120;B
20241031;100006;3693.5;2;11365316121;B
20241031;100006;3693.5;3;11365316129;S
20241031;100006;3694;100;11365316166;B
20241031;100006;3694;12;11365316167;B
20241031;100006;3696;8;11365316204;B
20241031;100006;3695.5;1;11365317168;S
20241031;100006;3695;2;11365317169;S
20241031;100007;3695.5;3;11365317654;S
20241031;100007;3695.5;5;11365317845;S
20241031;100007;3696.5;1;11365318211;B
20241031;100007;3696.5;1;11365318832;B
20241031;100007;3695.5;1;11365318847;S
20241031;100007;3696.5;1;11365319090;B
20241031;100007;3696;1;11365319195;S
20241031;100008;3696.5;53;11365319538;B
20241031;100008;3696.5;40;11365319539;B
20241031;100008;3697;15;11365319540;B
20241031;100008;3697;8;11365319541;B
20241031;100008;3697;6;11365319802;S
20241031;100008;3697;2;11365319811;S
20241031;100008;3698;1;11365319814;B
20241031;100008;3697.5;1;11365319816;S
20241031;100008;3697.5;1;11365319940;S
20241031;100008;3697.5;2;11365320456;S
20241031;100009;3697.5;11;11365320476;B
20241031;100009;3697.5;11;11365320495;B
20241031;100009;3697.5;4;11365320499;B
20241031;100009;3697.5;2;11365320514;B
20241031;100009;3697.5;6;11365320515;B
20241031;100009;3697.5;1;11365320544;B
20241031;100009;3697.5;10;11365320557;B
20241031;100009;3697.5;9;11365320571;B
20241031;100009;3697.5;2;11365320702;B
20241031;100009;3697.5;2;11365320705;B
20241031;100009;3697.5;3;11365320783;B
20241031;100009;3697.5;3;11365320796;B
20241031;100009;3697.5;2;11365320806;B
20241031;100009;3698;11;11365320807;B
20241031;100009;3698;8;11365320808;B
20241031;100009;3698;9;11365320809;B
20241031;100009;3699;4;11365321066;B
20241031;100010;3700;13;11365321250;B
20241031;100011;3696;40;11365321642;S
20241031;100011;3696;40;11365321643;S
20241031;100011;3696;30;11365321644;S
20241031;100011;3696;10;11365321645;B
20241031;100011;3696;15;11365321646;B
20241031;100011;3696.5;40;11365321647;B
20241031;100011;3696.5;40;11365321648;B
20241031;100011;3696.5;15;11365321649;B
20241031;100011;3696.5;15;11365321650;B
20241031;100011;3697;12;11365321651;B
20241031;100011;3697;15;11365321652;B
20241031;100011;3697;23;11365321653;B
20241031;100011;3697.5;15;11365321654;B
20241031;100011;3698;15;11365321655;B
20241031;100011;3698.5;40;11365321656;B
20241031;100011;3698.5;2;11365321657;B
20241031;100011;3699;12;11365321663;B
20241031;100011;3698;6;11365321665;S
20241031;100011;3698;6;11365321666;S
20241031;100012;3698.5;15;11365322209;B
20241031;100012;3698.5;11;11365322210;B
20241031;100012;3698.5;1;11365322270;B
20241031;100012;3698;1;11365322403;S
20241031;100012;3698;8;11365322404;S
20241031;100012;3698;40;11365322406;S
20241031;100012;3698;7;11365322408;S
20241031;100013;3697.5;1;11365322595;B
20241031;100015;3697;15;11365323165;S
20241031;100015;3697;66;11365323277;B
20241031;100016;3697;19;11365323317;B
20241031;100016;3697;40;11365323318;B
20241031;100016;3697;7;11365323319;B
20241031;100016;3698;1;11365323345;B
20241031;100016;3698;1;11365323362;B
20241031;100016;3698;10;11365323373;S
20241031;100016;3697.5;10;11365323392;B
20241031;100016;3697.5;16;11365323426;B
20241031;100016;3697.5;15;11365323427;B
20241031;100016;3697.5;40;11365323428;B
20241031;100016;3698;15;11365323429;B
20241031;100016;3698;35;11365323430;B
20241031;100016;3698.5;15;11365323431;B
20241031;100016;3698.5;40;11365323432;B
20241031;100016;3698.5;23;11365323433;B
20241031;100016;3698.5;1;11365323434;S
20241031;100016;3698.5;10;11365323437;B
20241031;100016;3697.5;15;11365323468;B
20241031;100016;3697.5;12;11365323501;B
20241031;100016;3697.5;27;11365323527;B
20241031;100016;3697.5;1;11365323530;B
20241031;100016;3697.5;1;11365323550;B
20241031;100017;3697.5;3;11365323914;B
20241031;100017;3697.5;3;11365323932;B
20241031;100017;3697.5;1;11365323987;B
20241031;100017;3697.5;1;11365323988;B
20241031;100017;3698;6;11365323989;B
20241031;100017;3699;49;11365323990;B
20241031;100017;3699;9;11365323991;B
20241031;100017;3698;10;11365323993;S
20241031;100017;3698.5;3;11365323994;S
20241031;100017;3698.5;2;11365323995;S
20241031;100017;3698.5;2;11365323996;S
20241031;100017;3698.5;8;11365323997;S
20241031;100017;3700;15;11365324035;B
20241031;100017;3700;29;11365324036;B
20241031;100017;3700;12;11365324183;B
20241031;100017;3700;3;11365324216;B
20241031;100017;3700;1;11365324236;B
20241031;100017;3700;14;11365324237;B
20241031;100018;3700;3;11365324423;B
20241031;100019;3699;3;11365324645;S
20241031;100019;3699;12;11365324646;S
20241031;100020;3700;30;11365325052;B
20241031;100020;3700;1;11365325107;B
20241031;100020;3700;1;11365325142;B
20241031;100020;3700;2;11365325160;B
20241031;100020;3700;1;11365325165;B
20241031;100021;3700;6;11365325377;B
20241031;100021;3700;7;11365325394;B
20241031;100021;3700;8;11365325554;B
20241031;100021;3700;8;11365325575;B
20241031;100021;3700;7;11365325701;B
20241031;100021;3700;7;11365325724;B
20241031;100022;3699.5;40;11365325844;S
20241031;100022;3699.5;40;11365325845;S
20241031;100022;3699.5;40;11365325846;S
20241031;100022;3699.5;20;11365325847;S
20241031;100022;3699.5;1;11365325914;B
20241031;100023;3699.5;3;11365326491;B
20241031;100024;3699.5;12;11365326861;B
20241031;100024;3699.5;8;11365326862;B
20241031;100026;3698.5;12;11365327629;S
20241031;100026;3698;26;11365327630;S
20241031;100026;3698;4;11365327631;S
20241031;100026;3697;6;11365327632;S
20241031;100026;3696.5;1;11365327633;S
20241031;100027;3697;19;11365327912;B
20241031;100027;3697;15;11365327913;B
20241031;100027;3697.5;15;11365327914;B
20241031;100027;3697.5;19;11365327915;B
20241031;100028;3699;3;11365328281;B
20241031;100028;3699;1;11365328333;B
20241031;100031;3699;3;11365329092;B
20241031;100032;3699;1;11365329445;B
20241031;100033;3698.5;1;11365329618;S
20241031;100034;3698.5;24;11365329870;S
20241031;100034;3698.5;78;11365329871;S
20241031;100036;3699;2;11365330477;B
20241031;100036;3699;13;11365330479;B
20241031;100036;3699;23;11365330480;B
20241031;100036;3699.5;15;11365330481;B
20241031;100036;3699.5;30;11365330482;B
20241031;100036;3700;19;11365330483;B
20241031;100037;3697.5;2;11365330848;S
20241031;100037;3697.5;15;11365330849;S
20241031;100037;3697;15;11365330850;S
20241031;100037;3697;5;11365330851;S
20241031;100037;3696.5;2;11365330852;S
20241031;100037;3696.5;15;11365330853;S
20241031;100037;3696;12;11365330854;S
20241031;100039;3699.5;7;11365331251;B
20241031;100040;3698.5;1;11365331536;B
20241031;100040;3698.5;2;11365331830;B
20241031;100040;3698.5;2;11365331847;B
20241031;100041;3698.5;1;11365331882;B
20241031;100042;3696;33;11365332273;S
20241031;100042;3695.5;1;11365332274;S
20241031;100042;3695.5;15;11365332275;S
20241031;100042;3695;15;11365332276;S
20241031;100042;3695;62;11365332277;S
20241031;100042;3695.5;60;11365332452;S
20241031;100042;3695.5;40;11365332453;S
20241031;100042;3693.5;1;11365332517;S
20241031;100042;3690.5;4;11365332553;S
20241031;100042;3691.5;15;11365332719;S
20241031;100042;3691;35;11365332720;S
20241031;100043;3690.5;11;11365332777;S
20241031;100043;3690.5;14;11365332778;S
20241031;100044;3695.5;1;11365333100;B
20241031;100045;3698;15;11365333409;B
20241031;100045;3698;2;11365333410;B
20241031;100045;3698;20;11365333467;B
20241031;100046;3697.5;1;11365333589;S
20241031;100046;3697.5;2;11365333612;S
20241031;100046;3698.5;1;11365334150;B
20241031;100046;3698.5;1;11365334153;S
20241031;100046;3698;5;11365334157;B
20241031;100046;3698.5;11;11365334159;S
20241031;100046;3698.5;5;11365334160;S
20241031;100046;3697;3;11365334235;S
20241031;100046;3698.5;23;11365334362;B
20241031;100046;3698.5;15;11365334363;B
20241031;100046;3699;3;11365334364;B
20241031;100046;3699;1;11365334365;B
20241031;100046;3699;15;11365334366;B
20241031;100046;3699;9;11365334367;B
20241031;100049;3699;3;11365335340;B
20241031;100049;3699;12;11365335372;B
20241031;100049;3699;23;11365335373;B
20241031;100049;3699;16;11365335374;B
20241031;100049;3698.5;23;11365335465;B
20241031;100049;3698.5;23;11365335468;B
20241031;100050;3698.5;8;11365335715;B
20241031;100050;3698;1;11365335808;S
20241031;100052;3698;54;11365336373;S
20241031;100052;3697.5;15;11365336374;S
20241031;100052;3697.5;60;11365336375;S
20241031;100052;3697;38;11365336376;S
20241031;100057;3698;155;11365337607;S
20241031;100059;3698.5;6;11365338093;S
20241031;100059;3698.5;3;11365338236;S
20241031;100059;3699;2;11365338246;B
20241031;100059;3699;2;11365338265;B
20241031;100100;3698.5;1;11365338393;S
20241031;100100;3698.5;1;11365338394;S
20241031;100100;3698.5;49;11365338511;S
20241031;100100;3698.5;15;11365338512;S
20241031;100100;3698;25;11365338513;S
20241031;100101;3699;10;11365338859;B
20241031;100101;3699.5;1;11365338860;B
20241031;100101;3699.5;16;11365338861;B
20241031;100101;3699.5;30;11365338909;B
20241031;100101;3699.5;4;11365338922;B
20241031;100101;3699.5;11;11365338923;B
20241031;100101;3699.5;12;11365338942;S
20241031;100101;3699;15;11365338950;B
20241031;100101;3698.5;15;11365339085;S
20241031;100101;3698.5;51;11365339086;S
20241031;100102;3698.5;15;11365339259;S
20241031;100102;3698;20;11365339260;S
20241031;100102;3698;8;11365339261;S
20241031;100102;3698;78;11365339262;S
20241031;100102;3698;15;11365339263;S
20241031;100102;3698;9;11365339264;S
20241031;100102;3699;1;11365339366;B
20241031;100102;3699.5;12;11365339367;B
20241031;100103;3700;49;11365339705;B
20241031;100103;3700;13;11365339734;B
20241031;100103;3700;1;11365339957;B
20241031;100105;3700;123;11365340396;B
20241031;100105;3700;15;11365340397;B
20241031;100105;3700;5;11365340398;B
20241031;100105;3700;15;11365340399;B
20241031;100105;3700;1;11365340400;B
20241031;100105;3700;10;11365340401;B
20241031;100105;3700;30;11365340402;B
20241031;100105;3700;1;11365340403;B
20241031;100105;3700;5;11365340463;B
20241031;100106;3700;10;11365340576;B
20241031;100106;3699.5;15;11365340622;S
20241031;100106;3699.5;23;11365340623;S
20241031;100106;3699;20;11365340624;S
20241031;100106;3699;15;11365340625;S
20241031;100106;3699;3;11365340626;S
20241031;100106;3699;58;11365340627;S
20241031;100106;3700;15;11365340708;B
20241031;100106;3700;58;11365340720;B
20241031;100106;3700.5;6;11365340722;S
20241031;100107;3700.5;1;11365340979;S
20241031;100107;3702;1;11365341046;B
20241031;100108;3701;30;11365341193;S
20241031;100108;3701;15;11365341194;S
20241031;100108;3700.5;5;11365341195;S
20241031;100108;3702;9;11365341200;B
20241031;100108;3702;1;11365341201;B
20241031;100108;3702.5;15;11365341202;B
20241031;100108;3702.5;13;11365341203;B
20241031;100108;3703;15;11365341204;B
20241031;100108;3703;40;11365341205;B
20241031;100108;3703;13;11365341206;B
20241031;100108;3703.5;14;11365341207;B
20241031;100108;3703.5;15;11365341232;B
20241031;100108;3703.5;10;11365341233;B
20241031;100108;3704;15;11365341234;B
20241031;100108;3704;40;11365341235;B
20241031;100108;3704;12;11365341236;B
20241031;100108;3704;8;11365341237;B
20241031;100108;3704.5;15;11365341238;B
20241031;100108;3704.5;23;11365341239;B
20241031;100108;3704.5;40;11365341240;B
20241031;100108;3704.5;8;11365341241;B
20241031;100108;3705;10;11365341242;B
20241031;100108;3705;15;11365341243;B
20241031;100108;3705.5;15;11365341244;B
20241031;100108;3706;15;11365341245;B
20241031;100108;3706.5;9;11365341246;B
20241031;100109;3705;15;11365341404;B
20241031;100109;3705.5;23;11365341405;B
20241031;100109;3705.5;15;11365341406;B
20241031;100109;3705.5;9;11365341407;B
20241031;100109;3706;40;11365341408;B
20241031;100109;3706;15;11365341409;B
20241031;100109;3706;9;11365341410;B
20241031;100109;3706;10;11365341411;B
20241031;100109;3706.5;6;11365341412;B
20241031;100109;3707;15;11365341413;B
20241031;100109;3707;1;11365341414;S
20241031;100109;3707;7;11365341415;S
20241031;100109;3707;40;11365341416;S
20241031;100109;3707;40;11365341417;S
20241031;100109;3707.5;40;11365341450;B
20241031;100109;3707.5;4;11365341451;B
20241031;100110;3707.5;6;11365341609;B
20241031;100111;3708;1;11365342065;S
20241031;100111;3708;4;11365342066;S
20241031;100112;3708;15;11365342247;S
20241031;100112;3707.5;15;11365342248;S
20241031;100112;3707.5;9;11365342249;S
20241031;100112;3707;5;11365342250;S
20241031;100112;3707;15;11365342251;S
20241031;100112;3707;11;11365342252;S
20241031;100113;3707.5;5;11365342524;B
20241031;100115;3707.5;3;11365342914;S
20241031;100115;3707.5;1;11365342945;S
20241031;100116;3707.5;9;11365343092;S
20241031;100116;3707.5;31;11365343099;B
20241031;100116;3707.5;40;11365343100;B
20241031;100116;3707.5;14;11365343101;B
20241031;100116;3707.5;9;11365343187;B
20241031;100116;3708;3;11365343188;B
20241031;100116;3708;5;11365343189;B
20241031;100116;3708;5;11365343190;B
20241031;100116;3708;10;11365343191;B
20241031;100117;3708.5;2;11365343495;B
20241031;100118;3708.5;3;11365343642;B
20241031;100118;3708.5;5;11365343643;B
20241031;100118;3709;5;11365343644;B
20241031;100118;3709;5;11365343645;B
20241031;100118;3709.5;5;11365343646;B
20241031;100118;3709.5;1;11365343647;B
20241031;100118;3709.5;3;11365343648;B
20241031;100118;3710;15;11365343726;B
20241031;100118;3710;1;11365343727;B
20241031;100118;3710;11;11365343728;B
20241031;100118;3710;1;11365343786;B
20241031;100118;3710;10;11365343829;B
20241031;100118;3710;3;11365343867;B
20241031;100118;3710;1;11365343868;B
20241031;100118;3710;1;11365343869;B
20241031;100118;3710;6;11365343870;B
20241031;100119;3709.5;2;11365344042;B
20241031;100119;3709.5;1;11365344071;B
20241031;100119;3709.5;1;11365344173;S
20241031;100119;3709.5;1;11365344174;S
20241031;100119;3710;7;11365344222;B
20241031;100119;3710;1;11365344226;B
20241031;100119;3710;1;11365344244;B
20241031;100119;3710;6;11365344245;B
20241031;100122;3709.5;3;11365344974;S
20241031;100122;3709.5;10;11365344986;S
20241031;100122;3709.5;2;11365344990;S
20241031;100122;3709.5;79;11365344991;S
20241031;100123;3709.5;19;11365345174;B
20241031;100123;3710;8;11365345175;B
20241031;100123;3710;27;11365345197;B
20241031;100123;3709;15;11365345317;S
20241031;100123;3709;110;11365345318;S
20241031;100123;3708.5;15;11365345319;S
20241031;100123;3708.5;30;11365345320;S
20241031;100123;3708;30;11365345321;S
20241031;100123;3710;1;11365345520;B
20241031;100123;3710;27;11365345559;B
20241031;100123;3710;27;11365345583;B
20241031;100124;3710;14;11365345640;B
20241031;100124;3710.5;1;11365345641;B
20241031;100124;3710.5;1;11365345642;B
20241031;100124;3711;1;11365345670;B
20241031;100124;3711;1;11365345700;B
20241031;100124;3711;1;11365345701;B
20241031;100124;3711;1;11365345702;B
20241031;100124;3711.5;1;11365345705;B
20241031;100124;3711.5;1;11365345722;B
20241031;100124;3711.5;1;11365345723;B
20241031;100124;3711.5;1;11365345724;B
20241031;100124;3711.5;23;11365345725;B
20241031;100124;3712;8;11365345728;B
20241031;100125;3712;1;11365346084;B
20241031;100125;3712;1;11365346352;B
20241031;100125;3712;2;11365346353;B
20241031;100126;3712;1;11365346452;S
20241031;100126;3712;4;11365346453;S
20241031;100126;3712;3;11365346455;S
20241031;100126;3712;2;11365346456;S
20241031;100126;3712;2;11365346457;S
20241031;100126;3712;1;11365346459;S
20241031;100126;3712;1;11365346460;S
20241031;100126;3713;1;11365346551;B
20241031;100126;3712.5;1;11365346552;S
20241031;100126;3712.5;1;11365346553;S
20241031;100126;3712.5;1;11365346554;S
20241031;100126;3712.5;2;11365346580;S
20241031;100127;3712.5;1;11365346844;B
20241031;100128;3712;30;11365346952;S
20241031;100128;3711;24;11365346953;S
20241031;100129;3711.5;15;11365347409;S
20241031;100130;3711;28;11365347503;S
20241031;100130;3711;5;11365347617;B
20241031;100130;3711;2;11365347658;B
20241031;100130;3711;1;11365347683;B
20241031;100130;3711;4;11365347704;B
20241031;100130;3711;3;11365347705;B
20241031;100135;3710.5;15;11365349236;S
20241031;100135;3710.5;10;11365349237;S
20241031;100135;3711.5;1;11365349272;B
20241031;100135;3711.5;1;11365349290;B
20241031;100135;3710.5;5;11365349354;S
20241031;100135;3710.5;1;11365349355;S
20241031;100135;3710.5;3;11365349382;S
20241031;100137;3711;4;11365349699;S
20241031;100138;3709.5;54;11365350145;B
20241031;100138;3709.5;15;11365350146;B
20241031;100138;3710;15;11365350178;B
20241031;100138;3710;29;11365350179;B
20241031;100139;3710;15;11365350418;B
20241031;100139;3710;49;11365350419;B
20241031;100139;3710.5;15;11365350420;B
20241031;100139;3710.5;20;11365350421;B
20241031;100139;3711;1;11365350422;B
20241031;100140;3709.5;10;11365351330;S
20241031;100143;3710;2;11365351911;B
20241031;100145;3709.5;3;11365352274;S
20241031;100145;3709.5;100;11365352404;S
20241031;100146;3710;2;11365352658;B
20241031;100146;3709.5;20;11365352716;S
20241031;100146;3710;27;11365352804;B
20241031;100146;3710;4;11365352846;B
20241031;100146;3710;27;11365352847;B
20241031;100146;3710;4;11365352848;B
20241031;100146;3710;7;11365352887;B
20241031;100147;3710;65;11365352910;B
20241031;100147;3710;5;11365352911;B
20241031;100147;3710;36;11365352912;B
20241031;100147;3710;6;11365352926;B
20241031;100147;3710;39;11365352956;B
20241031;100147;3710;63;11365352957;B
20241031;100147;3710;11;11365353053;B
20241031;100147;3710;15;11365353054;B
20241031;100147;3710;2;11365353055;B
20241031;100147;3709.5;3;11365353137;S
20241031;100147;3709.5;15;11365353276;S
20241031;100147;3709.5;43;11365353277;S
20241031;100147;3709.5;18;11365353278;S
20241031;100147;3709.5;15;11365353279;S
20241031;100147;3709.5;23;11365353280;S
20241031;100147;3709.5;61;11365353281;B
20241031;100147;3709.5;88;11365353282;B
20241031;100147;3709.5;2;11365353305;B
20241031;100147;3709.5;2;11365353306;B
20241031;100150;3709.5;10;11365354321;B
20241031;100150;3709.5;12;11365354356;B
20241031;100151;3709.5;7;11365354754;B
20241031;100152;3709.5;3;11365354909;B
20241031;100152;3709;2;11365354928;S
20241031;100153;3709;61;11365355278;S
20241031;100153;3708.5;30;11365355279;S
20241031;100153;3708.5;46;11365355280;S
20241031;100153;3708.5;13;11365355281;B
20241031;100154;3708.5;8;11365355432;B
20241031;100154;3708.5;14;11365355478;B
20241031;100154;3708.5;18;11365355479;B
20241031;100154;3708.5;39;11365355481;B
20241031;100157;3708;172;11365356181;S
20241031;100157;3708.5;7;11365356182;B
20241031;100158;3708.5;3;11365356286;B
20241031;100158;3708.5;1;11365356287;B
20241031;100159;3708.5;1;11365356694;B
20241031;100200;3708.5;1;11365356875;B
20241031;100200;3708;3;11365356896;S
20241031;100200;3708;10;11365357010;S
20241031;100201;3708.5;2;11365357027;B
20241031;100201;3708.5;15;11365357028;B
20241031;100201;3709;60;11365357029;B
20241031;100201;3709;43;11365357030;B
20241031;100201;3709;17;11365357180;B
20241031;100201;3709;28;11365357181;B
20241031;100201;3708.5;9;11365357183;S
20241031;100202;3709;32;11365357391;B
20241031;100202;3709;18;11365357392;B
20241031;100204;3709;1;11365357905;B
20241031;100204;3709;6;11365357915;B
20241031;100204;3708.5;39;11365358058;S
20241031;100204;3708.5;54;11365358059;S
20241031;100205;3708.5;7;11365358210;B
20241031;100205;3708.5;3;11365358211;B
20241031;100206;3708.5;21;11365358350;B
20241031;100207;3708.5;3;11365358676;S
20241031;100208;3709;26;11365358839;B
20241031;100208;3709;9;11365358897;B
20241031;100208;3709;17;11365358898;B
20241031;100208;3709;18;11365358919;B
20241031;100208;3709;15;11365358962;B
20241031;100209;3709;1;11365359229;B
20241031;100211;3708.5;1;11365359710;S
20241031;100211;3708.5;36;11365359711;S
20241031;100211;3708.5;13;11365359712;S
20241031;100213;3709;2;11365360227;B
20241031;100213;3709;1;11365360315;B
20241031;100214;3709;6;11365360470;B
20241031;100214;3709;7;11365360471;B
20241031;100214;3708.5;5;11365360472;S
20241031;100216;3708.5;5;11365360969;S
20241031;100216;3708.5;4;11365360998;S
20241031;100216;3708.5;5;11365360999;S
20241031;100216;3708.5;36;11365361000;S
20241031;100216;3708.5;5;11365361001;S
20241031;100217;3709;53;11365361035;B
20241031;100217;3709;47;11365361036;B
20241031;100217;3709;2;11365361137;B
20241031;100218;3708.5;2;11365361250;S
20241031;100220;3709;3;11365361842;B
20241031;100220;3709;1;11365361868;B
20241031;100221;3708.5;50;11365362205;S
20241031;100221;3708.5;16;11365362206;S
20241031;100222;3708.5;1;11365362408;B
20241031;100223;3708.5;14;11365362662;B
20241031;100223;3709;4;11365362790;B
20241031;100227;3709;3;11365364010;B
20241031;100227;3709;1;11365364011;B
20241031;100227;3709;16;11365364012;B
20241031;100228;3708.5;44;11365364056;S
20241031;100228;3709;4;11365364262;B
20241031;100228;3709;10;11365364263;B
20241031;100228;3709;20;11365364264;B
20241031;100228;3709;1;11365364265;B
20241031;100234;3709;50;11365365778;B
20241031;100235;3708.5;88;11365365938;S
20241031;100236;3708.5;40;11365366127;S
20241031;100236;3708.5;26;11365366128;S
20241031;100238;3708.5;2;11365366465;S
20241031;100239;3709;10;11365366596;B
20241031;100239;3708.5;1;11365366619;S
20241031;100239;3709;50;11365366665;B
20241031;100241;3708.5;10;11365366967;S
20241031;100243;3708.5;2;11365367336;S
20241031;100243;3708.5;15;11365367346;S
20241031;100243;3708.5;2;11365367347;S
20241031;100243;3708.5;2;11365367348;S
20241031;100243;3708;23;11365367349;S
20241031;100245;3708;100;11365367596;S
20241031;100245;3708;50;11365367699;S
20241031;100246;3708;5;11365367851;S
20241031;100247;3708.5;1;11365367945;B
20241031;100247;3708;75;11365367973;S
20241031;100247;3708;1;11365367974;S
20241031;100247;3708;24;11365367975;S
20241031;100247;3708;1;11365367999;S
20241031;100247;3708;2;11365368000;S
20241031;100248;3708;37;11365368254;S
20241031;100248;3707.5;3;11365368255;S
20241031;100248;3707.5;42;11365368256;S
20241031;100248;3707.5;18;11365368257;S
20241031;100249;3708;1;11365368481;B
20241031;100249;3708;20;11365368502;B
20241031;100250;3707.5;41;11365368575;S
20241031;100250;3707;2;11365368576;S
20241031;100250;3707;4;11365368577;S
20241031;100251;3707;8;11365368830;S
20241031;100251;3707;16;11365368831;S
20241031;100251;3706.5;26;11365368832;S
20241031;100251;3707;2;11365368923;B
20241031;100254;3706.5;4;11365369398;S
20241031;100254;3706.5;6;11365369399;S
20241031;100255;3707;10;11365369479;B
20241031;100256;3706.5;4;11365369761;S
20241031;100256;3706.5;4;11365369762;S
20241031;100257;3707;2;11365369864;B
20241031;100258;3707;1;11365370036;B
20241031;100258;3707;3;11365370037;B
20241031;100259;3707;27;11365370181;B
20241031;100259;3707;27;11365370182;B
20241031;100259;3707;13;11365370183;B
20241031;100301;3706.5;1;11365370554;S
20241031;100301;3706.5;1;11365370573;S
20241031;100301;3706.5;2;11365370586;S
20241031;100301;3706.5;11;11365370587;S
20241031;100301;3706;4;11365370588;S
20241031;100301;3705.5;10;11365370589;S
20241031;100301;3705.5;23;11365370590;S
20241031;100301;3705.5;31;11365370591;S
20241031;100301;3705;30;11365370592;S
20241031;100301;3705;10;11365370593;S
20241031;100301;3705;10;11365370594;S
20241031;100301;3704;4;11365370604;S
20241031;100301;3704;2;11365370605;S
20241031;100301;3703;23;11365370617;S
20241031;100301;3701.5;30;11365370676;S
20241031;100302;3702.5;10;11365370761;B
20241031;100303;3702;10;11365371012;S
20241031;100303;3703;6;11365371034;B
20241031;100304;3703.5;3;11365371094;B
20241031;100308;3702.5;13;11365371743;S
20241031;100309;3703;1;11365372023;B
20241031;100312;3703;21;11365372510;B
20241031;100312;3703;50;11365372511;B
20241031;100312;3703;39;11365372512;B
20241031;100312;3703;15;11365372513;B
20241031;100312;3703.5;13;11365372514;B
20241031;100312;3703.5;12;11365372515;B
20241031;100312;3703;22;11365372516;S
20241031;100312;3703;25;11365372517;S
20241031;100312;3703;13;11365372518;S
20241031;100312;3703;3;11365372519;S
20241031;100312;3703;10;11365372520;S
20241031;100312;3703;8;11365372522;S
20241031;100312;3703;6;11365372523;S
20241031;100312;3703;5;11365372524;S
20241031;100312;3703;10;11365372528;S
20241031;100312;3703;22;11365372529;S
20241031;100312;3703;16;11365372530;S
20241031;100312;3702.5;20;11365372641;S
20241031;100316;3703;5;11365373601;B
20241031;100316;3703;15;11365373602;B
20241031;100317;3702.5;1;11365373785;S
20241031;100318;3702.5;4;11365374084;S
20241031;100319;3702.5;13;11365374213;S
20241031;100319;3703;2;11365374262;B
20241031;100319;3703;15;11365374263;B
20241031;100319;3703;25;11365374264;B
20241031;100319;3703;50;11365374265;B
20241031;100319;3703;18;11365374266;B
20241031;100320;3703.5;1;11365374432;B
20241031;100320;3703.5;1;11365374470;B
20241031;100323;3703;9;11365375092;S
20241031;100324;3703;4;11365375428;S
20241031;100325;3703;77;11365375601;S
20241031;100325;3703;14;11365375602;S
20241031;100325;3703;38;11365375603;S
20241031;100325;3703;20;11365375604;S
20241031;100325;3703;5;11365375605;S
20241031;100325;3702.5;15;11365375619;S
20241031;100326;3702.5;4;11365375998;S
20241031;100328;3702.5;7;11365376460;S
20241031;100328;3702.5;23;11365376461;S
20241031;100328;3702.5;9;11365376462;S
20241031;100328;3702.5;30;11365376463;S
20241031;100328;3702.5;100;11365376464;S
20241031;100328;3702.5;25;11365376465;S
20241031;100328;3702.5;1;11365376468;S
20241031;100328;3702.5;74;11365376469;S
20241031;100328;3702.5;2;11365376470;S
20241031;100328;3702.5;13;11365376471;S
20241031;100328;3702.5;1;11365376472;S
20241031;100329;3702;1;11365376743;S
20241031;100330;3702.5;1;11365376839;B
20241031;100332;3702.5;4;11365377428;B
20241031;100332;3702;11;11365377429;S
20241031;100332;3702;11;11365377430;S
20241031;100332;3702;22;11365377431;S
20241031;100333;3702;3;11365377687;S
20241031;100333;3702;3;11365377688;S
20241031;100333;3701.5;2;11365377689;S
20241031;100333;3701.5;40;11365377690;S
20241031;100333;3700.5;1;11365377691;S
20241031;100333;3700.5;1;11365377692;S
20241031;100333;3700.5;13;11365377693;S
20241031;100333;3700.5;7;11365377694;S
20241031;100333;3701;1;11365377719;B
20241031;100333;3701;2;11365377838;B
20241031;100333;3701;1;11365377844;B
20241031;100334;3700.5;6;11365377958;S
20241031;100334;3700.5;1;11365377959;S
20241031;100337;3700.5;9;11365378520;S
20241031;100337;3700.5;2;11365378527;S
20241031;100337;3700.5;1;11365378528;S
20241031;100337;3700.5;6;11365378529;S
20241031;100337;3700;5;11365378616;S
20241031;100338;3700;5;11365378802;S
20241031;100339;3700;5;11365379023;S
20241031;100339;3700;2;11365379024;S
20241031;100339;3700;109;11365379085;S
20241031;100339;3700;5;11365379086;S
20241031;100339;3700;1;11365379087;S
20241031;100339;3700;6;11365379088;S
20241031;100339;3700;5;11365379089;S
20241031;100339;3700;2;11365379090;S
20241031;100339;3700;2;11365379091;S
20241031;100339;3700;1;11365379092;S
20241031;100339;3699;50;11365379093;S
20241031;100339;3698.5;33;11365379094;S
20241031;100339;3698.5;23;11365379095;S
20241031;100339;3698.5;50;11365379096;S
20241031;100339;3698.5;15;11365379097;S
20241031;100339;3698;15;11365379098;S
20241031;100339;3697.5;15;11365379099;S
20241031;100339;3697.5;25;11365379100;S
20241031;100339;3697.5;24;11365379101;S
20241031;100339;3697.5;146;11365379102;S
20241031;100339;3697.5;5;11365379152;S
20241031;100340;3696.5;1;11365379294;S
20241031;100340;3696.5;23;11365379295;S
20241031;100340;3696;14;11365379296;S
20241031;100340;3695;1;11365379297;S
20241031;100340;3695;15;11365379298;S
20241031;100340;3695;1;11365379299;S
20241031;100340;3692.5;40;11365379323;S
20241031;100340;3692.5;35;11365379324;S
20241031;100340;3692.5;6;11365379325;S
20241031;100340;3692.5;13;11365379350;S
20241031;100340;3693.5;1;11365379373;B
20241031;100340;3692.5;10;11365379390;S
20241031;100340;3692.5;28;11365379391;S
20241031;100341;3693.5;14;11365379401;B
20241031;100341;3694;29;11365379402;B
20241031;100341;3693.5;15;11365379403;B
20241031;100341;3694;15;11365379404;B
20241031;100341;3694;30;11365379405;B
20241031;100341;3694.5;13;11365379406;B
20241031;100341;3694.5;2;11365379409;B
20241031;100341;3694.5;17;11365379410;B
20241031;100341;3694.5;1;11365379492;B
20241031;100341;3693;60;11365379493;S
20241031;100341;3693;15;11365379494;S
20241031;100341;3693;12;11365379495;S
20241031;100342;3693;1;11365379715;S
20241031;100342;3693;14;11365379772;S
20241031;100342;3693;23;11365379773;S
20241031;100342;3693;25;11365379774;S
20241031;100342;3692.5;32;11365379775;S
20241031;100342;3692.5;60;11365379776;S
20241031;100342;3692.5;60;11365379777;S
20241031;100342;3692.5;15;11365379778;S
20241031;100342;3692.5;40;11365379779;S
20241031;100342;3692.5;60;11365379780;S
20241031;100342;3692.5;30;11365379781;S
20241031;100342;3692;20;11365379782;S
20241031;100342;3692;50;11365379783;S
20241031;100342;3692;15;11365379784;S
20241031;100342;3692;40;11365379785;S
20241031;100342;3691.5;100;11365379786;S
20241031;100342;3691.5;100;11365379787;S
20241031;100342;3691.5;15;11365379788;S
20241031;100342;3691;15;11365379789;S
20241031;100342;3690.5;15;11365379790;S
20241031;100342;3690.5;50;11365379791;S
20241031;100342;3690;1;11365379792;S
20241031;100342;3690;1;11365379793;S
20241031;100342;3690;200;11365379794;S
20241031;100342;3690;19;11365379795;S
20241031;100343;3692.5;30;11365379934;B
20241031;100343;3693.5;14;11365380144;B
20241031;100343;3694.5;25;11365380147;B
20241031;100343;3694.5;15;11365380148;B
20241031;100343;3694.5;2;11365380149;B
20241031;100344;3694.5;15;11365380238;S
20241031;100344;3694.5;23;11365380239;S
20241031;100344;3694.5;60;11365380240;S
20241031;100344;3694.5;60;11365380241;S
20241031;100344;3694.5;60;11365380242;S
20241031;100344;3694;40;11365380243;S
20241031;100344;3694;15;11365380244;S
20241031;100344;3693.5;15;11365380245;S
20241031;100344;3693.5;60;11365380246;S
20241031;100344;3693.5;60;11365380247;S
20241031;100344;3693;15;11365380248;S
20241031;100344;3693;30;11365380249;S
20241031;100344;3692.5;15;11365380250;S
20241031;100344;3692.5;40;11365380251;S
20241031;100344;3692;23;11365380252;S
20241031;100344;3692;15;11365380253;S
20241031;100344;3692;9;11365380254;S
20241031;100344;3691.5;15;11365380255;S
20241031;100344;3691;15;11365380256;S
20241031;100344;3690.5;15;11365380257;S
20241031;100344;3690.5;40;11365380258;S
20241031;100344;3690.5;60;11365380259;S
20241031;100344;3690.5;60;11365380260;S
20241031;100344;3690.5;60;11365380261;S
20241031;100344;3690.5;60;11365380262;S
20241031;100344;3690.5;60;11365380263;S
20241031;100344;3690;20;11365380264;S
20241031;100344;3690;1;11365380265;S
20241031;100344;3690;1;11365380266;S
20241031;100344;3690;1;11365380267;S
20241031;100344;3690;15;11365380268;S
20241031;100344;3690;138;11365380269;S
20241031;100344;3690;1384;11365380270;S
20241031;100344;3690.5;20;11365380272;S
20241031;100345;3692;18;11365380413;B
20241031;100345;3691.5;1;11365380503;S
20241031;100345;3691.5;2;11365380539;S
20241031;100346;3692.5;1;11365380653;S
20241031;100346;3693;3;11365380728;S
20241031;100348;3693.5;3;11365381315;S
20241031;100348;3693.5;60;11365381316;S
20241031;100348;3693.5;60;11365381317;S
20241031;100348;3693.5;60;11365381318;S
20241031;100348;3693.5;8;11365381319;S
20241031;100348;3693;200;11365381320;S
20241031;100348;3693;30;11365381321;S
20241031;100348;3693;8;11365381322;S
20241031;100348;3692.5;23;11365381323;S
20241031;100348;3692;48;11365381324;S
20241031;100349;3694;10;11365381337;B
20241031;100349;3694;5;11365381452;B
20241031;100349;3694;5;11365381453;B
20241031;100349;3693.5;1;11365381460;B
20241031;100350;3693;1;11365381713;B
20241031;100351;3693;1;11365382057;B
20241031;100352;3693;16;11365382161;B
20241031;100352;3693;1;11365382162;B
20241031;100352;3693.5;1;11365382298;S
20241031;100354;3693.5;15;11365382666;B
20241031;100354;3694;5;11365382667;B
20241031;100354;3694;10;11365382668;B
20241031;100355;3693.5;1;11365382977;B
20241031;100355;3693.5;5;11365383013;B
20241031;100355;3693;8;11365383033;S
20241031;100355;3693;47;11365383034;S
20241031;100356;3693;10;11365383187;S
20241031;100357;3693;3;11365383443;S
20241031;100357;3693;2;11365383444;S
20241031;100357;3693;3;11365383584;S
20241031;100357;3693;54;11365383585;S
20241031;100357;3693;37;11365383586;S
20241031;100357;3693;1;11365383587;S
20241031;100357;3693;60;11365383588;S
20241031;100358;3693;1;11365383678;B
20241031;100358;3693;3;11365383690;B
20241031;100358;3692.5;1;11365383714;S
20241031;100359;3692.5;1;11365383821;S
20241031;100359;3692.5;4;11365383822;S
20241031;100400;3693;41;11365383987;B
20241031;100400;3693;15;11365383988;B
20241031;100400;3693;18;11365383989;B
20241031;100400;3693;13;11365383990;B
20241031;100401;3693;1;11365384120;S
20241031;100404;3693;4;11365385079;S
20241031;100405;3693;4;11365385452;S
20241031;100407;3693.5;9;11365385780;B
20241031;100407;3693.5;3;11365385781;B
20241031;100407;3693.5;8;11365385782;B
20241031;100408;3693.5;5;11365386005;B
20241031;100408;3693.5;4;11365386044;B
20241031;100408;3693.5;1;11365386063;B
20241031;100408;3693;4;11365386068;S
20241031;100408;3693;7;11365386069;S
20241031;100409;3693;5;11365386158;S
20241031;100411;3693.5;2;11365386608;B
20241031;100412;3693.5;10;11365386773;B
20241031;100413;3693.5;10;11365386954;B
20241031;100414;3693.5;20;11365387479;B
20241031;100414;3693.5;20;11365387480;B
20241031;100414;3693.5;12;11365387481;B
20241031;100414;3693.5;10;11365387482;B
20241031;100414;3693.5;15;11365387483;B
20241031;100414;3693.5;23;11365387484;B
20241031;100414;3693;8;11365387485;S
20241031;100417;3693.5;1;11365388089;B
20241031;100418;3693;5;11365388297;S
20241031;100418;3693;5;11365388298;S
20241031;100419;3693.5;8;11365388585;B
20241031;100420;3693;5;11365388789;S
20241031;100420;3693;5;11365388790;S
20241031;100420;3693;1;11365388791;S
20241031;100420;3692.5;4;11365388792;S
20241031;100420;3692.5;30;11365388842;S
20241031;100420;3692.5;2;11365388843;S
20241031;100420;3692.5;1;11365388844;S
20241031;100420;3692.5;15;11365388845;S
20241031;100421;3692.5;14;11365388977;S
20241031;100421;3692.5;11;11365388978;S
20241031;100421;3693;5;11365389055;B
20241031;100422;3693;10;11365389226;B
20241031;100422;3693;20;11365389244;B
20241031;100423;3692.5;2;11365389432;S
20241031;100423;3692.5;3;11365389433;S
20241031;100423;3692.5;1;11365389460;S
20241031;100423;3692;1;11365389461;S
20241031;100423;3692;1;11365389462;S
20241031;100423;3692;40;11365389463;S
20241031;100423;3692;1;11365389464;S
20241031;100423;3692;52;11365389465;S
20241031;100423;3692;14;11365389466;S
20241031;100423;3692;15;11365389467;S
20241031;100423;3691.5;60;11365389468;S
20241031;100423;3691.5;41;11365389469;S
20241031;100423;3691.5;24;11365389470;S
20241031;100424;3691.5;26;11365389664;S
20241031;100424;3691.5;32;11365389665;S
20241031;100424;3691.5;60;11365389666;S
20241031;100424;3691;69;11365389667;S
20241031;100424;3691;15;11365389668;S
20241031;100424;3691;60;11365389669;S
20241031;100424;3691;25;11365389670;S
20241031;100424;3691;11;11365389671;S
20241031;100424;3690.5;1;11365389672;S
20241031;100424;3690.5;1;11365389673;S
20241031;100425;3690.5;40;11365389841;S
20241031;100425;3690.5;30;11365389842;S
20241031;100425;3690.5;26;11365389843;S
20241031;100425;3690.5;1;11365389844;S
20241031;100425;3690.5;5;11365389845;S
20241031;100425;3690.5;18;11365389846;S
20241031;100425;3690.5;4;11365389847;S
20241031;100425;3690.5;50;11365389848;S
20241031;100425;3690.5;6;11365389849;S
20241031;100425;3690;50;11365389850;S
20241031;100425;3690;30;11365389851;S
20241031;100425;3690;50;11365389853;S
20241031;100425;3690;45;11365389854;S
20241031;100425;3690;30;11365389855;S
20241031;100425;3690;20;11365389856;S
20241031;100425;3690;10;11365389857;S
20241031;100425;3690;30;11365389858;S
20241031;100425;3690;30;11365389859;S
20241031;100425;3690.5;1;11365389866;B
20241031;100427;3690;5;11365390183;S
20241031;100427;3690.5;2;11365390328;B
20241031;100428;3690.5;1;11365390389;B
20241031;100428;3690.5;33;11365390533;B
20241031;100428;3690;8;11365390591;S
20241031;100428;3690;10;11365390826;S
20241031;100428;3690;7;11365390827;S
20241031;100428;3690;50;11365390828;S
20241031;100429;3690;8;11365390850;S
20241031;100429;3690;14;11365390851;S
20241031;100429;3690.5;5;11365391141;B
20241031;100429;3690.5;6;11365391151;B
20241031;100430;3690;90;11365391319;S
20241031;100430;3690;9;11365391323;S
20241031;100430;3690;1;11365391324;S
20241031;100430;3690;1;11365391325;S
20241031;100430;3690;1;11365391326;S
20241031;100430;3690;1;11365391327;S
20241031;100430;3690;10;11365391328;S
20241031;100430;3690;9;11365391329;S
20241031;100430;3690;8;11365391330;S
20241031;100431;3690;8;11365391600;S
20241031;100432;3690.5;1;11365391805;B
20241031;100434;3690.5;2;11365392352;B
20241031;100434;3690.5;13;11365392406;B
20241031;100434;3690.5;20;11365392407;B
20241031;100434;3690.5;12;11365392408;B
20241031;100435;3690.5;2;11365392607;B
20241031;100435;3690;23;11365392608;S
20241031;100435;3690;4;11365392609;S
20241031;100435;3690;1;11365392610;S
20241031;100435;3690;8;11365392611;S
20241031;100435;3690;2;11365392633;S
20241031;100435;3690;5;11365392686;S
20241031;100436;3690.5;26;11365392751;B
20241031;100436;3690.5;19;11365392752;B
20241031;100436;3690.5;50;11365392753;B
20241031;100436;3690.5;12;11365392754;B
20241031;100436;3690.5;10;11365392755;B
20241031;100436;3690.5;20;11365392756;B
20241031;100436;3690.5;22;11365392757;B
20241031;100436;3690.5;15;11365392758;B
20241031;100436;3690.5;26;11365392759;B
20241031;100436;3690.5;1;11365392868;B
20241031;100437;3690.5;6;11365392998;B
20241031;100438;3690;3;11365393228;S
20241031;100438;3690;6;11365393229;S
20241031;100438;3690;1;11365393230;S
20241031;100438;3690;4;11365393231;S
20241031;100440;3690.5;1;11365393592;B
20241031;100441;3690;30;11365393832;S
20241031;100441;3690.5;1;11365393885;B
20241031;100441;3690;5;11365393891;S
20241031;100441;3690.5;1;11365393899;B
20241031;100442;3690.5;24;11365394138;B
20241031;100442;3690.5;26;11365394139;B
20241031;100442;3690.5;1;11365394326;B
20241031;100442;3690.5;1;11365394341;B
20241031;100442;3690.5;6;11365394354;B
20241031;100443;3690.5;6;11365394393;B
20241031;100443;3690.5;1;11365394498;B
20241031;100443;3690.5;1;11365394519;B
20241031;100443;3690.5;18;11365394576;B
20241031;100443;3690.5;10;11365394577;B
20241031;100443;3690.5;20;11365394578;B
20241031;100443;3690.5;10;11365394579;B
20241031;100443;3690.5;20;11365394580;B
20241031;100443;3690.5;10;11365394581;B
20241031;100443;3690.5;30;11365394582;B
20241031;100443;3690.5;50;11365394583;B
20241031;100443;3690.5;32;11365394584;B
20241031;100443;3690.5;26;11365394625;B
20241031;100443;3690.5;2;11365394701;B
20241031;100444;3691;1;11365394878;B
20241031;100444;3691;1;11365394883;B
20241031;100444;3691;15;11365394924;B
20241031;100444;3691;30;11365394925;B
20241031;100444;3691;5;11365394926;B
20241031;100444;3691;25;11365395003;B
20241031;100445;3690.5;15;11365395302;S
20241031;100445;3690.5;12;11365395303;S
20241031;100446;3691;1;11365395434;B
20241031;100446;3691;1;11365395437;B
20241031;100447;3690.5;18;11365395918;S
20241031;100447;3690.5;60;11365395919;S
20241031;100447;3690.5;5;11365395920;S
20241031;100447;3690.5;48;11365395921;S
20241031;100447;3690.5;5;11365395922;S
20241031;100447;3690;7;11365395923;S
20241031;100447;3690;157;11365395924;S
20241031;100447;3690;143;11365395984;S
20241031;100447;3690;3;11365395985;S
20241031;100447;3690;35;11365395986;S
20241031;100447;3690;23;11365395987;S
20241031;100447;3690;31;11365395988;S
20241031;100447;3690;8;11365395989;B
20241031;100447;3690;43;11365396001;B
20241031;100447;3690;1;11365396003;B
20241031;100449;3689.5;1;11365396343;S
20241031;100452;3690;2;11365397125;B
20241031;100452;3690;1;11365397165;B
20241031;100454;3690;10;11365397395;B
20241031;100454;3690;10;11365397396;B
20241031;100454;3689.5;2;11365397586;S
20241031;100454;3689.5;2;11365397587;S
20241031;100454;3689.5;2;11365397588;S
20241031;100455;3690;1;11365397775;B
20241031;100456;3690;1;11365397959;B
20241031;100456;3690;10;11365397972;B
20241031;100456;3690;1;11365398099;B
20241031;100457;3690;5;11365398314;B
20241031;100458;3689.5;44;11365398409;S
20241031;100458;3689.5;2;11365398410;S
20241031;100458;3689.5;44;11365398411;S
20241031;100458;3690;2;11365398487;B
20241031;100458;3689.5;5;11365398498;S
20241031;100458;3689.5;5;11365398506;S
20241031;100458;3689.5;22;11365398507;S
20241031;100458;3690;20;11365398529;B
20241031;100500;3690;1;11365398887;B
20241031;100500;3689.5;6;11365398954;S
20241031;100501;3690;19;11365399112;B
20241031;100501;3690;22;11365399113;B
20241031;100501;3690;15;11365399114;B
20241031;100501;3690.5;22;11365399115;B
20241031;100501;3690.5;7;11365399116;B
20241031;100501;3690.5;4;11365399117;B
20241031;100501;3690.5;11;11365399118;B
20241031;100502;3690;3;11365399528;B
20241031;100503;3690;3;11365399706;B
20241031;100503;3690;50;11365399872;B
20241031;100504;3690;4;11365400182;B
20241031;100504;3690;2;11365400183;B
20241031;100504;3690;6;11365400184;B
20241031;100504;3690;9;11365400226;B
20241031;100504;3690;9;11365400227;B
20241031;100504;3690;2;11365400335;B
20241031;100504;3690;48;11365400336;B
20241031;100505;3690;12;11365400500;B
20241031;100505;3690.5;1;11365400528;B
20241031;100506;3690;1;11365400764;S
20241031;100506;3690;14;11365400899;S
20241031;100506;3690;12;11365400900;S
20241031;100507;3690.5;50;11365401287;B
20241031;100507;3690;18;11365401341;S
20241031;100507;3690;21;11365401342;S
20241031;100507;3690;54;11365401343;S
20241031;100507;3690;23;11365401344;S
20241031;100507;3690;44;11365401345;S
20241031;100507;3690;138;11365401346;S
20241031;100507;3690;10;11365401347;S
20241031;100507;3689.5;15;11365401348;S
20241031;100507;3689.5;37;11365401349;S
20241031;100507;3689.5;44;11365401350;S
20241031;100507;3689.5;21;11365401351;S
20241031;100507;3689.5;30;11365401352;S
20241031;100507;3689.5;60;11365401353;S
20241031;100507;3689;100;11365401354;S
20241031;100507;3689;1;11365401355;S
20241031;100507;3689;73;11365401356;S
20241031;100507;3689;31;11365401357;S
20241031;100507;3689;1;11365401358;S
20241031;100507;3689;50;11365401359;S
20241031;100507;3688.5;102;11365401360;S
20241031;100507;3688.5;32;11365401361;S
20241031;100507;3688;1;11365401362;S
20241031;100507;3688;1;11365401363;S
20241031;100507;3688;5;11365401364;S
20241031;100507;3688;132;11365401365;S
20241031;100507;3688;3;11365401366;S
20241031;100507;3688;31;11365401367;S
20241031;100507;3688;40;11365401368;S
20241031;100507;3687.5;2;11365401369;S
20241031;100507;3687.5;40;11365401370;S
20241031;100507;3687;1;11365401371;S
20241031;100507;3687;1;11365401372;S
20241031;100507;3686.5;20;11365401373;S
20241031;100507;3686.5;2;11365401374;S
20241031;100507;3686.5;60;11365401375;S
20241031;100507;3686.5;60;11365401376;S
20241031;100507;3686;1;11365401377;S
20241031;100507;3686;8;11365401378;S
20241031;100507;3687.5;10;11365401380;S
20241031;100507;3687.5;13;11365401381;S
20241031;100507;3687.5;7;11365401382;S
20241031;100507;3687.5;3;11365401385;S
20241031;100508;3687.5;24;11365401466;B
20241031;100508;3687.5;5;11365401533;B
20241031;100508;3687.5;16;11365401553;B
20241031;100508;3687;23;11365401576;S
20241031;100508;3687;50;11365401577;S
20241031;100508;3687;81;11365401578;S
20241031;100508;3687;46;11365401579;S
20241031;100508;3687;5;11365401585;S
20241031;100508;3687;28;11365401610;S
20241031;100508;3687;34;11365401611;S
20241031;100508;3687;25;11365401612;S
20241031;100508;3687;23;11365401613;S
20241031;100508;3686.5;54;11365401614;S
20241031;100508;3686.5;54;11365401615;S
20241031;100508;3686.5;30;11365401616;S
20241031;100508;3686.5;10;11365401617;S
20241031;100508;3686;12;11365401618;S
20241031;100508;3686;4;11365401619;S
20241031;100508;3686;15;11365401620;S
20241031;100508;3686;5;11365401621;S
20241031;100508;3686;30;11365401622;S
20241031;100508;3686;60;11365401623;S
20241031;100508;3685.5;325;11365401624;S
20241031;100508;3685;1;11365401625;S
20241031;100508;3685;1;11365401626;S
20241031;100508;3685;1;11365401627;S
20241031;100508;3685;3;11365401628;S
20241031;100508;3686.5;1;11365401643;B
20241031;100509;3686.5;10;11365401735;B
20241031;100509;3686;23;11365401742;S
20241031;100509;3686;37;11365401743;S
20241031;100510;3686;20;11365401987;S
20241031;100510;3686;2;11365402012;S
20241031;100511;3686.5;20;11365402280;B
20241031;100512;3686.5;29;11365402465;B
20241031;100513;3687;50;11365402647;B
20241031;100513;3687;9;11365402688;B
20241031;100514;3687;1;11365402828;B
20241031;100514;3687.5;4;11365402829;B
20241031;100514;3687;1;11365402901;B
20241031;100515;3686.5;3;11365403025;S
20241031;100515;3687;20;11365403085;B
20241031;100516;3687;1;11365403318;B
20241031;100516;3687;14;11365403376;B
20241031;100518;3687;24;11365403848;B
20241031;100518;3687.5;15;11365403849;B
20241031;100518;3687.5;20;11365403850;B
20241031;100518;3688;1;11365403851;B
20241031;100519;3687;60;11365404144;B
20241031;100519;3687;5;11365404145;B
20241031;100519;3687;60;11365404146;B
20241031;100519;3687.5;15;11365404147;B
20241031;100519;3687.5;22;11365404148;B
20241031;100519;3688;14;11365404149;B
20241031;100519;3688;24;11365404150;B
20241031;100519;3687;5;11365404151;S
20241031;100519;3687;10;11365404152;S
20241031;100519;3687;10;11365404153;S
20241031;100519;3687;10;11365404154;S
20241031;100519;3687;10;11365404155;S
20241031;100519;3687;3;11365404156;S
20241031;100521;3687;51;11365404475;B
20241031;100521;3687.5;6;11365404493;S
20241031;100521;3687.5;9;11365404497;S
20241031;100521;3687.5;30;11365404498;S
20241031;100521;3687.5;11;11365404499;S
20241031;100521;3687.5;10;11365404500;S
20241031;100521;3687.5;10;11365404502;S
20241031;100521;3687.5;10;11365404503;S
20241031;100521;3687.5;34;11365404504;S
20241031;100521;3687.5;16;11365404505;S
20241031;100521;3687.5;10;11365404506;S
20241031;100521;3687.5;14;11365404507;S
20241031;100521;3687.5;1;11365404524;S
20241031;100522;3688;10;11365404731;B
20241031;100522;3687.5;4;11365404754;S
20241031;100523;3687.5;8;11365404935;S
20241031;100523;3688;1;11365404969;B
20241031;100524;3688;5;11365405033;B
20241031;100524;3688;1;11365405220;B
20241031;100525;3688;59;11365405334;B
20241031;100525;3688.5;22;11365405335;B
20241031;100525;3688.5;15;11365405336;B
20241031;100525;3689;15;11365405337;B
20241031;100525;3689;9;11365405338;B
20241031;100525;3688.5;3;11365405342;S
20241031;100526;3689;19;11365405464;B
20241031;100526;3689;31;11365405465;B
20241031;100526;3690;3;11365405469;B
20241031;100526;3690;16;11365405470;B
20241031;100526;3690.5;40;11365405577;B
20241031;100527;3690.5;5;11365405859;B
20241031;100527;3690.5;2;11365405860;B
20241031;100527;3691;10;11365405861;B
20241031;100527;3692;15;11365405862;B
20241031;100527;3692.5;15;11365405863;B
20241031;100527;3692.5;3;11365405864;B
20241031;100527;3692.5;1;11365405865;B
20241031;100528;3692;15;11365405998;S
20241031;100528;3691.5;4;11365405999;S
20241031;100528;3693.5;1;11365406008;B
20241031;100528;3693.5;1;11365406049;B
20241031;100529;3693;2;11365406258;S
20241031;100530;3693;1;11365406674;B
20241031;100531;3693.5;4;11365406771;B
20241031;100531;3693.5;15;11365406772;B
20241031;100531;3694;44;11365406788;B
20241031;100531;3694;3;11365406852;B
20241031;100532;3694;25;11365407178;B
20241031;100533;3693.5;59;11365407266;S
20241031;100533;3693;15;11365407267;S
20241031;100533;3693;11;11365407268;S
20241031;100533;3693;50;11365407269;S
20241031;100533;3692.5;15;11365407270;S
20241031;100533;3692.5;7;11365407271;S
20241031;100533;3692.5;54;11365407272;S
20241031;100533;3692;15;11365407273;S
20241031;100533;3692;37;11365407274;S
20241031;100533;3692;30;11365407275;S
20241031;100533;3691.5;11;11365407276;S
20241031;100533;3691.5;63;11365407277;S
20241031;100533;3691.5;54;11365407278;S
20241031;100533;3691;15;11365407279;S
20241031;100533;3691;88;11365407280;S
20241031;100533;3691;23;11365407281;S
20241031;100533;3690.5;15;11365407282;S
20241031;100533;3690.5;113;11365407283;S
20241031;100533;3690;15;11365407284;S
20241031;100533;3690;5;11365407285;S
20241031;100533;3690;5;11365407286;S
20241031;100533;3690;100;11365407287;S
20241031;100533;3690;138;11365407288;S
20241031;100533;3689.5;15;11365407289;S
20241031;100533;3689.5;100;11365407290;S
20241031;100533;3689;15;11365407291;S
20241031;100533;3689;40;11365407292;S
20241031;100533;3688.5;41;11365407293;S
20241031;100533;3688.5;309;11365407294;S
20241031;100533;3688.5;40;11365407295;S
20241031;100533;3688.5;15;11365407296;S
20241031;100533;3688;500;11365407297;S
20241031;100533;3688;10;11365407298;S
20241031;100533;3687.5;200;11365407299;S
20241031;100533;3687;149;11365407300;S
20241031;100533;3687;2;11365407301;S
20241031;100533;3686.5;1;11365407302;S
20241031;100533;3686.5;60;11365407303;S
20241031;100533;3686.5;141;11365407304;B
20241031;100533;3686.5;8;11365407305;B
20241031;100533;3686.5;50;11365407306;B
20241031;100533;3686.5;50;11365407307;B
20241031;100533;3686.5;144;11365407314;B
20241031;100533;3686.5;9;11365407315;B
20241031;100533;3686.5;1;11365407316;B
20241031;100533;3686;3;11365407322;S
20241031;100533;3686.5;3;11365407351;B
20241031;100533;3686.5;27;11365407424;B
20241031;100533;3686.5;12;11365407469;B
20241031;100533;3686.5;3;11365407501;B
20241031;100534;3686.5;1;11365407578;B
20241031;100534;3686;6;11365407604;S
20241031;100534;3686;1;11365407605;S
20241031;100534;3686;23;11365407606;S
20241031;100534;3686;5;11365407607;S
20241031;100534;3686;11;11365407608;S
20241031;100534;3686;15;11365407609;S
20241031;100534;3686.5;4;11365407642;B
20241031;100534;3686.5;6;11365407643;B
20241031;100534;3686;35;11365407663;S
20241031;100534;3686;18;11365407664;S
20241031;100534;3685.5;54;11365407665;S
20241031;100534;3685.5;54;11365407666;S
20241031;100534;3685;12;11365407667;S
20241031;100534;3685;1;11365407668;S
20241031;100534;3685;10;11365407669;S
20241031;100534;3685;41;11365407670;S
20241031;100534;3685;350;11365407671;S
20241031;100534;3685;3;11365407672;S
20241031;100534;3685;7;11365407673;S
20241031;100534;3685;23;11365407674;S
20241031;100534;3684.5;22;11365407675;S
20241031;100534;3685;44;11365407676;S
20241031;100534;3686;4;11365407716;B
20241031;100535;3686;10;11365407928;B
20241031;100535;3685.5;6;11365408008;S
20241031;100536;3686;5;11365408262;S
20241031;100536;3686.5;15;11365408287;B
20241031;100537;3686;49;11365408404;S
20241031;100538;3686.5;15;11365408717;B
20241031;100539;3686.5;240;11365408977;B
20241031;100539;3686.5;10;11365408978;B
20241031;100540;3686.5;49;11365409157;B
20241031;100540;3686.5;72;11365409158;B
20241031;100541;3686.5;55;11365409255;B
20241031;100541;3686.5;2;11365409318;B
20241031;100541;3686.5;67;11365409323;B
20241031;100542;3686.5;3;11365409502;B
20241031;100543;3686.5;4;11365409989;B
20241031;100543;3686.5;79;11365409990;B
20241031;100544;3686.5;2;11365410166;B
20241031;100544;3686.5;1;11365410167;B
20241031;100544;3686.5;40;11365410195;B
20241031;100545;3686.5;1;11365410408;B
20241031;100546;3686.5;61;11365410478;B
20241031;100546;3686.5;50;11365410548;B
20241031;100546;3686.5;19;11365410573;B
20241031;100546;3686.5;31;11365410574;B
20241031;100546;3686.5;4;11365410655;B
20241031;100547;3686.5;5;11365410831;B
20241031;100547;3686.5;6;11365410832;B
20241031;100547;3686.5;11;11365410864;B
20241031;100548;3686.5;1;11365410998;B
20241031;100548;3686.5;1;11365411004;B
20241031;100548;3686.5;1;11365411020;B
20241031;100548;3686.5;1;11365411052;B
20241031;100548;3686.5;40;11365411072;B
20241031;100548;3686.5;1;11365411083;B
20241031;100548;3686.5;1;11365411109;B
20241031;100548;3686.5;1;11365411146;B
20241031;100549;3686.5;11;11365411197;B
20241031;100549;3686.5;11;11365411198;B
20241031;100549;3686.5;100;11365411207;B
20241031;100549;3686.5;3;11365411250;B
20241031;100549;3686.5;1;11365411302;B
20241031;100549;3686.5;1;11365411324;B
20241031;100549;3686.5;1;11365411349;B
20241031;100549;3686;1;11365411350;S
20241031;100549;3686;4;11365411351;S
20241031;100549;3686;33;11365411352;S
20241031;100549;3686;13;11365411353;S
20241031;100549;3686.5;1;11365411368;B
20241031;100549;3686.5;1;11365411401;B
20241031;100549;3686.5;200;11365411416;B
20241031;100549;3686.5;1;11365411427;B
20241031;100550;3686.5;1;11365411445;B
20241031;100550;3686.5;1;11365411534;B
20241031;100550;3686.5;1;11365411564;B
20241031;100550;3686.5;1;11365411565;B
20241031;100550;3686.5;1;11365411601;B
20241031;100550;3686.5;3;11365411614;B
20241031;100550;3686;4;11365411635;S
20241031;100551;3686.5;53;11365411743;B
20241031;100551;3686.5;8;11365411744;B
20241031;100551;3686.5;10;11365411752;B
20241031;100551;3686;83;11365411826;S
20241031;100551;3686;30;11365411827;S
20241031;100551;3686;18;11365411828;S
20241031;100551;3686;3;11365411829;S
20241031;100551;3686;2;11365411830;S
20241031;100551;3686;50;11365411831;S
20241031;100551;3686;1;11365411832;S
20241031;100551;3686;19;11365411833;S
20241031;100551;3686;33;11365411834;S
20241031;100551;3685.5;1;11365411874;S
20241031;100552;3686;1;11365411937;B
20241031;100552;3685.5;18;11365412112;S
20241031;100552;3685.5;34;11365412113;S
20241031;100552;3685.5;21;11365412114;S
20241031;100552;3685.5;6;11365412115;S
20241031;100552;3685.5;1;11365412116;S
20241031;100552;3685.5;30;11365412117;S
20241031;100552;3685;57;11365412118;S
20241031;100552;3685;20;11365412119;S
20241031;100552;3685;9;11365412120;S
20241031;100552;3685;54;11365412121;S
20241031;100552;3685;23;11365412122;S
20241031;100552;3685;54;11365412123;S
20241031;100552;3685;10;11365412124;S
20241031;100552;3684.5;5;11365412125;S
20241031;100552;3684.5;39;11365412126;S
20241031;100552;3686;45;11365412128;B
20241031;100553;3686;1;11365412282;B
20241031;100554;3686;1;11365412477;B
20241031;100554;3686;13;11365412483;B
20241031;100554;3686;6;11365412484;B
20241031;100554;3686;2;11365412582;B
20241031;100554;3686;5;11365412590;B
20241031;100554;3686;15;11365412647;B
20241031;100554;3686;1;11365412705;B
20241031;100555;3686;1;11365412811;B
20241031;100555;3685.5;1;11365412812;S
20241031;100555;3685.5;1;11365412820;S
20241031;100556;3686;5;11365413200;B
20241031;100557;3686;5;11365413299;B
20241031;100557;3686;100;11365413300;B
20241031;100557;3686.5;70;11365413301;B
20241031;100557;3686.5;15;11365413385;B
20241031;100559;3686.5;100;11365413830;B
20241031;100559;3686.5;3;11365413831;B
20241031;100559;3686;14;11365413857;S
20241031;100601;3686.5;59;11365414099;B
20241031;100602;3686.5;54;11365414328;B
20241031;100602;3686;40;11365414425;S
20241031;100602;3686;60;11365414426;S
20241031;100602;3686.5;200;11365414454;B
20241031;100602;3686.5;89;11365414470;B
20241031;100602;3686.5;11;11365414471;B
20241031;100603;3686.5;54;11365414530;B
20241031;100603;3686.5;35;11365414628;B
20241031;100603;3686.5;65;11365414629;B
20241031;100603;3686.5;26;11365414632;B
20241031;100606;3686.5;57;11365415044;B
20241031;100607;3686;14;11365415245;S
20241031;100607;3686;15;11365415246;S
20241031;100607;3686;3;11365415247;S
20241031;100607;3686;16;11365415248;S
20241031;100607;3686;20;11365415249;S
20241031;100607;3686;2;11365415250;S
20241031;100607;3686;4;11365415251;S
20241031;100607;3686;30;11365415252;S
20241031;100607;3686;34;11365415253;S
20241031;100607;3685.5;35;11365415254;S
20241031;100607;3685.5;2;11365415255;S
20241031;100607;3685.5;16;11365415256;S
20241031;100607;3685.5;22;11365415257;S
20241031;100607;3685.5;1;11365415324;B
20241031;100607;3685;4;11365415329;S
20241031;100607;3685.5;1;11365415333;B
20241031;100608;3685.5;20;11365415389;B
20241031;100608;3685.5;5;11365415446;B
20241031;100608;3685.5;18;11365415459;B
20241031;100612;3685;1;11365416130;S
20241031;100612;3685;1;11365416131;S
20241031;100612;3685;5;11365416132;S
20241031;100612;3685;54;11365416133;S
20241031;100612;3685;30;11365416134;S
20241031;100612;3685;1;11365416135;S
20241031;100612;3685;8;11365416136;S
20241031;100613;3685;17;11365416388;S
20241031;100613;3685;1;11365416389;S
20241031;100613;3685;35;11365416390;S
20241031;100613;3685;2;11365416391;S
20241031;100613;3685;1;11365416392;S
20241031;100613;3685;60;11365416393;S
20241031;100613;3684.5;161;11365416394;S
20241031;100613;3684.5;10;11365416395;S
20241031;100613;3684.5;1;11365416396;S
20241031;100613;3684.5;112;11365416397;S
20241031;100614;3684.5;10;11365416500;S
20241031;100615;3685;1;11365416658;B
20241031;100616;3685;14;11365416892;B
20241031;100616;3685.5;42;11365416893;B
20241031;100616;3685.5;15;11365416894;B
20241031;100616;3685.5;19;11365416895;B
20241031;100617;3686;1;11365417109;B
20241031;100617;3686;1;11365417127;B
20241031;100617;3686;1;11365417133;B
20241031;100617;3686;1;11365417142;B
20241031;100617;3686;1;11365417179;B
20241031;100618;3686;1;11365417217;B
20241031;100618;3686;1;11365417255;B
20241031;100618;3686;1;11365417306;B
20241031;100618;3686;1;11365417350;B
20241031;100618;3686;1;11365417392;B
20241031;100618;3686;1;11365417459;B
20241031;100618;3686;1;11365417477;B
20241031;100619;3686;1;11365417513;B
20241031;100619;3686;1;11365417538;B
20241031;100619;3686;1;11365417551;B
20241031;100619;3686;17;11365417607;B
20241031;100619;3686;3;11365417608;B
20241031;100619;3686;12;11365417648;B
20241031;100620;3686.5;1;11365417780;B
20241031;100621;3686.5;49;11365417869;B
20241031;100621;3686.5;3;11365417870;B
20241031;100622;3686.5;1;11365418153;B
20241031;100624;3686;5;11365418491;S
20241031;100624;3686.5;86;11365418500;B
20241031;100624;3686.5;14;11365418501;B
20241031;100625;3689;1;11365418762;B
20241031;100625;3687.5;2;11365418765;S
20241031;100625;3687.5;2;11365418766;S
20241031;100625;3687.5;4;11365418767;S
20241031;100625;3687.5;1;11365418768;S
20241031;100625;3689;14;11365418769;B
20241031;100625;3689;6;11365418770;B
20241031;100625;3689;17;11365418771;B
20241031;100625;3689;3;11365418772;B
20241031;100625;3689;15;11365418773;B
20241031;100625;3689;5;11365418774;B
20241031;100625;3689;50;11365418775;B
20241031;100625;3690;15;11365418776;B
20241031;100625;3690;15;11365418777;B
20241031;100625;3690;10;11365418778;B
20241031;100625;3690.5;10;11365418779;B
20241031;100625;3690;20;11365418780;B
20241031;100625;3690;5;11365418782;B
20241031;100625;3690.5;20;11365418790;B
20241031;100626;3691.5;15;11365418903;B
20241031;100626;3691.5;35;11365418904;B
20241031;100626;3690;2;11365418958;S
20241031;100627;3689;50;11365419114;S
20241031;100627;3688.5;15;11365419115;S
20241031;100627;3688.5;4;11365419116;S
20241031;100627;3688;15;11365419117;S
20241031;100627;3687.5;15;11365419118;S
20241031;100627;3687.5;1;11365419119;S
20241031;100628;3690;1;11365419166;B
20241031;100630;3688.5;2;11365419515;B
20241031;100630;3688.5;4;11365419516;B
20241031;100630;3689;1;11365419601;B
20241031;100631;3689;14;11365419670;B
20241031;100631;3690;14;11365419673;B
20241031;100631;3690;21;11365419674;B
20241031;100631;3690;2;11365419706;B
20241031;100631;3690;1;11365419707;B
20241031;100632;3689;1;11365419914;B
20241031;100636;3689;15;11365420433;B
20241031;100636;3689;32;11365420434;B
20241031;100636;3689.5;5;11365420599;B
20241031;100639;3689.5;1;11365421099;B
20241031;100640;3689.5;9;11365421257;B
20241031;100640;3689.5;23;11365421258;B
20241031;100640;3690;14;11365421259;B
20241031;100640;3690;18;11365421260;B
20241031;100640;3690;1;11365421261;B
20241031;100641;3690;2;11365421322;B
20241031;100641;3690;1;11365421323;B
20241031;100641;3690;14;11365421324;B
20241031;100641;3690;23;11365421325;B
20241031;100641;3690.5;3;11365421328;B
20241031;100642;3690.5;3;11365421550;B
20241031;100642;3689.5;4;11365421686;S
20241031;100642;3689;15;11365421687;S
20241031;100642;3688.5;15;11365421688;S
20241031;100642;3688.5;17;11365421689;S
20241031;100643;3690.5;1;11365421794;B
20241031;100644;3689.5;13;11365421862;B
20241031;100644;3689.5;2;11365421913;B
20241031;100644;3690;8;11365421914;B
20241031;100644;3689.5;10;11365422031;B
20241031;100645;3689.5;1;11365422154;B
20241031;100646;3690;41;11365422280;B
20241031;100648;3689.5;5;11365422678;B
20241031;100650;3688.5;9;11365423056;S
20241031;100650;3688.5;1;11365423057;S
20241031;100650;3688.5;15;11365423058;S
20241031;100650;3688;100;11365423059;S
20241031;100650;3688;28;11365423060;S
20241031;100650;3688;15;11365423061;S
20241031;100650;3688;15;11365423062;S
20241031;100650;3688;3;11365423063;S
20241031;100650;3688;13;11365423064;S
20241031;100650;3688;10;11365423065;S
20241031;100650;3688;5;11365423066;S
20241031;100650;3688;200;11365423067;S
20241031;100650;3687.5;29;11365423068;S
20241031;100650;3687.5;15;11365423069;S
20241031;100650;3687.5;17;11365423070;S
20241031;100650;3687.5;11;11365423071;S
20241031;100650;3687;15;11365423072;S
20241031;100650;3687;49;11365423073;S
20241031;100650;3687;13;11365423074;S
20241031;100650;3687;16;11365423075;S
20241031;100650;3687;13;11365423076;S
20241031;100650;3687;9;11365423077;S
20241031;100650;3687;23;11365423078;S
20241031;100650;3686.5;15;11365423079;S
20241031;100650;3686.5;1;11365423080;S
20241031;100650;3686.5;68;11365423081;S
20241031;100650;3686.5;16;11365423082;S
20241031;100650;3686.5;7;11365423083;S
20241031;100650;3686.5;50;11365423084;S
20241031;100650;3686;19;11365423085;S
20241031;100650;3688.5;15;11365423156;B
20241031;100650;3688.5;40;11365423157;B
20241031;100650;3689;15;11365423158;B
20241031;100650;3689;40;11365423159;B
20241031;100650;3689;30;11365423160;B
20241031;100650;3689.5;2;11365423161;B
20241031;100650;3689.5;8;11365423162;B
20241031;100651;3689;15;11365423268;B
20241031;100651;3689;40;11365423269;B
20241031;100651;3689.5;7;11365423270;B
20241031;100651;3689.5;14;11365423271;B
20241031;100651;3689.5;20;11365423272;B
20241031;100651;3690;15;11365423273;B
20241031;100651;3690;25;11365423274;B
20241031;100651;3690;30;11365423275;B
20241031;100651;3690.5;8;11365423276;B
20241031;100651;3690.5;24;11365423277;B
20241031;100651;3690.5;2;11365423278;B
20241031;100652;3689.5;1;11365423417;B
20241031;100653;3687;2;11365423608;S
20241031;100654;3689;2;11365423629;B
20241031;100654;3689;1;11365423747;B
20241031;100656;3689;1;11365423949;B
20241031;100657;3689;11;11365424037;B
20241031;100657;3689.5;25;11365424038;B
20241031;100657;3689.5;15;11365424039;B
20241031;100657;3689.5;6;11365424040;B
20241031;100657;3690;15;11365424041;B
20241031;100657;3690;6;11365424042;B
20241031;100657;3690.5;15;11365424043;B
20241031;100657;3690.5;157;11365424044;B
20241031;100701;3690;5;11365424707;B
20241031;100701;3690.5;5;11365424708;B
20241031;100702;3689.5;3;11365424873;S
20241031;100703;3691;1;11365425005;B
20241031;100704;3691;14;11365425125;B
20241031;100704;3691;11;11365425126;B
20241031;100704;3691;1;11365425196;B
20241031;100706;3689;22;11365425557;S
20241031;100706;3689;6;11365425558;S
20241031;100706;3690.5;15;11365425574;B
20241031;100706;3691;35;11365425575;B
20241031;100706;3691.5;1;11365425590;B
20241031;100710;3690.5;5;11365426199;B
20241031;100714;3690.5;10;11365426943;B
20241031;100714;3690.5;10;11365426944;B
20241031;100714;3690.5;10;11365426945;B
20241031;100715;3690;1;11365427157;B
20241031;100716;3690;2;11365427263;B
20241031;100719;3689.5;15;11365427780;S
20241031;100719;3690;1;11365427796;B
20241031;100719;3689.5;2;11365427797;S
20241031;100719;3689.5;4;11365427890;S
20241031;100719;3689.5;1;11365427891;S
20241031;100720;3689;4;11365427970;S
20241031;100720;3689.5;1;11365428055;B
20241031;100720;3689.5;2;11365428115;B
20241031;100721;3689.5;1;11365428124;B
20241031;100721;3689;26;11365428204;S
20241031;100721;3689;4;11365428205;S
20241031;100721;3689.5;5;11365428221;B
20241031;100721;3689;5;11365428265;S
20241031;100722;3689.5;1;11365428317;B
20241031;100722;3689;25;11365428426;S
20241031;100724;3689;16;11365428695;S
20241031;100724;3689;4;11365428696;S
20241031;100724;3689;6;11365428729;S
20241031;100724;3689;12;11365428789;S
20241031;100724;3689;13;11365428790;S
20241031;100725;3689.5;67;11365428821;B
20241031;100725;3689.5;10;11365428822;B
20241031;100725;3689.5;15;11365428823;B
20241031;100725;3689.5;25;11365428824;B
20241031;100725;3689.5;25;11365428825;B
20241031;100725;3689.5;10;11365428826;B
20241031;100725;3689.5;30;11365428827;B
20241031;100725;3690;11;11365428828;B
20241031;100725;3690;9;11365428829;B
20241031;100725;3690;25;11365428830;B
20241031;100725;3690;54;11365428831;B
20241031;100725;3690;23;11365428832;B
20241031;100725;3690;35;11365428920;S
20241031;100727;3690.5;1;11365429201;B
20241031;100727;3690;49;11365429256;S
20241031;100728;3690.5;14;11365429355;B
20241031;100728;3690.5;11;11365429356;B
20241031;100728;3691;18;11365429361;B
20241031;100728;3691.5;8;11365429362;B
20241031;100732;3691.5;1;11365430231;B
20241031;100732;3691.5;17;11365430235;B
20241031;100732;3691.5;5;11365430236;B
20241031;100733;3692.5;1;11365430560;B
20241031;100734;3692.5;1;11365430612;B
20241031;100734;3692.5;39;11365430613;B
20241031;100734;3692.5;10;11365430709;B
20241031;100734;3692.5;1;11365430771;B
20241031;100734;3692.5;10;11365430803;B
20241031;100735;3691;5;11365430942;S
20241031;100736;3692.5;10;11365431062;B
20241031;100737;3691.5;10;11365431219;S
20241031;100737;3691.5;10;11365431251;B
20241031;100737;3691.5;12;11365431252;B
20241031;100737;3691.5;15;11365431253;B
20241031;100737;3691.5;14;11365431254;B
20241031;100737;3691.5;18;11365431255;B
20241031;100737;3692;15;11365431256;B
20241031;100737;3692;12;11365431257;B
20241031;100737;3692.5;30;11365431258;B
20241031;100737;3692.5;100;11365431259;B
20241031;100737;3692.5;15;11365431260;B
20241031;100737;3692.5;23;11365431261;B
20241031;100737;3693;1;11365431262;B
20241031;100737;3693;15;11365431263;B
20241031;100737;3693;15;11365431264;B
20241031;100737;3693;205;11365431265;B
20241031;100738;3691.5;15;11365431332;S
20241031;100738;3691;5;11365431333;S
20241031;100738;3691.5;15;11365431372;S
20241031;100738;3691;20;11365431373;S
20241031;100738;3691;19;11365431374;S
20241031;100741;3691;11;11365431968;S
20241031;100741;3690.5;29;11365431969;S
20241031;100741;3690.5;15;11365431970;S
20241031;100741;3690.5;60;11365431971;S
20241031;100741;3690.5;17;11365431972;S
20241031;100741;3690;762;11365431973;S
20241031;100741;3690;15;11365431974;S
20241031;100741;3690;32;11365431975;S
20241031;100741;3690;500;11365431976;S
20241031;100741;3690;17;11365431977;S
20241031;100741;3690;2;11365431978;S
20241031;100741;3690;24;11365431979;S
20241031;100741;3690;15;11365431980;S
20241031;100741;3689.5;15;11365431981;S
20241031;100741;3689.5;53;11365431982;S
20241031;100741;3689.5;16;11365431983;S
20241031;100741;3689.5;2;11365431984;S
20241031;100741;3689.5;17;11365431985;S
20241031;100742;3690;18;11365432137;B
20241031;100742;3690;2;11365432138;B
20241031;100750;3689.5;7;11365433314;S
20241031;100751;3690;2;11365433566;S
20241031;100752;3690;3;11365433752;S
20241031;100752;3691;15;11365434000;B
20241031;100752;3691;5;11365434001;B
20241031;100753;3691;2;11365434086;B
20241031;100754;3690.5;4;11365434266;S
20241031;100754;3690.5;1;11365434267;S
20241031;100755;3691;1;11365434431;B
20241031;100756;3690.5;15;11365434675;S
20241031;100756;3690.5;4;11365434676;S
20241031;100758;3691;2;11365435128;B
20241031;100800;3691;10;11365435419;B
20241031;100800;3691;1;11365435552;B
20241031;100801;3691;1;11365435571;B
20241031;100803;3691;5;11365436005;B
20241031;100804;3691;1;11365436210;B
20241031;100805;3691;1;11365436423;B
20241031;100805;3691;3;11365436434;B
20241031;100805;3691;68;11365436573;B
20241031;100805;3691;5;11365436574;B
20241031;100805;3691;6;11365436575;B
20241031;100805;3691;15;11365436576;B
20241031;100808;3691.5;1;11365437235;B
20241031;100808;3691;6;11365437276;S
20241031;100810;3690.5;18;11365437765;S
20241031;100810;3690.5;5;11365437766;S
20241031;100810;3690;4;11365437767;S
20241031;100811;3690.5;15;11365437835;B
20241031;100811;3690.5;9;11365437836;B
20241031;100811;3690.5;14;11365437898;B
20241031;100811;3690.5;10;11365437899;B
20241031;100811;3690.5;26;11365437900;B
20241031;100811;3690;1;11365437923;S
20241031;100811;3690;15;11365438052;S
20241031;100811;3690;85;11365438053;S
20241031;100812;3690;15;11365438166;S
20241031;100812;3690;14;11365438167;S
20241031;100812;3690;10;11365438168;S
20241031;100812;3690;1;11365438169;S
20241031;100812;3690;3;11365438170;S
20241031;100812;3690;5;11365438171;S
20241031;100812;3690;1;11365438172;S
20241031;100812;3689.5;6;11365438173;S
20241031;100812;3689.5;12;11365438174;S
20241031;100812;3689.5;14;11365438175;S
20241031;100812;3689.5;1;11365438176;S
20241031;100812;3689.5;13;11365438177;S
20241031;100812;3689.5;4;11365438178;S
20241031;100812;3689;2;11365438179;S
20241031;100812;3689;5;11365438180;S
20241031;100812;3689;42;11365438181;S
20241031;100812;3689;1;11365438182;S
20241031;100812;3689;12;11365438183;S
20241031;100812;3689;10;11365438184;S
20241031;100812;3689;9;11365438185;S
20241031;100812;3689;1;11365438186;S
20241031;100812;3689;9;11365438187;S
20241031;100812;3689;50;11365438188;S
20241031;100812;3689;10;11365438189;S
20241031;100812;3688.5;2;11365438358;S
20241031;100812;3688.5;59;11365438359;S
20241031;100812;3688.5;11;11365438360;S
20241031;100812;3688.5;8;11365438361;S
20241031;100812;3688.5;10;11365438362;S
20241031;100813;3688.5;12;11365438517;B
20241031;100813;3689;12;11365438566;B
20241031;100813;3689;6;11365438650;B
20241031;100815;3690;10;11365439189;B
20241031;100815;3690;3;11365439235;B
20241031;100818;3689.5;4;11365439950;S
20241031;100819;3690;1;11365440061;S
20241031;100819;3690;15;11365440062;S
20241031;100819;3689.5;11;11365440063;S
20241031;100819;3689;33;11365440064;S
20241031;100819;3689;15;11365440065;S
20241031;100819;3689;22;11365440066;S
20241031;100819;3689;50;11365440067;S
20241031;100819;3688.5;15;11365440068;S
20241031;100819;3688.5;37;11365440069;S
20241031;100819;3688;15;11365440070;S
20241031;100819;3688;52;11365440071;S
20241031;100819;3687.5;34;11365440072;S
20241031;100820;3688.5;50;11365440337;B
20241031;100820;3688.5;1;11365440361;B
20241031;100820;3689.5;1;11365440362;B
20241031;100820;3689.5;10;11365440438;B
20241031;100821;3689.5;1;11365440568;B
20241031;100822;3690;25;11365440843;B
20241031;100822;3691.5;2;11365440858;B
20241031;100823;3690.5;15;11365440955;S
20241031;100823;3690.5;12;11365440956;S
20241031;100823;3690.5;15;11365441216;S
20241031;100823;3690;24;11365441217;S
20241031;100824;3690.5;5;11365441344;S
20241031;100826;3691.5;1;11365441742;B
20241031;100827;3690;3;11365441977;S
20241031;100829;3691.5;2;11365442389;B
20241031;100831;3690.5;5;11365442956;B
20241031;100831;3690;1;11365443020;S
20241031;100832;3690;2;11365443201;S
20241031;100832;3690;1;11365443232;S
20241031;100835;3690.5;1;11365443772;B
20241031;100836;3690.5;2;11365443842;B
20241031;100836;3690.5;1;11365443885;B
20241031;100836;3690;13;11365443955;S
20241031;100836;3690;5;11365443956;S
20241031;100836;3690;2;11365443957;S
20241031;100837;3690;17;11365444101;S
20241031;100837;3690;13;11365444102;S
20241031;100838;3690;5;11365444139;S
20241031;100838;3690.5;2;11365444149;B
20241031;100839;3690.5;2;11365444397;B
20241031;100840;3690;40;11365444571;S
20241031;100840;3690.5;1;11365444592;B
20241031;100841;3690.5;10;11365444653;B
20241031;100843;3690;1;11365444878;S
20241031;100844;3690.5;1;11365445142;B
20241031;100845;3690.5;3;11365445200;B
20241031;100847;3690.5;1;11365445777;S
20241031;100849;3692;25;11365446067;B
20241031;100849;3692;10;11365446068;B
20241031;100851;3692.5;1;11365446461;B
20241031;100851;3692.5;10;11365446462;B
20241031;100852;3693;10;11365446980;B
20241031;100852;3693.5;10;11365446981;B
20241031;100852;3693.5;6;11365446982;B
20241031;100852;3694;7;11365446983;B
20241031;100852;3694;60;11365446984;B
20241031;100852;3694.5;15;11365446985;B
20241031;100852;3694.5;23;11365446986;B
20241031;100852;3694.5;45;11365446987;B
20241031;100852;3695;5;11365446988;B
20241031;100852;3695;1;11365446989;B
20241031;100852;3695;15;11365446990;B
20241031;100852;3695;3;11365446991;B
20241031;100853;3695;4;11365447002;B
20241031;100853;3695;5;11365447026;B
20241031;100853;3695;1;11365447047;B
20241031;100853;3695;5;11365447052;B
20241031;100854;3695;42;11365447207;B
20241031;100854;3695.5;23;11365447208;B
20241031;100854;3695;15;11365447387;B
20241031;100854;3695;30;11365447388;B
20241031;100854;3695.5;5;11365447389;B
20241031;100854;3694;50;11365447408;S
20241031;100854;3694;10;11365447409;S
20241031;100856;3694.5;15;11365447701;S
20241031;100856;3694.5;4;11365447702;S
20241031;100856;3694;8;11365447703;S
20241031;100856;3695.5;1;11365447709;B
20241031;100856;3695.5;3;11365447900;B
20241031;100856;3695.5;50;11365447924;B
20241031;100902;3695.5;10;11365449130;B
20241031;100903;3695.5;31;11365449451;B
20241031;100903;3696;10;11365449452;B
20241031;100903;3696;10;11365449453;B
20241031;100903;3696.5;10;11365449454;B
20241031;100903;3697;15;11365449455;B
20241031;100903;3697.5;1;11365449456;B
20241031;100903;3697.5;15;11365449457;B
20241031;100903;3697.5;30;11365449458;B
20241031;100903;3697.5;23;11365449459;B
20241031;100903;3697.5;60;11365449460;B
20241031;100903;3698;5;11365449461;B
20241031;100903;3698;15;11365449462;B
20241031;100903;3698;60;11365449463;B
20241031;100903;3698;40;11365449464;B
20241031;100903;3698;24;11365449465;B
20241031;100903;3698.5;8;11365449466;B
20241031;100903;3698.5;15;11365449467;B
20241031;100903;3698.5;58;11365449468;B
20241031;100904;3697.5;1;11365449714;B
20241031;100904;3697.5;1;11365449764;B
20241031;100905;3697.5;1;11365449827;B
20241031;100905;3697.5;1;11365449888;B
20241031;100905;3697.5;1;11365449925;B
20241031;100905;3697.5;1;11365449958;B
20241031;100905;3697.5;1;11365449985;B
20241031;100905;3697.5;1;11365450029;B
20241031;100906;3697.5;1;11365450065;B
20241031;100906;3697.5;1;11365450111;B
20241031;100906;3697.5;1;11365450144;B
20241031;100906;3697.5;1;11365450168;B
20241031;100906;3697.5;1;11365450179;B
20241031;100906;3697.5;1;11365450205;B
20241031;100907;3697.5;1;11365450259;B
20241031;100907;3697.5;1;11365450270;B
20241031;100907;3697.5;1;11365450303;B
20241031;100907;3697.5;1;11365450335;B
20241031;100907;3697.5;1;11365450352;B
20241031;100907;3697.5;1;11365450368;B
20241031;100907;3697.5;1;11365450415;B
20241031;100908;3697.5;1;11365450456;B
20241031;100908;3697.5;1;11365450481;B
20241031;100908;3697.5;1;11365450517;B
20241031;100908;3697.5;1;11365450543;B
20241031;100908;3697.5;1;11365450577;B
20241031;100908;3697.5;1;11365450617;B
20241031;100909;3697.5;1;11365450702;B
20241031;100909;3697.5;1;11365450705;B
20241031;100909;3697.5;1;11365450745;B
20241031;100909;3697.5;1;11365450810;B
20241031;100909;3697.5;1;11365450837;B
20241031;100909;3697.5;1;11365450917;B
20241031;100910;3697.5;5;11365450974;B
20241031;100910;3697.5;5;11365450975;B
20241031;100910;3698;1;11365450994;B
20241031;100910;3698;1;11365451064;B
20241031;100910;3698;1;11365451076;B
20241031;100910;3698;1;11365451103;B
20241031;100910;3698;1;11365451166;B
20241031;100911;3698;1;11365451197;B
20241031;100911;3698;1;11365451220;B
20241031;100911;3697.5;27;11365451230;S
20241031;100911;3698;1;11365451236;B
20241031;100911;3698;1;11365451265;B
20241031;100911;3698;1;11365451287;B
20241031;100911;3698;1;11365451371;B
20241031;100911;3698;1;11365451404;B
20241031;100912;3698;1;11365451431;B
20241031;100912;3698;1;11365451509;B
20241031;100912;3697.5;18;11365451512;S
20241031;100912;3697.5;8;11365451513;S
20241031;100912;3697.5;1;11365451517;S
20241031;100912;3698;1;11365451521;B
20241031;100912;3698;1;11365451556;B
20241031;100912;3697.5;5;11365451557;S
20241031;100912;3697;24;11365451558;S
20241031;100912;3697;100;11365451559;S
20241031;100912;3696.5;10;11365451560;S
20241031;100912;3696.5;15;11365451561;S
20241031;100912;3696.5;33;11365451562;S
20241031;100912;3696;15;11365451563;S
20241031;100912;3696;15;11365451564;S
20241031;100912;3696;28;11365451565;S
20241031;100912;3696;10;11365451566;S
20241031;100912;3696;45;11365451689;B
20241031;100912;3696;5;11365451690;B
20241031;100912;3696.5;1;11365451693;B
20241031;100913;3696.5;8;11365451883;B
20241031;100913;3695.5;1;11365451996;S
20241031;100914;3696;1;11365452088;B
20241031;100914;3696;1;11365452117;B
20241031;100914;3696;1;11365452135;B
20241031;100915;3696;1;11365452224;B
20241031;100915;3696;3;11365452233;B
20241031;100915;3696;1;11365452248;B
20241031;100915;3696;1;11365452267;B
20241031;100915;3696;1;11365452280;B
20241031;100915;3696;1;11365452324;B
20241031;100915;3696;1;11365452406;B
20241031;100916;3696;25;11365452455;B
20241031;100916;3695.5;16;11365452457;B
20241031;100916;3695.5;1;11365452474;B
20241031;100916;3695.5;1;11365452516;B
20241031;100916;3695;1;11365452538;S
20241031;100916;3695;1;11365452539;S
20241031;100916;3695.5;1;11365452540;B
20241031;100916;3695;7;11365452542;S
20241031;100916;3695.5;1;11365452561;B
20241031;100916;3695.5;1;11365452632;B
20241031;100917;3695.5;3;11365452743;B
20241031;100919;3695.5;10;11365453121;B
20241031;100919;3695.5;10;11365453146;B
20241031;100919;3695.5;5;11365453286;B
20241031;100919;3695.5;5;11365453287;B
20241031;100920;3695;6;11365453414;S
20241031;100920;3695;1;11365453415;S
20241031;100920;3695;2;11365453416;S
20241031;100920;3695;12;11365453417;S
20241031;100920;3695;9;11365453418;S
20241031;100921;3695;6;11365453538;S
20241031;100921;3695;11;11365453539;S
20241031;100921;3695;16;11365453540;S
20241031;100921;3695;40;11365453783;B
20241031;100922;3694.5;2;11365453866;S
20241031;100922;3695;10;11365453882;B
20241031;100922;3695;17;11365453887;B
20241031;100922;3695;15;11365453888;B
20241031;100922;3695.5;34;11365453889;B
20241031;100922;3695.5;4;11365453890;B
20241031;100924;3695.5;11;11365454353;B
20241031;100926;3695.5;11;11365454696;B
20241031;100926;3695;3;11365454919;S
20241031;100929;3695;17;11365455541;S
20241031;100929;3695;10;11365455542;S
20241031;100929;3694.5;24;11365455543;S
20241031;100929;3694.5;1;11365455544;S
20241031;100929;3694.5;10;11365455545;S
20241031;100929;3694.5;15;11365455546;S
20241031;100929;3694.5;1;11365455547;S
20241031;100929;3694.5;2;11365455548;S
20241031;100930;3694.5;2;11365455665;S
20241031;100931;3694.5;15;11365455779;B
20241031;100931;3695;54;11365455780;B
20241031;100931;3695;29;11365455781;B
20241031;100933;3695.5;2;11365456212;B
20241031;100934;3695.5;4;11365456569;B
20241031;100936;3695.5;4;11365456836;B
20241031;100939;3695.5;5;11365457445;B
20241031;100939;3695.5;25;11365457446;B
20241031;100940;3695.5;1;11365457622;B
20241031;100940;3695.5;5;11365457750;B
20241031;100941;3695.5;3;11365457803;B
20241031;100948;3695;2;11365459273;S
20241031;100948;3695;1;11365459325;S
20241031;100948;3695.5;3;11365459371;B
20241031;100949;3695.5;2;11365459538;B
20241031;100950;3695;2;11365459649;S
20241031;100950;3695.5;2;11365459680;B
20241031;100951;3695;2;11365459797;S
20241031;100952;3695.5;1;11365459959;B
20241031;100954;3695.5;4;11365460600;B
20241031;100957;3695.5;1;11365461290;B
20241031;100957;3695.5;5;11365461291;B
20241031;100957;3695.5;4;11365461292;B
20241031;101003;3695;2;11365462549;S
20241031;101003;3695;13;11365462550;S
20241031;101003;3694.5;10;11365462551;S
20241031;101003;3694.5;22;11365462552;S
20241031;101003;3694;17;11365462553;S
20241031;101003;3694;13;11365462554;S
20241031;101003;3694;10;11365462555;S
20241031;101003;3693.5;16;11365462556;S
20241031;101003;3693.5;15;11365462557;S
20241031;101003;3693.5;13;11365462558;S
20241031;101003;3693.5;54;11365462559;S
20241031;101003;3693.5;10;11365462560;S
20241031;101003;3693;15;11365462561;S
20241031;101003;3693;27;11365462562;S
20241031;101003;3693;10;11365462563;S
20241031;101003;3693;14;11365462564;S
20241031;101003;3693;7;11365462565;S
20241031;101003;3693;23;11365462566;S
20241031;101003;3692.5;15;11365462567;S
20241031;101003;3692.5;53;11365462568;S
20241031;101003;3692.5;30;11365462569;S
20241031;101003;3692;15;11365462570;S
20241031;101003;3692;50;11365462571;S
20241031;101003;3692;46;11365462572;S
20241031;101004;3693;15;11365462796;B
20241031;101004;3693.5;18;11365462797;B
20241031;101004;3693.5;15;11365462798;B
20241031;101004;3693.5;7;11365462799;B
20241031;101004;3694;5;11365462800;B
20241031;101006;3692;12;11365463117;B
20241031;101007;3692;100;11365463401;B
20241031;101007;3692.5;100;11365463402;B
20241031;101007;3692.5;15;11365463403;B
20241031;101007;3692.5;12;11365463404;B
20241031;101007;3693;15;11365463405;B
20241031;101007;3693;14;11365463406;B
20241031;101007;3693;12;11365463407;B
20241031;101007;3693.5;15;11365463408;B
20241031;101007;3693.5;30;11365463409;B
20241031;101007;3694;10;11365463410;B
20241031;101007;3694;23;11365463411;B
20241031;101007;3694.5;15;11365463412;B
20241031;101007;3695;15;11365463413;B
20241031;101007;3695;5;11365463414;B
20241031;101007;3695;19;11365463415;B
20241031;101008;3695.5;2;11365463533;B
20241031;101008;3695.5;8;11365463534;B
20241031;101010;3694.5;2;11365463951;B
20241031;101014;3694.5;1;11365464511;B
20241031;101026;3694.5;1;11365466593;B
20241031;101028;3694.5;1;11365466871;B
20241031;101028;3694.5;1;11365466910;B
20241031;101029;3694.5;50;11365467223;B
20241031;101029;3694;15;11365467246;S
20241031;101029;3694;13;11365467247;S
20241031;101029;3694;1;11365467248;S
20241031;101029;3694;1;11365467249;S
20241031;101029;3694;10;11365467250;S
20241031;101029;3694;5;11365467251;S
20241031;101029;3694;1;11365467252;S
20241031;101029;3694;23;11365467253;S
20241031;101029;3693.5;15;11365467254;S
20241031;101029;3693.5;10;11365467255;S
20241031;101029;3693.5;22;11365467256;S
20241031;101029;3693.5;2;11365467257;S
20241031;101029;3693.5;2;11365467258;S
20241031;101029;3693;15;11365467259;S
20241031;101029;3693;5;11365467260;S
20241031;101030;3694.5;1;11365467446;B
20241031;101031;3694.5;43;11365467720;B
20241031;101031;3694.5;7;11365467721;B
20241031;101035;3694.5;24;11365468451;B
20241031;101036;3694.5;1;11365468608;B
20241031;101036;3694.5;1;11365468617;B
20241031;101036;3694.5;6;11365468622;B
20241031;101036;3694.5;9;11365468623;B
20241031;101044;3695.5;12;11365470212;B
20241031;101044;3695.5;20;11365470213;B
20241031;101044;3695.5;1;11365470214;B
20241031;101044;3696;10;11365470215;B
20241031;101044;3696;7;11365470216;B
20241031;101046;3695.5;45;11365470551;S
20241031;101048;3696;1;11365470929;B
20241031;101050;3696;3;11365471300;B
20241031;101050;3696;3;11365471301;B
20241031;101050;3696;86;11365471306;B
20241031;101050;3696;1;11365471307;B
20241031;101050;3697;2;11365471321;B
20241031;101050;3697.5;20;11365471325;B
20241031;101055;3697.5;1;11365472218;B
20241031;101056;3696.5;15;11365472389;S
20241031;101056;3696.5;10;11365472390;S
20241031;101058;3698;4;11365472703;B
20241031;101058;3698;5;11365472704;B
20241031;101058;3698;5;11365472705;B
20241031;101058;3698.5;1;11365472706;B
20241031;101058;3698.5;3;11365472725;B
20241031;101100;3698.5;16;11365473138;B
20241031;101100;3698.5;7;11365473139;B
20241031;101100;3698.5;10;11365473140;B
20241031;101100;3699;1;11365473141;B
20241031;101100;3699;2;11365473142;B
20241031;101100;3699;60;11365473143;B
20241031;101100;3699;54;11365473144;B
20241031;101101;3699.5;4;11365473225;B
20241031;101107;3697.5;23;11365475013;S
20241031;101107;3697.5;77;11365475014;S
20241031;101107;3697.5;16;11365475015;S
20241031;101107;3697;14;11365475016;S
20241031;101107;3697;5;11365475017;S
20241031;101107;3697;9;11365475018;S
20241031;101108;3697;4;11365475168;S
20241031;101108;3696.5;5;11365475169;S
20241031;101108;3696.5;6;11365475170;S
20241031;101108;3697;1;11365475172;B
20241031;101108;3696.5;3;11365475173;S
20241031;101108;3696.5;1;11365475174;S
20241031;101108;3697;2;11365475254;B
20241031;101109;3697;1;11365475355;B
20241031;101109;3697;11;11365475398;B
20241031;101109;3697;19;11365475399;B
20241031;101109;3697;18;11365475400;B
20241031;101109;3697;2;11365475401;B
20241031;101109;3697.5;15;11365475402;B
20241031;101109;3697.5;19;11365475403;B
20241031;101109;3698;12;11365475404;B
20241031;101110;3697.5;1;11365475554;B
20241031;101112;3696.5;13;11365475757;S
20241031;101112;3696.5;2;11365475758;S
20241031;101112;3696;25;11365475759;S
20241031;101112;3696;15;11365475760;S
20241031;101114;3696;7;11365476262;B
20241031;101115;3696;2;11365476377;B
20241031;101115;3696;18;11365476378;B
20241031;101115;3696.5;14;11365476379;B
20241031;101115;3697;15;11365476380;B
20241031;101115;3697.5;15;11365476381;B
20241031;101115;3697.5;54;11365476382;B
20241031;101115;3698;15;11365476383;B
20241031;101115;3698;30;11365476384;B
20241031;101115;3698.5;15;11365476385;B
20241031;101115;3698.5;54;11365476386;B
20241031;101115;3698.5;40;11365476387;B
20241031;101115;3699;40;11365476388;B
20241031;101115;3699;20;11365476389;B
20241031;101115;3699;15;11365476390;B
20241031;101115;3699;170;11365476391;B
20241031;101115;3699.5;483;11365476392;B
20241031;101115;3697;2;11365476490;B
20241031;101116;3698.5;1;11365476642;B
20241031;101117;3699.5;13;11365476800;B
20241031;101117;3699.5;1;11365476801;B
20241031;101117;3699.5;1;11365476802;B
20241031;101119;3699.5;6;11365477087;B
20241031;101119;3699.5;1;11365477155;B
20241031;101119;3699.5;39;11365477156;B
20241031;101119;3699.5;5;11365477157;B
20241031;101119;3700;1;11365477158;B
20241031;101119;3700;5;11365477159;B
20241031;101119;3700;3;11365477160;B
20241031;101119;3700;20;11365477161;B
20241031;101119;3700;20;11365477162;B
20241031;101119;3701;1;11365477190;B
20241031;101119;3701.5;2;11365477202;B
20241031;101120;3702;1;11365477257;B
20241031;101120;3702;1;11365477258;B
20241031;101120;3702;1;11365477259;B
20241031;101120;3702;7;11365477260;B
20241031;101121;3701;3;11365477313;S
20241031;101121;3701;12;11365477381;S
20241031;101121;3701;13;11365477382;S
20241031;101121;3700.5;5;11365477383;S
20241031;101122;3701.5;1;11365477490;B
20241031;101122;3701.5;2;11365477564;B
20241031;101123;3701.5;15;11365477673;B
20241031;101123;3702;10;11365477674;B
20241031;101126;3701.5;18;11365477965;B
20241031;101126;3701.5;8;11365477966;B
20241031;101126;3701.5;2;11365478087;B
20241031;101126;3701.5;4;11365478088;B
20241031;101130;3702;8;11365478486;B
20241031;101130;3702;5;11365478487;B
20241031;101130;3702.5;1;11365478488;B
20241031;101130;3702.5;11;11365478489;B
20241031;101132;3701.5;3;11365478887;S
20241031;101133;3702.5;2;11365479160;B
20241031;101133;3702;2;11365479193;S
20241031;101135;3702.5;7;11365479476;B
20241031;101135;3702.5;20;11365479477;B
20241031;101135;3702.5;5;11365479478;B
20241031;101135;3703;3;11365479479;B
20241031;101135;3703;1;11365479480;B
20241031;101135;3703;5;11365479481;B
20241031;101135;3703.5;20;11365479482;B
20241031;101135;3703.5;20;11365479483;B
20241031;101135;3703.5;12;11365479484;B
20241031;101135;3704;1;11365479485;B
20241031;101135;3704;20;11365479486;B
20241031;101135;3704.5;2;11365479487;B
20241031;101135;3705;1;11365479488;B
20241031;101135;3705;1;11365479489;B
20241031;101135;3705;1;11365479490;B
20241031;101135;3705;20;11365479491;B
20241031;101135;3705;100;11365479492;B
20241031;101135;3705.5;5;11365479493;B
20241031;101135;3705;7;11365479504;B
20241031;101136;3705.5;1;11365479550;B
20241031;101136;3705;18;11365479618;B
20241031;101136;3705.5;1;11365479619;B
20241031;101136;3705.5;1;11365479620;B
20241031;101139;3704;2;11365480160;S
20241031;101140;3704;13;11365480251;S
20241031;101140;3703.5;2;11365480252;S
20241031;101143;3704.5;4;11365480686;B
20241031;101145;3703.5;1;11365480994;S
20241031;101147;3704.5;20;11365481357;B
20241031;101147;3704.5;4;11365481358;B
20241031;101147;3705;1;11365481359;B
20241031;101147;3705;4;11365481360;B
20241031;101147;3705;12;11365481361;B
20241031;101147;3705;20;11365481362;B
20241031;101147;3705;2;11365481363;B
20241031;101147;3705;1;11365481364;B
20241031;101147;3705.5;20;11365481365;B
20241031;101147;3705.5;50;11365481366;B
20241031;101147;3705.5;16;11365481367;B
20241031;101150;3705;5;11365481874;S
20241031;101151;3705.5;2;11365482046;B
20241031;101151;3705.5;13;11365482047;B
20241031;101151;3706;1;11365482050;B
20241031;101151;3706;1;11365482051;B
20241031;101154;3705.5;15;11365482634;S
20241031;101154;3705.5;5;11365482635;S
20241031;101156;3706;1;11365482828;B
20241031;101156;3706;17;11365482829;B
20241031;101201;3706;19;11365483594;B
20241031;101201;3705.5;1;11365483721;S
20241031;101202;3706;2;11365483863;B
20241031;101202;3706;10;11365483890;B
20241031;101202;3705.5;12;11365483932;S
20241031;101205;3705.5;1;11365484520;S
20241031;101205;3706;5;11365484623;B
20241031;101206;3706;21;11365484638;B
20241031;101207;3705.5;2;11365484835;S
20241031;101208;3706;26;11365485065;B
20241031;101208;3706;2;11365485066;B
20241031;101208;3706;1;11365485067;B
20241031;101208;3706;74;11365485068;B
20241031;101208;3706;20;11365485069;B
20241031;101208;3706;1;11365485070;B
20241031;101208;3706.5;2;11365485071;B
20241031;101208;3706.5;6;11365485072;B
20241031;101208;3706.5;15;11365485073;B
20241031;101208;3706.5;2;11365485074;B
20241031;101208;3706.5;30;11365485075;B
20241031;101208;3706.5;23;11365485076;B
20241031;101208;3707;2;11365485077;B
20241031;101208;3707;6;11365485078;B
20241031;101208;3707;9;11365485079;B
20241031;101208;3707;15;11365485080;B
20241031;101208;3707;16;11365485081;B
20241031;101208;3706;15;11365485087;S
20241031;101208;3705.5;3;11365485088;S
20241031;101208;3705.5;12;11365485089;S
20241031;101208;3705.5;15;11365485090;S
20241031;101208;3705.5;5;11365485091;S
20241031;101208;3705;25;11365485092;S
20241031;101208;3705;15;11365485093;S
20241031;101208;3705;21;11365485094;S
20241031;101208;3705;3;11365485095;S
20241031;101211;3705.5;1;11365485511;B
20241031;101214;3705.5;8;11365486097;B
20241031;101214;3705.5;15;11365486098;B
