<DATE>;<TIME>;<LAST>;<VOL>;<ID>;<OPER>
20241024;095938;846;4;11333319606;S
20241024;095938;846;1;11333319607;S
20241024;095938;846;5;11333319608;B
20241024;095938;846;2;11333319609;S
20241024;095938;846;2;11333319610;S
20241024;095938;846;7;11333319611;S
20241024;095938;846;1;11333319612;S
20241024;095938;846;55;11333319613;S
20241024;095938;846;1;11333319614;S
20241024;095938;846;62;11333319615;S
20241024;095938;846;110;11333319616;S
20241024;095938;846;1;11333319617;S
20241024;095938;846;11;11333319618;S
20241024;095938;846;22;11333319619;B
20241024;095938;846;67;11333319620;B
20241024;095938;846;1;11333319621;B
20241024;095938;846;2;11333319622;B
20241024;095938;846;30;11333319623;B
20241024;095938;846;1;11333319624;S
20241024;095938;846;15;11333319625;S
20241024;095938;846;1;11333319626;S
20241024;095938;846;129;11333319627;S
20241024;095938;846;1;11333319628;S
20241024;100001;846;23;11333323702;S
20241024;100001;846;2;11333323703;S
20241024;100001;846;2;11333323704;S
20241024;100001;846;1;11333323705;S
20241024;100002;845;2;11333324567;S
20241024;100003;844;1;11333325533;S
20241024;100004;844.9;1;11333326093;B
20241024;100004;844.9;1;11333327246;B
20241024;100004;844;1;11333327626;S
20241024;100004;843;1;11333328630;S
20241024;100005;844.9;2;11333329103;B
20241024;100006;843;1;11333330452;S
20241024;100006;843;1;11333330453;S
20241024;100006;842.7;2;11333330454;S
20241024;100006;842.6;5;11333330455;S
20241024;100006;842.5;2;11333330456;S
20241024;100006;842.1;70;11333330457;S
20241024;100006;842.1;19;11333330458;S
20241024;100006;842;1;11333330576;S
20241024;100006;842;1;11333330577;S
20241024;100006;842;1;11333330578;S
20241024;100006;842;7;11333330579;S
20241024;100006;842;1;11333331471;S
20241024;100006;842;2;11333331472;S
20241024;100007;842.5;16;11333331785;B
20241024;100007;842.6;53;11333331786;B
20241024;100007;844.5;16;11333331787;B
20241024;100007;844.6;53;11333331788;B
20241024;100007;846.1;15;11333331789;B
20241024;100007;846.2;4;11333331790;B
20241024;100007;846.8;2;11333331791;B
20241024;100007;846.9;18;11333331792;B
20241024;100007;842;2;11333331794;S
20241024;100007;841;1;11333331795;S
20241024;100007;841;1;11333331796;S
20241024;100007;841;2;11333331797;S
20241024;100007;840.4;4;11333331798;S
20241024;100007;844.5;1;11333331854;B
20241024;100007;840.9;3;11333332337;S
20241024;100008;841;5;11333332428;S
20241024;100019;842.1;1;11333335725;S
20241024;100019;842;5;11333335726;S
20241024;100019;840.7;9;11333335727;S
20241024;100021;842.8;1;11333336491;B
20241024;100100;842.6;1;11333346414;B
20241024;100100;842.9;1;11333346415;B
20241024;100112;842.8;4;11333350269;B
20241024;100117;842.9;4;11333351253;B
20241024;100127;843.7;3;11333353463;B
20241024;100156;842.5;5;11333359329;S
20241024;100156;842.5;5;11333359481;S
20241024;100157;842.5;5;11333359563;S
20241024;100158;842.5;1;11333359855;S
20241024;100158;842.4;4;11333359856;S
20241024;100159;842.4;70;11333360011;S
20241024;100224;842.2;1;11333365549;B
20241024;100237;842.2;20;11333368260;B
20241024;100237;842.3;50;11333368261;B
20241024;100237;842.5;10;11333368262;B
20241024;100237;842.5;14;11333368263;B
20241024;100256;842;1;11333371946;S
20241024;100256;841.9;5;11333371947;S
20241024;100256;841.9;3;11333371948;S
20241024;100256;841.8;2;11333371949;S
20241024;100257;841.1;1;11333372316;S
20241024;100304;842.3;1;11333373547;B
20241024;100331;841.4;1;11333379666;S
20241024;100355;842.2;1;11333383494;B
20241024;100355;842.2;1;11333383495;B
20241024;100355;842.3;1;11333383496;B
20241024;100355;842.3;2;11333383497;B
20241024;100404;842.5;1;11333384532;B
20241024;100417;842.5;8;11333386521;B
20241024;100422;842.7;2;11333387296;B
20241024;100422;842.8;2;11333387297;B
20241024;100422;842.8;3;11333387382;B
20241024;100422;842.9;1;11333387383;B
20241024;100422;842.9;1;11333387384;B
20241024;100423;842.3;2;11333387406;S
20241024;100423;841.9;1;11333387444;S
20241024;100427;841.7;1;11333388048;S
20241024;100437;841.7;1;11333389823;S
20241024;100437;841.6;5;11333389824;S
20241024;100437;841.5;5;11333389825;S
20241024;100437;840.8;5;11333389826;S
20241024;100437;840.4;1;11333389827;S
20241024;100437;840.4;1;11333389828;S
20241024;100437;840.3;13;11333389829;S
20241024;100437;840.2;10;11333389830;S
20241024;100437;840.1;2;11333389831;S
20241024;100437;840;1;11333389832;S
20241024;100437;840;1;11333389833;S
20241024;100437;840;1;11333389834;S
20241024;100437;840;1;11333389835;S
20241024;100437;840;2;11333389836;S
20241024;100437;838.1;5;11333389837;S
20241024;100437;838.1;1;11333389838;S
20241024;100437;837.9;49;11333389839;S
20241024;100437;837.9;119;11333389840;S
20241024;100437;837.8;69;11333389841;S
20241024;100437;837.8;1;11333389842;S
20241024;100437;839;1;11333390041;B
20241024;100509;841.5;2;11333396858;B
20241024;100510;841.5;4;11333397088;B
20241024;100511;841;1;11333397314;S
20241024;100518;841.5;1;11333398868;B
20241024;100527;841.3;1;11333400376;S
20241024;100527;841.2;49;11333400377;S
20241024;100528;841.2;1;11333400528;S
20241024;100528;840.8;1;11333400529;S
20241024;100528;840.7;1;11333400530;S
20241024;100528;840.6;1;11333400531;S
20241024;100528;840.6;30;11333400532;S
20241024;100528;840.5;5;11333400533;S
20241024;100528;840.5;50;11333400534;S
20241024;100528;840.3;10;11333400535;S
20241024;100528;840.2;1;11333400536;S
20241024;100528;840.2;25;11333400537;S
20241024;100538;841.2;1;11333402451;B
20241024;100550;841.4;1;11333404547;B
20241024;100550;841.4;1;11333404548;B
20241024;100550;841.5;3;11333404549;B
20241024;100550;841.5;1;11333404550;B
20241024;100550;841.5;1;11333404551;B
20241024;100550;841.6;1;11333404552;B
20241024;100550;841.8;2;11333404553;B
20241024;100626;841.8;1;11333413012;S
20241024;100632;841;20;11333414105;S
20241024;100632;841;2;11333414106;S
20241024;100632;840.9;1;11333414107;S
20241024;100632;840.9;5;11333414108;S
20241024;100632;840.9;5;11333414109;S
20241024;100632;840.9;2;11333414110;S
20241024;100632;840.3;1;11333414111;S
20241024;100632;840.2;10;11333414112;S
20241024;100632;840.2;46;11333414113;S
20241024;100632;840.1;2;11333414114;S
20241024;100632;840.1;6;11333414115;S
20241024;100636;840.2;5;11333414969;S
20241024;100644;840.2;10;11333416387;S
20241024;100644;840.7;2;11333416509;B
20241024;100649;840.1;30;11333417444;S
20241024;100651;840.2;10;11333417905;B
20241024;100656;840.1;1;11333418504;S
20241024;100659;840.2;4;11333418975;B
20241024;100659;840.2;1;11333418976;B
20241024;100659;840.3;4;11333418977;B
20241024;100659;840.3;1;11333418978;B
20241024;100708;840.3;1;11333420152;B
20241024;100709;840.3;1;11333420304;B
20241024;100710;840.3;2;11333420630;B
20241024;100725;840.1;1;11333423101;S
20241024;100728;840.1;39;11333423656;S
20241024;100747;840.1;1;11333427121;S
20241024;100748;840.5;1;11333427192;B
20241024;100759;840.6;2;11333429408;B
20241024;100802;840.3;1;11333430204;S
20241024;100812;840.6;5;11333431886;B
20241024;100816;840.7;3;11333432748;B
20241024;100816;840.3;3;11333432814;S
20241024;100827;840.3;1;11333434645;S
20241024;100827;840.2;1;11333434646;S
20241024;100848;840.8;1;11333438978;B
20241024;100854;840.8;1;11333440122;B
20241024;100905;840.7;1;11333442693;S
20241024;100917;840.7;1;11333445452;S
20241024;100921;840.4;9;11333446313;S
20241024;100935;840.7;1;11333449258;B
20241024;100941;840.7;1;11333450530;B
20241024;100951;840.7;2;11333451888;B
20241024;101005;840.6;4;11333453701;B
20241024;101005;840.7;3;11333453702;B
20241024;101030;840.6;1;11333457313;B
20241024;101055;840.5;1;11333461604;S
20241024;101103;840.5;1;11333463794;S
20241024;101126;840.6;2;11333468068;S
20241024;101126;840.5;2;11333468069;S
20241024;101126;840.5;4;11333468070;S
20241024;101126;840.4;2;11333468071;S
20241024;101137;840.6;1;11333469955;B
20241024;101200;840.6;1;11333473464;B
20241024;101219;840.1;22;11333476869;S
20241024;101225;840.1;4;11333477784;B
20241024;101226;840.1;1;11333477923;B
20241024;101227;840.1;23;11333478191;B
20241024;101238;840.1;10;11333479777;S
20241024;101238;840;10;11333479778;S
20241024;101238;840;1;11333479779;S
20241024;101238;840;1;11333479780;S
20241024;101238;840;1;11333479781;S
20241024;101238;840;1;11333479782;S
20241024;101238;840.5;1;11333479805;B
20241024;101238;840.6;50;11333479806;B
20241024;101238;840.6;23;11333479807;B
20241024;101257;840.5;2;11333483221;B
20241024;101258;840.5;2;11333483354;B
20241024;101334;840.2;1;11333489416;B
20241024;101335;840.1;1;11333489659;S
20241024;101335;840;1;11333489799;S
20241024;101335;840;55;11333489800;S
20241024;101336;840;23;11333490155;S
20241024;101350;840.1;1;11333493265;B
20241024;101353;840.1;1;11333493927;B
20241024;101400;840.1;2;11333495259;B
20241024;101404;840;22;11333495809;S
20241024;101404;840;3;11333495810;S
20241024;101404;840;2;11333495811;S
20241024;101404;840;1;11333495812;S
20241024;101404;840;1;11333495813;S
20241024;101404;839.8;5;11333495895;B
20241024;101406;839.8;11;11333496429;B
20241024;101406;839.9;9;11333496430;B
20241024;101412;839.9;30;11333497437;B
20241024;101416;839.9;2;11333498072;B
20241024;101417;839.3;2;11333498330;S
20241024;101417;839;2;11333498331;S
20241024;101417;839;1;11333498332;S
20241024;101417;838;2;11333498333;S
20241024;101417;837.9;12;11333498334;S
20241024;101417;837.8;1;11333498335;S
20241024;101417;837.8;1;11333498336;S
20241024;101434;838.1;30;11333502075;S
20241024;101434;838.1;20;11333502076;S
20241024;101434;837.8;1;11333502077;S
20241024;101434;837.8;1;11333502078;S
20241024;101434;837.3;13;11333502079;S
20241024;101434;837.3;21;11333502527;B
20241024;101451;837.1;1;11333505733;S
20241024;101452;837;1;11333505977;S
20241024;101452;837;10;11333505978;S
20241024;101454;836.4;5;11333506343;S
20241024;101454;836.3;1;11333506344;S
20241024;101454;836.3;1;11333506345;S
20241024;101454;836.1;3;11333506346;S
20241024;101455;836.1;6;11333506363;S
20241024;101455;836;2;11333506364;S
20241024;101455;836;2;11333506365;S
20241024;101455;835.8;13;11333506386;B
20241024;101455;835.8;2;11333506457;B
20241024;101456;835.7;2;11333506459;S
20241024;101457;836.8;1;11333506701;B
20241024;101501;835.9;4;11333507572;S
20241024;101508;836;12;11333509024;B
20241024;101509;835.7;10;11333509164;S
20241024;101510;835.4;1;11333509481;S
20241024;101510;835.3;1;11333509482;S
20241024;101512;835.7;1;11333509819;B
20241024;101512;835.3;1;11333509823;S
20241024;101512;835.1;5;11333509824;S
20241024;101512;835.1;13;11333509825;S
20241024;101513;835.7;14;11333510191;B
20241024;101517;836;5;11333511597;B
20241024;101517;835.6;1;11333511795;S
20241024;101517;835.5;5;11333511796;S
20241024;101517;835.4;5;11333511797;S
20241024;101517;835.3;5;11333511798;S
20241024;101517;835.2;5;11333511799;S
20241024;101517;835.1;8;11333511800;S
20241024;101538;835.5;1;11333517316;S
20241024;101539;835.9;1;11333517422;B
20241024;101539;835.5;1;11333517428;S
20241024;101539;836;1;11333517622;B
20241024;101549;835.5;1;11333519530;S
20241024;101552;836;2;11333520246;B
20241024;101553;836;10;11333520439;B
20241024;101554;836;2;11333520667;B
20241024;101559;836;2;11333521476;B
20241024;101559;836;1;11333521480;B
20241024;101611;835.5;1;11333523970;S
20241024;101612;835.7;1;11333524073;B
20241024;101614;835.5;1;11333525060;B
20241024;101619;835.4;1;11333525782;B
20241024;101620;835.4;1;11333526026;B
20241024;101633;835.4;10;11333529187;S
20241024;101633;835.2;7;11333529188;S
20241024;101633;835.1;7;11333529189;S
20241024;101633;835;1;11333529190;S
20241024;101633;835;7;11333529191;S
20241024;101633;835;1;11333529192;S
20241024;101633;835;6;11333529193;S
20241024;101633;835;1;11333529194;S
20241024;101633;835;6;11333529195;S
20241024;101633;835;2;11333529196;S
20241024;101633;835;10;11333529197;S
20241024;101633;835;2;11333529198;S
20241024;101633;834.7;10;11333529199;S
20241024;101633;834.4;10;11333529200;S
20241024;101633;834.4;45;11333529201;S
20241024;101633;834.4;31;11333529202;S
20241024;101633;834.3;13;11333529203;S
20241024;101633;834.2;70;11333529204;S
20241024;101633;834.1;28;11333529205;S
20241024;101633;834;10;11333529206;S
20241024;101633;834;1;11333529207;S
20241024;101633;833.8;1;11333529208;S
20241024;101633;833.7;1;11333529209;S
20241024;101633;833.1;1;11333529210;S
20241024;101633;833;2;11333529211;S
20241024;101633;833;119;11333529212;S
20241024;101633;833;300;11333529213;B
20241024;101633;832.9;96;11333529227;S
20241024;101633;832.8;4;11333529228;S
20241024;101634;833;1;11333529403;B
20241024;101634;832.8;3;11333529529;S
20241024;101634;833;30;11333529554;B
20241024;101634;833;4;11333529562;B
20241024;101634;833;1;11333529627;B
20241024;101636;833;1;11333530061;B
20241024;101638;833;2;11333530574;B
20241024;101638;833;50;11333530659;B
20241024;101647;832.8;7;11333532365;S
20241024;101651;833;1;11333533417;B
20241024;101653;833;50;11333533865;B
20241024;101655;833;12;11333534574;B
20241024;101657;832.9;1;11333535074;S
20241024;101658;832.8;69;11333535231;S
20241024;101705;833;5;11333536216;B
20241024;101706;833;3;11333536444;B
20241024;101707;833;3;11333536601;B
20241024;101708;832.8;17;11333536619;S
20241024;101708;832.8;4;11333536620;S
20241024;101715;832.8;2;11333537910;B
20241024;101716;832.1;1;11333538098;S
20241024;101716;832.1;1;11333538099;S
20241024;101716;832.1;8;11333538100;S
20241024;101721;832.7;1;11333539077;B
20241024;101721;832.8;4;11333539078;B
20241024;101721;832.9;20;11333539079;B
20241024;101729;832.1;9;11333544517;S
20241024;101729;832.1;10;11333544518;S
20241024;101729;832;1;11333544519;S
20241024;101729;832;1;11333544520;S
20241024;101729;832;10;11333544521;S
20241024;101729;831.7;8;11333544522;S
20241024;101729;831.5;1;11333544523;S
20241024;101729;831.5;60;11333544524;S
20241024;101729;831.5;100;11333544525;S
20241024;101731;832.6;1;11333545686;B
20241024;101738;832.5;1;11333548245;B
20241024;101738;832.7;1;11333548246;B
20241024;101745;832.8;1;11333550110;B
20241024;101745;832.8;1;11333550183;B
20241024;101750;832.2;1;11333551211;S
20241024;101753;832.2;1;11333552016;B
20241024;101758;832.2;2;11333553965;B
20241024;101812;832.2;1;11333558553;B
20241024;101813;832.2;1;11333558800;B
20241024;101814;832.2;14;11333558952;B
20241024;101815;832.8;1;11333559066;B
20241024;101815;832.8;13;11333559067;B
20241024;101815;832.8;4;11333559068;B
20241024;101815;832.8;20;11333559069;B
20241024;101815;832.9;162;11333559070;B
20241024;101816;832.8;1;11333559480;B
20241024;101816;832.9;1;11333559481;B
20241024;101821;832.9;1;11333560712;B
20241024;101824;832.9;1;11333561512;B
20241024;101850;832.9;1;11333567782;B
20241024;101900;832.9;1;11333570476;B
20241024;101901;832.9;6;11333570784;B
20241024;101905;832.9;106;11333571597;B
20241024;101905;833;94;11333571598;B
20241024;101905;833;41;11333571621;B
20241024;101907;834;2;11333571961;B
20241024;101907;834;1;11333571964;B
20241024;101910;834;2;11333572455;B
20241024;101910;834.2;9;11333572456;B
20241024;101911;833.4;2;11333572519;S
20241024;101911;833.4;3;11333572520;S
20241024;101919;834;5;11333574067;B
20241024;101919;834.1;6;11333574068;B
20241024;101919;834.2;13;11333574069;B
20241024;101937;834.3;8;11333576812;B
20241024;101937;834.3;1;11333576813;B
20241024;101937;834.3;1;11333576814;B
20241024;101953;834.1;1;11333578956;B
20241024;101953;834.2;2;11333578957;B
20241024;101955;834.2;6;11333579190;B
20241024;101955;834.3;1;11333579191;B
20241024;101955;834.4;5;11333579192;B
20241024;101955;834.4;1;11333579193;B
20241024;101955;834.5;6;11333579194;B
20241024;101955;834.6;31;11333579195;B
20241024;101955;834.2;1;11333579219;B
20241024;101956;834.7;2;11333579342;B
20241024;102001;834.3;8;11333579913;B
20241024;102003;834.4;5;11333580088;B
20241024;102003;834.9;4;11333580089;B
20241024;102010;834.8;8;11333581138;B
20241024;102010;834.9;76;11333581139;B
20241024;102010;835;16;11333581140;B
20241024;102011;835;2;11333581290;B
20241024;102011;835.3;10;11333581291;B
20241024;102011;835.5;5;11333581292;B
20241024;102011;835.6;8;11333581293;B
20241024;102016;835.2;27;11333582913;B
20241024;102018;835.3;5;11333583954;B
20241024;102018;835.3;3;11333583955;B
20241024;102018;835.4;3;11333583956;B
20241024;102018;835.4;2;11333583957;B
20241024;102018;835.4;33;11333583958;B
20241024;102018;835.5;75;11333583959;B
20241024;102018;835.9;114;11333583960;B
20241024;102020;835.8;1;11333585334;B
20241024;102026;835.8;4;11333588775;B
20241024;102026;835.9;86;11333588776;B
20241024;102043;835.9;1;11333599799;S
20241024;102052;836;5;11333604568;B
20241024;102052;836.9;1;11333604569;B
20241024;102052;837;5;11333604570;B
20241024;102052;837.2;1;11333604571;B
20241024;102052;837.2;1;11333604572;B
20241024;102052;837.2;1;11333604573;B
20241024;102052;837.3;13;11333604574;B
20241024;102103;837.1;2;11333611422;B
20241024;102110;837.1;1;11333615659;B
20241024;102120;837.1;2;11333619142;B
20241024;102124;837.1;1;11333619602;B
20241024;102143;836.6;1;11333622697;S
20241024;102143;836.1;2;11333622698;S
20241024;102154;836.5;5;11333624329;B
20241024;102154;836.7;10;11333624330;B
20241024;102154;836.7;2;11333624331;B
20241024;102154;837;50;11333624332;B
20241024;102154;837.1;20;11333624333;B
20241024;102154;837.3;101;11333624334;B
20241024;102154;838.6;10;11333624335;B
20241024;102154;838.6;10;11333624336;B
20241024;102154;838.8;10;11333624337;B
20241024;102154;838.8;11;11333624338;B
20241024;102154;839.1;1;11333624339;B
20241024;102154;839.2;2;11333624340;B
20241024;102154;839.3;16;11333624341;B
20241024;102154;839.4;1;11333624342;B
20241024;102154;839.4;1;11333624343;B
20241024;102154;839.4;50;11333624344;B
20241024;102225;838.8;1;11333630151;B
20241024;102246;838.9;2;11333633888;B
20241024;102249;838.9;1;11333634153;B
20241024;102306;838.9;1;11333636333;B
20241024;102327;838.8;1;11333639263;S
20241024;102327;838.8;1;11333639264;S
20241024;102351;838.7;1;11333645813;B
20241024;102351;838.8;2;11333645814;B
20241024;102353;838.8;2;11333646049;B
20241024;102405;838.8;3;11333647956;B
20241024;102408;838.8;3;11333648337;B
20241024;102408;837.7;10;11333648378;S
20241024;102420;838.7;2;11333650178;B
20241024;102425;838.7;30;11333650739;B
20241024;102523;838.7;1;11333661243;B
20241024;102530;838.7;1;11333662835;B
20241024;102533;838;3;11333663278;S
20241024;102533;837.8;3;11333663279;S
20241024;102533;837.7;1;11333663280;S
20241024;102533;837.7;3;11333663281;S
20241024;102533;837.6;1;11333663282;S
20241024;102533;836.9;1;11333663283;S
20241024;102533;836.9;1;11333663284;S
20241024;102533;836.8;1;11333663285;S
20241024;102533;836.8;2;11333663286;S
20241024;102533;836.6;60;11333663287;S
20241024;102533;836.5;70;11333663288;S
20241024;102533;836.5;16;11333663289;S
20241024;102533;836.5;80;11333663290;S
20241024;102533;836.4;10;11333663291;S
20241024;102533;836.4;48;11333663292;S
20241024;102533;838.4;3;11333663319;B
20241024;102533;838.5;20;11333663320;B
20241024;102533;838.5;3;11333663321;B
20241024;102533;838.7;12;11333663322;B
20241024;102533;838.8;11;11333663323;B
20241024;102533;839.6;10;11333663324;B
20241024;102533;839.6;119;11333663325;B
20241024;102533;839.7;1;11333663326;B
20241024;102533;839.7;55;11333663327;B
20241024;102547;838.6;1;11333665562;B
20241024;102547;838.6;1;11333665648;S
20241024;102557;837.7;2;11333667451;B
20241024;102602;838.5;2;11333668084;B
20241024;102625;837.4;20;11333671162;S
20241024;102625;836.4;3;11333671163;S
20241024;102627;838.5;1;11333671443;S
20241024;102630;838.5;5;11333671905;B
20241024;102630;838.5;9;11333671906;B
20241024;102641;837.3;6;11333673239;S
20241024;102647;837;2;11333674072;S
20241024;102658;838.4;1;11333675372;B
20241024;102715;838.5;2;11333677616;B
20241024;102716;838.4;1;11333677789;S
20241024;102723;838.5;1;11333679042;B
20241024;102729;838.5;45;11333680010;B
20241024;102740;838.4;9;11333681626;S
20241024;102740;838.1;3;11333681627;S
20241024;102740;838;3;11333681628;S
20241024;102740;837.6;1;11333681629;S
20241024;102740;836.7;1;11333681630;S
20241024;102740;836.4;1;11333681631;S
20241024;102740;836.3;5;11333681632;S
20241024;102740;836.2;3;11333681633;S
20241024;102740;836.2;1;11333681634;S
20241024;102740;836.1;1;11333681635;S
20241024;102740;836;1;11333681636;S
20241024;102740;836;1;11333681637;S
20241024;102740;836;10;11333681638;S
20241024;102824;837.8;2;11333688823;B
20241024;102837;837.7;1;11333690835;S
20241024;102837;837.6;4;11333690836;S
20241024;102841;837.8;1;11333691319;B
20241024;102842;837.8;1;11333691343;B
20241024;102842;837.8;1;11333691344;B
20241024;102910;837.8;2;11333695888;B
20241024;102911;837.6;1;11333696181;B
20241024;102911;837.7;4;11333696182;B
20241024;102920;837.5;1;11333698226;B
20241024;102944;837.5;2;11333702474;S
20241024;102945;837.5;1;11333702536;B
20241024;103010;837.4;1;11333707515;B
20241024;103038;837.4;1;11333712424;B
20241024;103039;837.5;1;11333712737;B
20241024;103041;836.5;1;11333713470;S
20241024;103041;836.4;1;11333713471;S
20241024;103041;836.4;13;11333713472;S
20241024;103041;836.4;1;11333713473;S
20241024;103045;836.4;5;11333714584;B
20241024;103050;836.4;1;11333715516;B
20241024;103053;836.4;1;11333716117;B
20241024;103104;836.4;1;11333717267;B
20241024;103104;836.4;5;11333717309;B
20241024;103116;836.4;1;11333718347;B
20241024;103122;836.4;1;11333718959;B
20241024;103134;836.4;5;11333720736;B
20241024;103139;836.4;1;11333721303;B
20241024;103157;836.4;1;11333723233;B
20241024;103203;836.4;1;11333723938;B
20241024;103211;836.4;1;11333724740;B
20241024;103213;836.3;1;11333724998;S
20241024;103250;836.3;1;11333728879;B
20241024;103256;836.3;1;11333729346;B
20241024;103300;836.3;1;11333729908;B
20241024;103305;836.3;1;11333730433;B
20241024;103309;836.3;1;11333731068;B
20241024;103312;836.2;1;11333731403;S
20241024;103312;836.2;3;11333731404;S
20241024;103313;836.3;1;11333731497;B
20241024;103317;836.3;1;11333731930;B
20241024;103322;836.3;1;11333732585;B
20241024;103326;836.3;1;11333733039;B
20241024;103329;836.3;1;11333733625;B
20241024;103337;836.3;1;11333734533;B
20241024;103408;836.3;1;11333736977;B
20241024;103410;836.3;4;11333737147;B
20241024;103410;836.3;1;11333737148;B
20241024;103427;836.4;3;11333738915;B
20241024;103440;836.4;10;11333740337;B
20241024;103446;836.3;6;11333741330;S
20241024;103511;836.3;1;11333744993;S
20241024;103553;836.3;1;11333749985;S
20241024;103600;836.4;5;11333750610;B
20241024;103600;836.4;1;11333750611;B
20241024;103600;836.4;4;11333750612;B
20241024;103603;836.4;6;11333750878;B
20241024;103606;836.4;2;11333751270;B
20241024;103608;836.4;1;11333751584;B
20241024;103653;836.4;1;11333757205;B
20241024;103701;836.3;1;11333757961;S
20241024;103701;836.3;1;11333757962;S
20241024;103701;836.3;1;11333757963;S
20241024;103701;836.3;1;11333757964;S
20241024;103701;836.3;1;11333757965;S
20241024;103701;836.3;1;11333757966;S
20241024;103701;836.3;1;11333757967;S
20241024;103701;836.3;3;11333757968;S
20241024;103713;836.2;2;11333759091;S
20241024;103713;836;8;11333759092;S
20241024;103716;836.4;1;11333759412;B
20241024;103722;836;4;11333760390;S
20241024;103722;836;2;11333760391;S
20241024;103722;836;1;11333760392;S
20241024;103722;836;2;11333760393;S
20241024;103722;836;1;11333760394;S
20241024;103731;835.9;1;11333761910;S
20241024;103738;836.2;1;11333762823;B
20241024;103740;835.9;8;11333763300;S
20241024;103740;835.9;4;11333763301;S
20241024;103740;835.9;2;11333763302;S
20241024;103740;835.9;2;11333763303;S
20241024;103740;835.6;5;11333763304;S
20241024;103740;835.5;5;11333763305;S
20241024;103740;835.1;6;11333763306;S
20241024;103740;835;3;11333763307;S
20241024;103740;835;1;11333763308;S
20241024;103740;835;4;11333763309;S
20241024;103740;835;1;11333763310;S
20241024;103740;835;5;11333763311;S
20241024;103740;835;2;11333763312;S
20241024;103740;835;10;11333763313;S
20241024;103740;835;1;11333763314;S
20241024;103740;835;1;11333763315;S
20241024;103740;834.9;5;11333763316;S
20241024;103740;834.7;3;11333763317;S
20241024;103740;834.5;1;11333763318;S
20241024;103740;834.5;1;11333763319;S
20241024;103740;834.5;1;11333763320;S
20241024;103740;834.5;2;11333763321;S
20241024;103740;834.3;22;11333763322;S
20241024;103740;834.3;16;11333763323;S
20241024;103740;834.3;1;11333763324;S
20241024;103740;834;1;11333763325;S
20241024;103740;834;1;11333763326;S
20241024;103740;833.7;60;11333763327;S
20241024;103740;833.7;60;11333763328;S
20241024;103740;833.6;45;11333763329;S
20241024;103740;833.4;5;11333763330;S
20241024;103740;833.4;16;11333763331;S
20241024;103819;835.9;1;11333768574;B
20241024;103825;835.3;1;11333769248;S
20241024;103836;836.2;1;11333772300;B
20241024;103849;835.3;1;11333775491;B
20241024;103855;834.4;1;11333776731;S
20241024;103922;833.5;1;11333784971;S
20241024;103936;834.1;1;11333787362;B
20241024;103936;834.2;1;11333787363;B
20241024;103936;834.2;3;11333787364;B
20241024;103936;834.3;15;11333787365;B
20241024;103946;834.2;1;11333789166;B
20241024;103946;834.3;2;11333789167;B
20241024;103946;834.3;1;11333789168;B
20241024;103946;834.9;3;11333789169;B
20241024;104004;834.8;3;11333791686;B
20241024;104012;834.9;1;11333793092;B
20241024;104016;834;1;11333793789;S
20241024;104035;834.5;1;11333797524;B
20241024;104041;834.8;1;11333798494;B
20241024;104042;834.8;2;11333798627;B
20241024;104042;834.9;8;11333798628;B
20241024;104042;834.9;8;11333798636;B
20241024;104042;835;2;11333798637;B
20241024;104042;835.1;1;11333798638;B
20241024;104042;835.1;2;11333798639;B
20241024;104042;835.2;10;11333798640;B
20241024;104042;835.6;7;11333798641;B
20241024;104059;835.4;2;11333801771;B
20241024;104108;835;3;11333802692;B
20241024;104202;834.9;1;11333809368;B
20241024;104206;834.9;1;11333809844;B
20241024;104209;834.9;4;11333810151;B
20241024;104209;834.9;1;11333810169;B
20241024;104233;834.9;1;11333813133;B
20241024;104250;835;7;11333815262;B
20241024;104313;835.3;2;11333818394;S
20241024;104313;835.2;1;11333818395;S
20241024;104313;835.1;5;11333818396;S
20241024;104313;835;43;11333818397;S
20241024;104313;835;5;11333818398;S
20241024;104313;834.5;7;11333818399;S
20241024;104313;834.4;75;11333818400;S
20241024;104313;834.3;10;11333818401;S
20241024;104313;834.2;5;11333818402;S
20241024;104313;833.9;2;11333818403;S
20241024;104319;833.9;2;11333819304;B
20241024;104325;833.9;1;11333819929;B
20241024;104332;833.9;1;11333820736;B
20241024;104336;833.9;5;11333821103;B
20241024;104340;833.9;1;11333821592;B
20241024;104352;833.9;646;11333823130;B
20241024;104352;833.9;20;11333823131;B
20241024;104352;834;11;11333823132;B
20241024;104352;835.6;60;11333823133;B
20241024;104352;836.2;119;11333823134;B
20241024;104352;836.3;63;11333823135;B
20241024;104352;836.3;61;11333823136;B
20241024;104356;835.9;2;11333824153;B
20241024;104403;836;4;11333824974;B
20241024;104409;834.8;3;11333825786;S
20241024;104409;836.4;2;11333825798;B
20241024;104409;836.2;7;11333825807;B
20241024;104409;836.2;3;11333825808;B
20241024;104430;836;1;11333828051;B
20241024;104430;836.1;20;11333828052;B
20241024;104450;835.2;1;11333832009;S
20241024;104457;835.9;1;11333834510;B
20241024;104511;835.8;1;11333836570;B
20241024;104541;835.4;1;11333865790;S
20241024;104541;835.4;1;11333865791;S
20241024;104541;835.3;2;11333865792;S
20241024;104541;835.3;4;11333865793;S
20241024;104541;835.2;3;11333865794;S
20241024;104559;835.9;4;11333881583;B
20241024;104615;835.9;11;11333896357;S
20241024;104615;835.5;6;11333896358;S
20241024;104615;835.4;6;11333896359;S
20241024;104615;835.2;22;11333896360;S
20241024;104618;836;1;11333898920;B
20241024;104620;836;4;11333900837;B
20241024;104623;836.1;1;11333903551;B
20241024;104648;835.4;1;11333930152;S
20241024;104658;835.3;4;11333941887;S
20241024;104658;835.3;1;11333941888;S
20241024;104706;836;1;11333949801;B
20241024;104706;836.1;1;11333949802;B
20241024;104706;836.1;3;11333950249;B
20241024;104706;836.2;3;11333950250;B
20241024;104708;836.3;1;11333952113;B
20241024;104714;836.3;1;11333957239;B
20241024;104804;836.3;4;11334011950;B
20241024;104807;835.8;1;11334015317;S
20241024;104807;835.7;1;11334015318;S
20241024;104807;835.4;5;11334015319;S
20241024;104807;835.3;27;11334015320;S
20241024;104807;835.3;5;11334015321;S
20241024;104807;835.2;1;11334015322;S
20241024;104809;836.3;1;11334017091;B
20241024;104820;836;1;11334028704;B
20241024;104822;836;4;11334030924;B
20241024;104900;835.3;11;11334067916;S
20241024;104900;835.2;47;11334067917;S
20241024;104906;835.9;2;11334073843;B
20241024;104906;835.9;1;11334073844;B
20241024;104906;835.9;13;11334073845;B
20241024;104906;836;41;11334073846;B
20241024;104918;836;1;11334085528;B
20241024;104929;836;1;11334097178;B
20241024;104945;835.5;1;11334115042;S
20241024;105016;836;2;11334146964;B
20241024;105016;836.3;1;11334146965;B
20241024;105016;836.3;7;11334146966;B
20241024;105023;835.6;1;11334154865;S
20241024;105046;835.6;6;11334180330;S
20241024;105104;835.6;1;11334200677;S
20241024;105104;835.6;9;11334200678;S
20241024;105106;835.8;1;11334203832;S
20241024;105106;835.7;4;11334203833;S
20241024;105109;836.2;1;11334206419;B
20241024;105123;836.2;1;11334220332;B
20241024;105130;836.3;1;11334227186;B
20241024;105130;836.3;7;11334227187;B
20241024;105131;836.3;2;11334228010;B
20241024;105140;836.3;1;11334235948;B
20241024;105140;836.3;5;11334235949;B
20241024;105140;836.4;2;11334235950;B
20241024;105150;836.4;10;11334245098;B
20241024;105155;836.4;1;11334249626;B
20241024;105203;835.8;1;11334258138;S
20241024;105203;835.8;6;11334258139;S
20241024;105203;835.6;3;11334258140;S
20241024;105213;835.8;3;11334267666;S
20241024;105237;835.7;106;11334293227;S
20241024;105310;835.7;1;11334330193;S
20241024;105340;835.6;1;11334360503;S
20241024;105423;835.6;1;11334405220;S
20241024;105426;835.7;1;11334408149;B
20241024;105436;835.7;1;11334416723;B
20241024;105531;836.2;1;11334474257;B
20241024;105554;836.3;1;11334498415;B
20241024;105621;836.3;1;11334526296;B
20241024;105624;836.3;1;11334529400;B
20241024;105644;836.3;1;11334551869;B
20241024;105727;835.8;20;11334592534;S
20241024;105748;835.8;1;11334613444;S
20241024;105814;835.9;1;11334640962;B
20241024;105815;836;2;11334641672;B
20241024;105833;836;1;11334660288;B
20241024;105842;836;5;11334670726;B
20241024;105908;836;1;11334698576;B
20241024;105911;836;1;11334701667;B
20241024;105913;836;1;11334703355;B
20241024;105946;836;2;11334739109;B
20241024;105952;835.7;1;11334744068;S
20241024;105952;835.7;1;11334744069;S
20241024;105952;835.6;2;11334744070;S
20241024;105952;835.6;1;11334744071;S
20241024;105952;835.5;9;11334744072;S
20241024;105952;835.5;31;11334744073;S
20241024;105952;835.5;8;11334744074;S
20241024;105952;835.4;4;11334744075;S
20241024;105952;835.3;3;11334744076;S
20241024;105958;836;1;11334749036;B
20241024;105959;836;5;11334750067;S
20241024;110004;836;1;11334754818;B
20241024;110008;836;10;11334758371;B
20241024;110008;836;2;11334758372;B
20241024;110040;836.1;10;11334789654;B
20241024;110042;835.5;1;11334791821;S
20241024;110042;835.4;1;11334791822;S
20241024;110042;835.3;1;11334791823;S
20241024;110042;835.2;43;11334791824;S
20241024;110045;836;1;11334795549;B
20241024;110121;836;1;11334832098;B
20241024;110142;836.1;1;11334852724;B
20241024;110143;836.1;1;11334854207;B
20241024;110154;836;1;11334865177;S
20241024;110209;836.1;1;11334879442;B
20241024;110219;836.1;1;11334889211;B
20241024;110221;836.1;4;11334891537;B
20241024;110229;836.1;1;11334899812;B
20241024;110231;836.1;31;11334900277;B
20241024;110231;836.1;10;11334900278;B
20241024;110237;836.2;70;11334906171;B
20241024;110237;836.3;12;11334906172;B
20241024;110237;836.3;81;11334906173;B
20241024;110237;836.4;37;11334906174;B
20241024;110237;836.4;1;11334906362;B
20241024;110237;836.4;32;11334906849;B
20241024;110237;836.4;57;11334906850;B
20241024;110238;838;2;11334907027;B
20241024;110238;838.4;1;11334907028;B
20241024;110251;837.5;1;11334919050;S
20241024;110251;837.5;1;11334919051;S
20241024;110305;838.4;2;11334929307;B
20241024;110320;838.4;2;11334940465;B
20241024;110337;838.4;1;11334956081;B
20241024;110342;838.6;1;11334960853;B
20241024;110342;838.7;1;11334960854;B
20241024;110351;838.3;1;11334968308;S
20241024;110351;838.2;1;11334968309;S
20241024;110351;837.1;2;11334968310;S
20241024;110351;837;1;11334968311;S
20241024;110351;837;1;11334968312;S
20241024;110439;838.1;1;11334980779;B
20241024;110439;838.2;1;11334980780;B
20241024;110444;838.2;1;11334981421;B
20241024;110521;838.2;2;11334986969;B
20241024;110534;838.2;1;11334989068;B
20241024;110534;838.6;1;11334989069;B
20241024;110552;838.7;2;11334991881;B
20241024;110705;838.6;1;11335003771;B
20241024;110714;838.6;1;11335005193;B
20241024;110731;838.6;1;11335009078;B
20241024;110738;838.6;1;11335010958;B
20241024;110746;838.2;1;11335012287;S
20241024;110746;838.2;4;11335012288;S
20241024;110746;838.2;1;11335012289;S
20241024;110807;838.2;1;11335016036;B
20241024;110816;838;1;11335017824;S
20241024;110820;838.2;1;11335018520;B
20241024;110835;838;1;11335021208;S
20241024;110835;838;1;11335021209;S
20241024;110847;838;2;11335023251;S
20241024;110847;838;1;11335023252;S
20241024;110847;837.9;1;11335023253;S
20241024;110847;837.3;1;11335023254;S
20241024;110922;838.1;1;11335029815;S
20241024;110922;838.1;1;11335029816;S
20241024;110926;838.1;1;11335030755;B
20241024;110931;838;1;11335031720;S
20241024;110931;838;5;11335031721;S
20241024;110944;837.9;1;11335033908;B
20241024;111042;837.4;3;11335044337;S
20241024;111052;837.9;1;11335046331;B
20241024;111104;837.9;2;11335048443;B
20241024;111130;837.9;2;11335053523;B
20241024;111140;837.9;3;11335055224;S
20241024;111144;837.4;2;11335055964;S
20241024;111206;837.9;1;11335059838;B
20241024;111207;837.3;2;11335060048;S
20241024;111220;837.3;3;11335062439;S
20241024;111220;837.1;4;11335062440;S
20241024;111220;837;1;11335062441;S
20241024;111225;837.5;3;11335063362;B
20241024;111225;837.6;5;11335063363;B
20241024;111225;837.6;3;11335063364;B
20241024;111225;837.8;50;11335063365;B
20241024;111225;838;58;11335063366;B
20241024;111225;838;36;11335063369;B
20241024;111225;838.1;4;11335063370;B
20241024;111225;838.2;4;11335063371;B
20241024;111225;838.7;2;11335063372;B
20241024;111225;838.9;1;11335063373;B
20241024;111225;838.9;60;11335063374;B
20241024;111225;839;191;11335063375;B
20241024;111226;839.3;16;11335063641;B
20241024;111227;839.7;1;11335063788;B
20241024;111227;839.7;7;11335063844;B
20241024;111229;840;2;11335064231;B
20241024;111229;840;3;11335064232;B
20241024;111230;840;5;11335064269;B
20241024;111230;840.3;1;11335064347;B
20241024;111230;840.3;1;11335064374;B
20241024;111230;840.3;5;11335064405;B
20241024;111231;840.3;1;11335064434;B
20241024;111231;840.3;4;11335064442;B
20241024;111231;840.4;1;11335064443;B
20241024;111231;840.4;1;11335064453;B
20241024;111231;840.4;18;11335064461;B
20241024;111231;840.4;6;11335064462;B
20241024;111231;840.4;120;11335064466;B
20241024;111231;840.4;4;11335064533;B
20241024;111231;840.5;1;11335064534;B
20241024;111231;840.7;6;11335064579;B
20241024;111231;840.8;1;11335064580;B
20241024;111231;841.6;97;11335064581;B
20241024;111231;841.7;16;11335064582;B
20241024;111231;841.7;80;11335064583;B
20241024;111241;841.3;1;11335066283;S
20241024;111245;841.3;9;11335066951;S
20241024;111245;841.2;4;11335066952;S
20241024;111247;840.8;3;11335067239;S
20241024;111254;840.8;8;11335068724;B
20241024;111257;840;7;11335069175;S
20241024;111301;840.8;2;11335070023;S
20241024;111304;841.2;1;11335070481;B
20241024;111304;841.5;5;11335070482;B
20241024;111309;840.9;1;11335071313;S
20241024;111329;841.5;1;11335074910;B
20241024;111339;841.6;3;11335076627;B
20241024;111339;841.7;1;11335076628;B
20241024;111406;841.6;1;11335081763;B
20241024;111411;841.1;1;11335082898;B
20241024;111441;841.5;5;11335088465;B
20241024;111441;841.6;4;11335088466;B
20241024;111441;841.8;23;11335088467;B
20241024;111511;841.8;27;11335094447;B
20241024;111511;842;2;11335094448;B
20241024;111511;842;9;11335094449;B
20241024;111511;842.3;16;11335094450;B
20241024;111511;842.7;1;11335094451;B
20241024;111511;842.7;4;11335094452;B
20241024;111512;842.7;20;11335094643;B
20241024;111512;842.7;20;11335094644;B
20241024;111512;842.8;8;11335094645;B
20241024;111512;842.8;60;11335094646;B
20241024;111512;842.9;42;11335094647;B
20241024;111512;843;5;11335094749;B
20241024;111512;843;5;11335094750;B
20241024;111512;843;70;11335094763;B
20241024;111512;843.6;1;11335094764;B
20241024;111513;843.7;2;11335094807;B
20241024;111513;843.9;68;11335094815;B
20241024;111513;844;2;11335094816;B
20241024;111513;844.5;50;11335094817;B
20241024;111513;844.5;1;11335094818;B
20241024;111513;844.7;1;11335094819;B
20241024;111513;845;1;11335094820;B
20241024;111513;845;3;11335094821;B
20241024;111513;845;5;11335094822;B
20241024;111513;845.2;1;11335094823;B
20241024;111513;845.3;16;11335094824;B
20241024;111513;845.9;20;11335094825;B
20241024;111513;846;32;11335094826;B
20241024;111514;845.7;6;11335094973;B
20241024;111514;845.8;150;11335094974;B
20241024;111514;845.9;44;11335094975;B
20241024;111514;845.9;5;11335095028;B
20241024;111516;846;59;11335095193;B
20241024;111516;845.9;5;11335095277;B
20241024;111519;844.2;5;11335095584;S
20241024;111519;844.1;1;11335095714;S
20241024;111520;844.2;20;11335095870;S
20241024;111520;844.2;20;11335095871;S
20241024;111521;844;12;11335095959;S
20241024;111521;844;20;11335095960;S
20241024;111521;843.9;118;11335095961;S
20241024;111522;843.7;10;11335096046;S
20241024;111523;843.7;14;11335096187;S
20241024;111529;843.7;5;11335097024;B
20241024;111530;843.7;54;11335097069;B
20241024;111530;844.2;36;11335097070;B
20241024;111530;845;16;11335097071;B
20241024;111530;845.1;11;11335097072;B
20241024;111530;845.1;71;11335097073;B
20241024;111530;845.5;12;11335097074;B
20241024;111531;845.4;20;11335097227;B
20241024;111531;845.4;20;11335097228;B
20241024;111531;845.9;18;11335097229;B
20241024;111535;844.4;2;11335097830;S
20241024;111536;845.5;11;11335097895;B
20241024;111548;845;5;11335099668;B
20241024;111549;844.2;1;11335099823;B
20241024;111549;845;3;11335099824;B
20241024;111550;845.3;1;11335099828;S
20241024;111602;844.2;1;11335101796;B
20241024;111603;844.2;4;11335101821;S
20241024;111603;843.9;6;11335101822;S
20241024;111611;844.1;1;11335103085;S
20241024;111611;843.6;4;11335103086;S
20241024;111631;844.8;1;11335105452;B
20241024;111631;844.8;4;11335105453;B
20241024;111631;844.8;5;11335105472;B
20241024;111632;844.8;5;11335105488;B
20241024;111632;844.9;1;11335105502;B
20241024;111632;845;4;11335105503;B
20241024;111632;845;5;11335105537;B
20241024;111632;845;5;11335105546;B
20241024;111632;845;5;11335105556;B
20241024;111632;845;5;11335105580;B
20241024;111633;845.5;5;11335105594;B
20241024;111633;844.8;5;11335105634;B
20241024;111633;844.8;5;11335105641;B
20241024;111633;844.8;5;11335105698;B
20241024;111633;844.8;5;11335105713;B
20241024;111633;844.8;1;11335105721;B
20241024;111637;844.2;1;11335106260;S
20241024;111637;843.6;3;11335106261;S
20241024;111637;843.3;1;11335106262;S
20241024;111637;843.1;35;11335106263;S
20241024;111642;844.3;1;11335106994;B
20241024;111642;844.7;4;11335106995;B
20241024;111642;844.7;2;11335107013;B
20241024;111642;844.7;3;11335107014;B
20241024;111644;844.7;5;11335107283;B
20241024;111646;844.7;5;11335107451;B
20241024;111649;844.8;5;11335107973;B
20241024;111653;844.5;5;11335108541;S
20241024;111655;844.4;3;11335108825;S
20241024;111655;844.4;2;11335108845;S
20241024;111657;844.4;5;11335109070;S
20241024;111658;844.5;1;11335109240;B
20241024;111705;844.4;5;11335109999;B
20241024;111709;844.3;5;11335110543;B
20241024;111709;844.3;8;11335110544;B
20241024;111741;844.5;15;11335114808;B
20241024;111749;844.5;1;11335115975;B
20241024;111753;844.5;1;11335116519;B
20241024;111757;844;1;11335117037;S
20241024;111800;844;1;11335117464;S
20241024;111814;844;1;11335119366;S
20241024;111814;843.9;5;11335119367;S
20241024;111814;843.9;5;11335119368;S
20241024;111814;843.8;5;11335119369;S
20241024;111814;843.2;2;11335119370;S
20241024;111814;843;2;11335119371;S
20241024;111814;842.9;35;11335119372;S
20241024;111814;842.9;60;11335119373;S
20241024;111814;842.8;70;11335119374;S
20241024;111814;842.8;80;11335119375;S
20241024;111814;842.6;1;11335119376;S
20241024;111814;842.1;49;11335119377;S
20241024;111834;842.8;5;11335121931;S
20241024;111834;842.5;2;11335121932;S
20241024;111834;842.4;1;11335121933;S
20241024;111834;842;1;11335121934;S
20241024;111834;841.9;1;11335121935;S
20241024;111834;841.8;35;11335121936;B
20241024;111834;841.8;13;11335122031;B
20241024;111855;844;12;11335124682;B
20241024;111855;844.1;5;11335124683;B
20241024;111855;844.2;13;11335124684;B
20241024;111915;844;1;11335127152;S
20241024;111919;844.5;47;11335127600;B
20241024;111919;844.6;33;11335127601;B
20241024;111921;843.6;16;11335127957;S
20241024;111921;843.6;20;11335127958;S
20241024;111921;843.6;20;11335127959;S
20241024;111921;843.3;5;11335127960;S
20241024;111921;842;6;11335127961;S
20241024;111921;841.9;5;11335127962;S
20241024;111921;841.9;2;11335127963;S
20241024;111921;841.7;25;11335127964;S
20241024;111950;842.9;2;11335130563;S
20241024;111955;843.8;1;11335130960;B
20241024;112039;842.9;1;11335135073;B
20241024;112049;842.9;1;11335135806;B
20241024;112057;842.4;1;11335136332;S
20241024;112057;842.3;3;11335136333;S
20241024;112057;842.2;5;11335136334;S
20241024;112059;842.8;2;11335136400;B
20241024;112101;842;3;11335136635;S
20241024;112101;842;7;11335136636;S
20241024;112106;841.8;1;11335137162;S
20241024;112120;842;10;11335138291;S
20241024;112120;842;13;11335138292;S
20241024;112120;842;2;11335138293;S
20241024;112125;842;10;11335138791;S
20241024;112128;842.8;1;11335138918;B
20241024;112132;842.9;1;11335139209;S
20241024;112158;843.4;1;11335141599;B
20241024;112158;843.5;3;11335141600;B
20241024;112158;843.6;7;11335141601;B
20241024;112158;843.6;3;11335141602;B
20241024;112159;844;4;11335141613;S
20241024;112159;843.9;33;11335141614;S
20241024;112219;842.8;4;11335143263;S
20241024;112300;842.9;1;11335146799;S
20241024;112346;843.4;1;11335150006;B
20241024;112420;843.4;5;11335152906;S
20241024;112433;843.5;3;11335154177;S
20241024;112434;843.4;4;11335154240;S
20241024;112454;842.8;1;11335156058;S
20241024;112458;843.5;1;11335156493;B
20241024;112503;842.8;1;11335156942;S
20241024;112558;843.5;1;11335161669;B
20241024;112612;843.5;1;11335162679;B
20241024;112614;843.5;19;11335162781;B
20241024;112614;843.5;2;11335162782;B
20241024;112614;843.5;2;11335162783;B
20241024;112616;843.5;1;11335163016;S
20241024;112623;843.5;50;11335163447;S
20241024;112627;843.5;9;11335163940;S
20241024;112721;843.5;92;11335168122;S
20241024;112756;843.5;6;11335171035;B
20241024;112805;843.5;18;11335171705;B
20241024;112805;843.5;7;11335171706;B
20241024;112812;843.6;1;11335172204;B
20241024;112827;843.6;1;11335173298;B
20241024;112843;843.6;90;11335174826;B
20241024;112914;844;10;11335178281;B
20241024;112946;843.6;1;11335181365;S
20241024;112948;844;5;11335181503;B
20241024;112957;844;1;11335182228;B
20241024;113002;844;50;11335182638;B
20241024;113020;844;2;11335183953;B
20241024;113046;844;5;11335185895;B
20241024;113102;844;2;11335187313;B
20241024;113122;844;1;11335188767;B
20241024;113126;843.7;1;11335189051;S
20241024;113154;844;1;11335191296;B
20241024;113202;843.7;1;11335191985;S
20241024;113202;843.6;9;11335191986;S
20241024;113202;843.6;44;11335191987;S
20241024;113237;843.6;6;11335194982;S
20241024;113309;843.9;1;11335197660;B
20241024;113325;843.6;50;11335198866;S
20241024;113338;844;2;11335200026;B
20241024;113338;844;2;11335200040;B
20241024;113340;844;5;11335200337;B
20241024;113421;843.6;2;11335203390;S
20241024;113422;843.5;7;11335203429;S
20241024;113428;843.4;6;11335204140;B
20241024;113428;843.5;4;11335204141;B
20241024;113429;843;1;11335204252;S
20241024;113504;843;1;11335207275;S
20241024;113508;843.4;1;11335207693;B
20241024;113526;842.9;1;11335209062;S
20241024;113603;843;1;11335212703;S
20241024;113603;842.9;2;11335212704;S
20241024;113607;842.9;2;11335213111;S
20241024;113608;843.3;1;11335213239;B
20241024;113608;843.4;3;11335213240;B
20241024;113608;843.5;28;11335213241;B
20241024;113608;843.5;3;11335213242;B
20241024;113608;843.6;34;11335213243;B
20241024;113621;843.6;1;11335214472;B
20241024;113622;843.6;5;11335214524;B
20241024;113638;843.6;1;11335215918;B
20241024;113641;843.6;1;11335216155;B
20241024;113646;843.6;20;11335216547;B
20241024;113648;843.1;1;11335216700;S
20241024;113648;843;9;11335216701;S
20241024;113648;842.9;15;11335216702;S
20241024;113714;842.9;1;11335218964;S
20241024;113751;842.9;3;11335222014;S
20241024;113849;843;1;11335227478;S
20241024;113901;843;4;11335228544;B
20241024;113901;843.2;1;11335228545;B
20241024;113930;843;4;11335232553;B
20241024;113944;843;1;11335234424;S
20241024;114015;842.9;6;11335241719;S
20241024;114015;842.9;2;11335241720;S
20241024;114021;842.9;1;11335242755;B
20241024;114031;842.9;1;11335243666;B
20241024;114124;843.3;1;11335250864;B
20241024;114140;843.4;1;11335251910;B
20241024;114147;843.4;1;11335252430;B
20241024;114156;843.4;1;11335253038;B
20241024;114156;843.5;1;11335253039;B
20241024;114159;843.5;1;11335253225;B
20241024;114159;843.6;63;11335253226;B
20241024;114159;843.6;160;11335253233;B
20241024;114159;843.6;4;11335253234;B
20241024;114159;843.7;2;11335253235;B
20241024;114159;843.8;2;11335253236;B
20241024;114159;843.9;47;11335253237;B
20241024;114159;844;23;11335253238;B
20241024;114159;844;50;11335253239;B
20241024;114159;844;2;11335253240;B
20241024;114159;844.8;5;11335253241;B
20241024;114159;844.8;295;11335253242;B
20241024;114159;844.9;181;11335253243;B
20241024;114159;845;3;11335253244;B
20241024;114201;845.1;20;11335253420;S
20241024;114201;845.1;12;11335253421;S
20241024;114215;845.3;3;11335254459;S
20241024;114220;845.8;2;11335254846;B
20241024;114237;845.8;1;11335256609;B
20241024;114241;845.8;6;11335257297;B
20241024;114241;845.8;4;11335257298;B
20241024;114317;845.9;1;11335260418;B
20241024;114334;845.8;19;11335261790;S
20241024;114334;845.6;1;11335261791;S
20241024;114334;845.4;2;11335261792;S
20241024;114334;845.3;14;11335261793;S
20241024;114339;845.9;1;11335262086;B
20241024;114415;845.3;1;11335265047;S
20241024;114415;845.3;1;11335265048;S
20241024;114415;845.3;3;11335265049;S
20241024;114415;845.3;7;11335265050;S
20241024;114415;845.3;5;11335265051;S
20241024;114415;845.3;20;11335265052;S
20241024;114415;845.2;60;11335265053;S
20241024;114415;845.2;1;11335265054;S
20241024;114415;845.1;5;11335265055;S
20241024;114415;845.1;3;11335265056;S
20241024;114415;845.1;74;11335265057;S
20241024;114415;845.1;1;11335265058;S
20241024;114415;845;176;11335265059;S
20241024;114419;845.5;5;11335265320;B
20241024;114422;845.6;7;11335265623;B
20241024;114444;845.6;1;11335267734;B
20241024;114444;845.7;3;11335267735;B
20241024;114444;845.7;1;11335267736;B
20241024;114444;845.7;1;11335267737;B
20241024;114444;845.8;2;11335267738;B
20241024;114456;845.3;2;11335269059;S
20241024;114456;845.2;1;11335269060;S
20241024;114456;845.2;3;11335269061;S
20241024;114456;845.1;1;11335269062;S
20241024;114456;845.1;5;11335269063;S
20241024;114500;845.7;1;11335269644;B
20241024;114507;845.7;1;11335270335;B
20241024;114507;845.6;1;11335270399;B
20241024;114533;845.6;1;11335273069;B
20241024;114549;845.7;1;11335274231;B
20241024;114549;845.7;1;11335274232;B
20241024;114549;845.8;1;11335274233;B
20241024;114549;845.8;1;11335274234;B
20241024;114549;845.8;60;11335274235;B
20241024;114549;845.9;1;11335274236;B
20241024;114549;845.9;69;11335274237;B
20241024;114549;845.9;1;11335274238;B
20241024;114549;846;489;11335274239;B
20241024;114549;846;235;11335274240;B
20241024;114549;846;50;11335274241;B
20241024;114549;846;1;11335274242;B
20241024;114549;846;115;11335274243;B
20241024;114551;846.8;5;11335274451;B
20241024;114551;847;4;11335274452;B
20241024;114551;847;10;11335274453;B
20241024;114552;847.1;1;11335274558;B
20241024;114558;847;13;11335274971;S
20241024;114615;847.1;3;11335276315;B
20241024;114615;847.4;6;11335276316;B
20241024;114617;847.7;8;11335276450;B
20241024;114617;847.9;5;11335276451;B
20241024;114617;847.9;1;11335276452;B
20241024;114617;848;1;11335276453;B
20241024;114617;848;10;11335276454;B
20241024;114624;848;2;11335276986;B
20241024;114640;848.2;12;11335277983;B
20241024;114640;848.3;1;11335277984;B
20241024;114640;848.3;1;11335277985;B
20241024;114640;848.3;12;11335277986;B
20241024;114640;848.5;1;11335277987;B
20241024;114640;848.5;1;11335277988;B
20241024;114640;848.6;14;11335277989;B
20241024;114640;848.6;900;11335277990;B
20241024;114640;848.7;1;11335277991;B
20241024;114640;848.8;9;11335277992;B
20241024;114640;848.8;5;11335277993;B
20241024;114640;848.8;10;11335277994;B
20241024;114640;848.9;7;11335277995;B
20241024;114640;848.9;9;11335278064;B
20241024;114640;849;1;11335278065;B
20241024;114640;849.2;18;11335278066;B
20241024;114640;849.5;20;11335278067;B
20241024;114640;849.8;1;11335278068;B
20241024;114640;849.8;1;11335278069;B
20241024;114640;849.9;1;11335278070;B
20241024;114640;850;10;11335278071;B
20241024;114640;850;1;11335278072;B
20241024;114640;850;1;11335278073;B
20241024;114640;850;1;11335278074;B
20241024;114640;850;8;11335278075;B
20241024;114640;850;1;11335278076;B
20241024;114640;850;1;11335278077;B
20241024;114640;850;2;11335278078;B
20241024;114640;850.2;13;11335278079;B
20241024;114641;850.2;11;11335278283;B
20241024;114641;850.2;1;11335278284;B
20241024;114641;850.4;1;11335278285;B
20241024;114641;850.6;1;11335278286;B
20241024;114641;850.7;29;11335278287;B
20241024;114641;850.7;45;11335278462;B
20241024;114641;850.7;20;11335278463;B
20241024;114641;850.7;20;11335278464;B
20241024;114641;850.8;1;11335278465;B
20241024;114641;851;1;11335278466;B
20241024;114641;851;10;11335278467;B
20241024;114641;851.1;43;11335278468;B
20241024;114641;851.1;7;11335278520;B
20241024;114641;851.2;1;11335278521;B
20241024;114641;851.3;1;11335278522;B
20241024;114641;851.4;1;11335278523;B
20241024;114641;851.5;41;11335278579;B
20241024;114641;851.6;1;11335278580;B
20241024;114641;851.8;1;11335278581;B
20241024;114641;852;1;11335278582;B
20241024;114641;852.1;1;11335278583;B
20241024;114641;852.2;1;11335278584;B
20241024;114641;852.3;1;11335278585;B
20241024;114641;852.4;1;11335278586;B
20241024;114641;852.6;1;11335278587;B
20241024;114641;852.8;80;11335278588;B
20241024;114641;852.9;1;11335278589;B
20241024;114641;852.9;54;11335278590;B
20241024;114641;853.1;1;11335278591;B
20241024;114641;853.3;1;11335278592;B
20241024;114641;853.5;1;11335278593;B
20241024;114641;853.7;1;11335278594;B
20241024;114641;853.9;1;11335278595;B
20241024;114641;853.9;171;11335278596;B
20241024;114641;851.9;1;11335278599;S
20241024;114642;853.9;2;11335278851;B
20241024;114642;852.2;5;11335278918;S
20241024;114642;852.2;13;11335279012;S
20241024;114642;852.3;4;11335279015;S
20241024;114643;852.4;10;11335279022;S
20241024;114643;853;6;11335279055;B
20241024;114649;852.5;2;11335279500;S
20241024;114649;852.4;4;11335279501;S
20241024;114649;852.4;2;11335279502;S
20241024;114649;852.2;42;11335279503;S
20241024;114650;852.7;1;11335279598;B
20241024;114654;852.5;11;11335279837;S
20241024;114654;852.8;9;11335279883;B
20241024;114700;852;5;11335280306;S
20241024;114701;852.5;20;11335280381;B
20241024;114701;852.6;3;11335280382;B
20241024;114701;852.9;1;11335280383;B
20241024;114701;853.2;1;11335280384;B
20241024;114701;853.4;16;11335280385;B
20241024;114701;853.4;38;11335280386;B
20241024;114701;853.5;21;11335280387;B
20241024;114701;852.4;2;11335280405;B
20241024;114701;852.3;2;11335280414;S
20241024;114706;853.6;2;11335280751;B
20241024;114708;853.8;10;11335280862;B
20241024;114708;853.9;3;11335280863;B
20241024;114708;854.3;1;11335280864;B
20241024;114708;854.3;6;11335280865;B
20241024;114708;855;5;11335280866;B
20241024;114708;855;1;11335280867;B
20241024;114708;856;2;11335280868;B
20241024;114708;856.4;60;11335280869;B
20241024;114708;856.5;12;11335280870;B
20241024;114708;854.1;2;11335280889;S
20241024;114708;854.1;8;11335280890;S
20241024;114709;856.4;12;11335280958;B
20241024;114714;856.4;1;11335281263;B
20241024;114714;856.5;13;11335281264;B
20241024;114714;856.8;2;11335281265;B
20241024;114714;857;2;11335281266;B
20241024;114714;857;1;11335281267;B
20241024;114714;857.3;1;11335281268;B
20241024;114714;857.3;7;11335281269;B
20241024;114714;857.3;3;11335281270;B
20241024;114714;858.3;6;11335281271;B
20241024;114714;858.8;10;11335281272;B
20241024;114714;859;1;11335281273;B
20241024;114714;859.5;25;11335281274;B
20241024;114714;859.7;25;11335281275;B
20241024;114714;859.8;2;11335281276;B
20241024;114714;860;1;11335281277;B
20241024;114715;857.6;1;11335281311;S
20241024;114718;857;3;11335281615;B
20241024;114719;857.4;12;11335281698;S
20241024;114719;857.4;12;11335281699;S
20241024;114719;857.3;3;11335281700;S
20241024;114719;857.3;3;11335281701;S
20241024;114720;856.9;20;11335281742;S
20241024;114720;855.5;3;11335281751;S
20241024;114721;856.7;1;11335281843;B
20241024;114721;856.8;3;11335281844;B
20241024;114721;856.9;1;11335281845;B
20241024;114723;856.8;1;11335281977;B
20241024;114723;856.9;29;11335281978;B
20241024;114729;857.1;7;11335282407;S
20241024;114731;857;1;11335282540;S
20241024;114732;857.5;1;11335282787;B
20241024;114732;857.3;1;11335282788;S
20241024;114734;857.1;3;11335283561;S
20241024;114736;857.2;2;11335284537;S
20241024;114736;856.9;8;11335284538;S
20241024;114736;856.9;35;11335284539;B
20241024;114736;856.9;64;11335284540;B
20241024;114740;856.9;158;11335285657;B
20241024;114740;858.6;1;11335285658;B
20241024;114740;858.6;1;11335285659;B
20241024;114740;858.6;5;11335285660;B
20241024;114740;858.8;2;11335285661;B
20241024;114740;859.6;50;11335285662;B
20241024;114740;859.7;1;11335285663;B
20241024;114740;859.8;5;11335285664;B
20241024;114740;859.9;2;11335285665;B
20241024;114740;860;8;11335285666;B
20241024;114743;858;10;11335285887;B
20241024;114746;857.5;13;11335286262;S
20241024;114746;857.4;12;11335286263;S
20241024;114747;857.4;61;11335286408;S
20241024;114747;856.1;2;11335286471;S
20241024;114747;856;3;11335286472;S
20241024;114748;855.5;1;11335286946;S
20241024;114752;856.2;1;11335287594;B
20241024;114757;856.3;1;11335287889;B
20241024;114806;855.8;1;11335288879;S
20241024;114806;855.6;60;11335288880;S
20241024;114806;855.5;90;11335288881;S
20241024;114810;855.5;50;11335290097;S
20241024;114812;856;1;11335290354;B
20241024;114812;856.1;1;11335290355;B
20241024;114815;855.6;15;11335290646;S
20241024;114815;855.5;85;11335290647;S
20241024;114816;855.6;2;11335290735;S
20241024;114816;855.5;23;11335290736;S
20241024;114824;855.6;1;11335291459;S
20241024;114824;855.5;99;11335291460;S
20241024;114825;855.7;1;11335291517;B
20241024;114825;855.5;8;11335291518;S
20241024;114825;855.5;98;11335291522;S
20241024;114825;855.5;1;11335291530;S
20241024;114826;855.5;35;11335291621;S
20241024;114826;855.5;11;11335291652;S
20241024;114828;853.9;1;11335291810;S
20241024;114828;853.8;11;11335291811;S
20241024;114828;853.6;38;11335291812;S
20241024;114834;854.4;8;11335292582;B
20241024;114834;854.4;5;11335292795;B
20241024;114850;854.9;1;11335294504;B
20241024;114856;854.2;12;11335295797;S
20241024;114856;854.2;1;11335295798;S
20241024;114856;854.1;1;11335295799;S
20241024;114856;854;5;11335295800;S
20241024;114857;854;16;11335295909;B
20241024;114858;853.9;17;11335295951;B
20241024;114903;854;10;11335296392;B
20241024;114904;854;15;11335296393;B
20241024;114930;853.8;1;11335298197;S
20241024;114936;854.8;1;11335298573;B
20241024;114936;854.8;20;11335298574;B
20241024;114936;854.8;20;11335298575;B
20241024;114936;854.9;1;11335298576;B
20241024;114936;855;3;11335298577;B
20241024;114936;855;55;11335298578;B
20241024;114950;854.2;1;11335299692;S
20241024;115021;853.8;1;11335301974;S
20241024;115023;853.8;3;11335302199;S
20241024;115023;853.2;1;11335302200;S
20241024;115025;853.9;1;11335302411;B
20241024;115045;853.7;1;11335304899;S
20241024;115102;853.6;1;11335306195;S
20241024;115102;853.5;1;11335306196;S
20241024;115108;853.5;4;11335306681;B
20241024;115116;853.4;5;11335307207;S
20241024;115116;853.2;3;11335307236;S
20241024;115116;853.2;1;11335307237;S
20241024;115116;853;1;11335307239;S
20241024;115117;852.9;1;11335307257;S
20241024;115117;852.9;1;11335307258;S
20241024;115117;852.3;1;11335307259;S
20241024;115117;852.2;1;11335307260;S
20241024;115117;851.9;1;11335307261;S
20241024;115117;851.6;60;11335307262;S
20241024;115117;851.5;35;11335307263;S
20241024;115129;852.1;11;11335308129;S
20241024;115129;852.1;45;11335308130;S
20241024;115129;852.1;18;11335308131;S
20241024;115133;852.3;2;11335308365;B
20241024;115140;852.2;1;11335308846;S
20241024;115142;852.2;1;11335308950;S
20241024;115142;852.1;1;11335308951;S
20241024;115142;852.1;1;11335308952;S
20241024;115142;852;1;11335308953;S
20241024;115142;852;11;11335308954;B
20241024;115142;852.2;1;11335308987;S
20241024;115151;852.1;1;11335310611;S
20241024;115151;852.1;2;11335310612;S
20241024;115157;852.2;1;11335310952;B
20241024;115158;852.3;23;11335311023;B
20241024;115200;853.1;1;11335311153;B
20241024;115201;853.1;10;11335311185;B
20241024;115205;852.4;1;11335311524;S
20241024;115205;851.9;8;11335311525;S
20241024;115205;851.8;224;11335311526;S
20241024;115220;851.8;43;11335312522;S
20241024;115220;851.8;7;11335312523;S
20241024;115227;852.5;4;11335312986;B
20241024;115227;852.5;5;11335313005;B
20241024;115227;852.5;1;11335313036;B
20241024;115239;852.5;1;11335313952;B
20241024;115254;852.8;1;11335315038;B
20241024;115256;851.8;1;11335315141;S
20241024;115256;851;1;11335315142;S
20241024;115256;850.8;1;11335315143;S
20241024;115256;850.7;1;11335315144;S
20241024;115256;850.3;104;11335315145;S
20241024;115256;850.2;50;11335315146;S
20241024;115256;850;2;11335315147;S
20241024;115256;850;30;11335315148;S
20241024;115256;849.9;39;11335315149;S
20241024;115257;850;2;11335315199;S
20241024;115300;851.2;6;11335315635;B
20241024;115327;850.8;1;11335317755;B
20241024;115329;850.1;1;11335317904;S
20241024;115329;849.9;1;11335317905;S
20241024;115329;849.8;18;11335317906;S
20241024;115342;850.2;10;11335319839;S
20241024;115350;850.1;3;11335320770;S
20241024;115359;850.5;1;11335321453;B
20241024;115359;850.6;5;11335321455;B
20241024;115403;850.9;10;11335321812;B
20241024;115404;851;1;11335321941;B
20241024;115404;850.6;1;11335321943;S
20241024;115404;851;22;11335321997;B
20241024;115406;851;27;11335322072;B
20241024;115409;851.3;5;11335322267;S
20241024;115409;851.2;5;11335322268;S
20241024;115409;851.2;8;11335322269;S
20241024;115429;852.1;2;11335323555;B
20241024;115432;850.9;6;11335323908;S
20241024;115432;850.9;20;11335323909;S
20241024;115432;850.6;1;11335323910;S
20241024;115432;850.5;3;11335323911;S
20241024;115515;851.3;1;11335328110;S
20241024;115515;851.2;50;11335328111;S
20241024;115515;851.2;1;11335328112;S
20241024;115515;851.1;1;11335328113;S
20241024;115515;851;1;11335328114;S
20241024;115515;851;1;11335328115;S
20241024;115515;850.7;1;11335328116;S
20241024;115515;850.6;1;11335328117;S
20241024;115515;850.6;1;11335328118;S
20241024;115515;850.3;1;11335328119;S
20241024;115515;850;1;11335328120;S
20241024;115515;849.9;1;11335328121;S
20241024;115515;849.9;47;11335328122;S
20241024;115515;849.8;261;11335328123;S
20241024;115515;849.7;31;11335328124;S
20241024;115551;850.4;1;11335330858;S
20241024;115551;850.2;1;11335330859;S
20241024;115551;850.1;1;11335330860;S
20241024;115551;850.1;1;11335330861;S
20241024;115551;849.9;1;11335330862;S
20241024;115627;850;30;11335333353;B
20241024;115650;850.4;1;11335334858;S
20241024;115650;850.3;1;11335334859;S
20241024;115654;850.5;4;11335335189;B
20241024;115757;850.8;1;11335339830;B
20241024;115757;851;1;11335339831;B
20241024;115757;851;4;11335339832;B
20241024;115802;850.8;1;11335340179;S
20241024;115802;850.2;1;11335340180;S
20241024;115802;850.1;1;11335340181;S
20241024;115802;849.9;12;11335340182;S
20241024;115814;850.9;1;11335341076;B
20241024;115814;851;1;11335341093;B
20241024;115846;850.8;1;11335343302;B
20241024;115855;850.2;1;11335343767;S
20241024;115855;849.9;2;11335343768;S
20241024;115924;851;1;11335346364;B
20241024;115924;851;1;11335346365;B
20241024;115956;851;1;11335348829;B
20241024;115956;851.1;7;11335348830;B
20241024;120102;850.9;8;11335354265;B
20241024;120102;850.9;4;11335354266;B
20241024;120134;850.5;1;11335356527;S
20241024;120134;850.5;4;11335356528;S
20241024;120134;850.5;1;11335356529;S
20241024;120134;850.5;2;11335356530;S
20241024;120136;850.9;4;11335356661;B
20241024;120154;850.7;1;11335358039;S
20241024;120200;850.9;1;11335358526;B
20241024;120228;850.9;1;11335360644;B
20241024;120242;850.9;2;11335361747;B
20241024;120242;851;1;11335361748;B
20241024;120242;851;2;11335361749;B
20241024;120302;850.9;1;11335363236;B
20241024;120305;851;1;11335363711;B
20241024;120305;851;1;11335363712;B
20241024;120309;850.7;1;11335364098;S
20241024;120309;850.7;2;11335364099;S
20241024;120309;850.6;50;11335364100;S
20241024;120309;850.6;10;11335364101;S
20241024;120309;850.6;2;11335364102;S
20241024;120309;849.9;1;11335364103;S
20241024;120309;849.7;11;11335364104;S
20241024;120328;849.8;1;11335365976;S
20241024;120346;849.8;1;11335367137;S
20241024;120411;849.7;1;11335369608;S
20241024;120424;849.9;1;11335370709;S
20241024;120426;849.9;1;11335370910;S
20241024;120426;849.7;3;11335370911;S
20241024;120429;849.7;4;11335371140;S
20241024;120429;849.6;1;11335371141;S
20241024;120429;849.5;1;11335371142;S
20241024;120429;849.5;1;11335371143;S
20241024;120429;849.5;1;11335371144;S
20241024;120429;849.3;1;11335371145;S
20241024;120429;849.1;1;11335371146;S
20241024;120429;848.8;1;11335371147;S
20241024;120429;848.8;2;11335371148;S
20241024;120429;848.7;1;11335371149;S
20241024;120429;848.7;15;11335371150;S
20241024;120429;848.6;4;11335371151;S
20241024;120429;848.5;17;11335371152;S
20241024;120457;850.2;1;11335373392;B
20241024;120457;850.7;1;11335373393;B
20241024;120457;850.9;1;11335373394;B
20241024;120457;850.9;4;11335373395;B
20241024;120457;850.9;60;11335373396;B
20241024;120457;851;1;11335373397;B
20241024;120457;851;80;11335373398;B
20241024;120457;851.1;17;11335373399;B
20241024;120457;851.4;1;11335373400;B
20241024;120457;851.5;8;11335373401;B
20241024;120457;851.8;1;11335373402;B
20241024;120457;851.9;2;11335373403;B
20241024;120457;851.9;70;11335373404;B
20241024;120457;852;2;11335373405;B
20241024;120457;852;10;11335373406;B
20241024;120457;852;1;11335373407;B
20241024;120457;852.3;3;11335373408;B
20241024;120457;852.4;37;11335373409;B
20241024;120457;852;1;11335373432;B
20241024;120507;850.3;1;11335374407;S
20241024;120511;851.7;8;11335374620;B
20241024;120513;851.7;3;11335374746;B
20241024;120542;851.7;2;11335376937;B
20241024;120601;850.4;2;11335378950;S
20241024;120601;849.8;1;11335378951;S
20241024;120601;849.8;3;11335378952;S
20241024;120608;850.5;3;11335379759;S
20241024;120635;850.5;1;11335382840;S
20241024;120635;850;5;11335382841;S
20241024;120635;849.9;16;11335382842;S
20241024;120635;849.9;5;11335382843;S
20241024;120635;849.5;6;11335382844;S
20241024;120635;849.2;57;11335382845;S
20241024;120635;849.1;21;11335382846;S
20241024;120649;849.2;3;11335384044;S
20241024;120649;850.5;1;11335384132;B
20241024;120705;849.6;2;11335386496;S
20241024;120705;849.6;1;11335386497;S
20241024;120730;850.5;1;11335389702;B
20241024;120730;850.8;1;11335389703;B
20241024;120731;849.5;1;11335389815;S
20241024;120734;850.5;1;11335390148;B
20241024;120740;850.8;21;11335391185;B
20241024;120740;851;1;11335391186;B
20241024;120740;851;1;11335391187;B
20241024;120740;851.1;1;11335391188;B
20241024;120740;851.3;16;11335391189;B
20241024;120813;850.5;4;11335395978;S
20241024;120813;849.4;5;11335395979;S
20241024;120813;849.3;1;11335395980;S
20241024;120813;849.2;1;11335395981;S
20241024;120813;849.1;1;11335395982;S
20241024;120813;849;50;11335395983;S
20241024;120813;848.7;2;11335395984;S
20241024;120813;848.7;47;11335395985;S
20241024;120814;848.7;2;11335396093;S
20241024;120840;849.7;1;11335398744;B
20241024;120908;849.8;5;11335402754;B
20241024;120908;850.4;1;11335402755;B
20241024;120908;850.5;10;11335402756;B
20241024;120913;850.1;5;11335403593;B
20241024;120913;850.5;7;11335403594;B
20241024;120913;850.9;1;11335403595;B
20241024;120913;851;60;11335403596;B
20241024;120913;851.1;41;11335403597;B
20241024;120914;851.1;2;11335403645;B
20241024;120923;850.3;1;11335404883;B
20241024;120930;849.1;1;11335406099;S
20241024;120930;849.1;2;11335406100;S
20241024;120952;850;1;11335410018;B
20241024;120957;850.3;1;11335410403;B
20241024;121003;849.2;1;11335411964;S
20241024;121006;848.9;1;11335412237;S
20241024;121006;848.8;16;11335412238;S
20241024;121006;848.7;60;11335412239;S
20241024;121006;848.6;2;11335412240;S
20241024;121006;848.6;34;11335412241;S
20241024;121007;849.6;20;11335412530;B
20241024;121007;849.6;20;11335412531;B
20241024;121007;849.6;1;11335412532;B
20241024;121007;849.7;16;11335412533;B
20241024;121007;850.1;5;11335412534;B
20241024;121007;850.2;8;11335412535;B
20241024;121007;850.3;3;11335412536;B
20241024;121007;850.3;27;11335412537;B
20241024;121021;849.9;1;11335414421;B
20241024;121023;849;2;11335414546;S
20241024;121025;849.9;4;11335414926;B
20241024;121025;850;1;11335414927;B
20241024;121025;850;3;11335414928;B
20241024;121025;850.1;2;11335414929;B
20241024;121039;849.3;1;11335417305;S
20241024;121103;850.1;5;11335420560;B
20241024;121125;850.1;1;11335422976;S
20241024;121127;850.2;1;11335423106;B
20241024;121128;850.1;1;11335423182;S
20241024;121144;850.1;3;11335425983;S
20241024;121215;849.5;4;11335429431;S
20241024;121218;849.4;1;11335429767;S
20241024;121229;849.5;2;11335431275;B
20241024;121241;849.4;2;11335433153;S
20241024;121242;849.5;1;11335433258;B
20241024;121249;849.5;3;11335433851;B
20241024;121249;849.5;1;11335433852;B
20241024;121249;850;1;11335433853;B
20241024;121249;849.4;1;11335433870;S
20241024;121302;850;1;11335435319;B
20241024;121342;849.4;1;11335439389;S
20241024;121342;849.3;1;11335439390;S
20241024;121342;849.2;1;11335439391;S
20241024;121348;849.2;2;11335439979;S
20241024;121348;849.1;4;11335439980;S
20241024;121404;849.2;2;11335441454;B
20241024;121421;849.2;2;11335443141;S
20241024;121421;849.1;12;11335443142;S
20241024;121421;849.1;1;11335443143;S
20241024;121421;849.1;58;11335443144;S
20241024;121452;849.7;1;11335445822;B
20241024;121506;849.7;1;11335448113;S
20241024;121507;849.2;1;11335448217;S
20241024;121507;849.1;4;11335448218;S
20241024;121513;849.2;1;11335448962;S
20241024;121513;849.2;1;11335448963;S
20241024;121624;849.2;1;11335456801;S
20241024;121630;849.2;1;11335457353;S
20241024;121630;849.1;2;11335457354;S
20241024;121657;849.1;2;11335460085;S
20241024;121700;849.2;2;11335460524;B
20241024;121709;849.2;1;11335461474;B
20241024;121727;849.2;9;11335463539;B
20241024;121727;849.9;1;11335463540;B
20241024;121730;849.9;1;11335464126;B
20241024;121730;849.9;1;11335464127;B
20241024;121730;850;3;11335464128;B
20241024;121730;850.1;3;11335464129;B
20241024;121739;850.2;4;11335465166;B
20241024;121739;850.4;1;11335465167;B
20241024;121739;850.5;1;11335465168;B
20241024;121739;850.7;5;11335465169;B
20241024;121749;850.7;10;11335466036;B
20241024;121749;850.8;7;11335466037;B
20241024;121749;850.9;7;11335466038;B
20241024;121749;851;1;11335466039;B
20241024;121749;851.1;4;11335466040;B
20241024;121749;851.2;16;11335466041;B
20241024;121749;851.2;34;11335466042;B
20241024;121749;851.3;21;11335466043;B
20241024;121803;851;1;11335467602;B
20241024;121819;851;10;11335471587;B
20241024;121833;851;1;11335473903;B
20241024;121833;851.2;5;11335473904;B
20241024;121833;851.3;55;11335473905;B
20241024;121842;851.3;1;11335474993;B
20241024;121900;851.3;12;11335476605;B
20241024;121901;851.3;3;11335476737;B
20241024;121913;850.9;45;11335479155;S
20241024;121934;850.9;5;11335482546;S
20241024;121934;850.4;6;11335482547;S
20241024;121934;850.3;5;11335482548;S
20241024;121934;850.3;6;11335482549;S
20241024;121934;850.2;20;11335482550;S
20241024;121934;850.2;4;11335482551;S
20241024;121934;850.1;14;11335482552;S
20241024;121945;850.2;1;11335483721;S
20241024;121945;850.2;1;11335483722;S
20241024;121946;850.1;20;11335483810;S
20241024;121957;850.1;8;11335484842;S
20241024;122002;850.1;2;11335485452;S
20241024;122033;850.6;1;11335491588;B
20241024;122057;850.7;1;11335497504;B
20241024;122106;850.2;1;11335499541;S
20241024;122111;850.6;1;11335500222;B
20241024;122137;850.5;1;11335502595;B
20241024;122145;850.1;19;11335503120;S
20241024;122145;850.1;63;11335503121;S
20241024;122145;850.1;6;11335503122;S
20241024;122145;850.1;20;11335503123;S
20241024;122145;850.1;20;11335503124;S
20241024;122210;850;4;11335505514;S
20241024;122228;850;1;11335507903;B
20241024;122232;850;1;11335508405;B
20241024;122239;849.9;10;11335509228;S
20241024;122320;849.8;1;11335513714;S
20241024;122435;849.8;40;11335522691;S
20241024;122445;849.9;1;11335523778;B
20241024;122503;849.9;24;11335525577;B
20241024;122507;849.8;42;11335526135;S
20241024;122513;849.9;2;11335526754;B
20241024;122546;849.9;1;11335530438;B
20241024;122546;849.9;1;11335530439;B
20241024;122600;849.8;12;11335532495;S
20241024;122655;849.9;1;11335537823;B
20241024;122730;849.8;50;11335542358;S
20241024;122740;849.8;4;11335543230;S
20241024;122746;849.9;1;11335543867;B
20241024;122754;849.8;1;11335544806;S
20241024;122755;849.8;50;11335544947;S
20241024;122755;849.8;1;11335544948;S
20241024;122804;849.7;8;11335545777;B
20241024;122804;849.7;20;11335545778;B
20241024;122804;849.7;20;11335545779;B
20241024;122804;849.8;19;11335545780;B
20241024;122804;849.8;8;11335545781;B
20241024;122806;849.9;1;11335545926;B
20241024;122806;849.9;1;11335545927;B
20241024;122827;849.8;1;11335547804;S
20241024;122827;849.9;1;11335547808;B
20241024;122831;849.9;1;11335548254;B
20241024;122849;849.8;5;11335550017;S
20241024;122908;849.8;1;11335551620;S
20241024;122920;849.9;1;11335552609;B
20241024;122936;849.8;2;11335553875;S
20241024;122948;849.9;34;11335554964;B
20241024;123016;849.9;2;11335557884;B
20241024;123031;849.9;1;11335559731;B
20241024;123056;849.8;8;11335562604;S
20241024;123101;849.9;5;11335563075;B
20241024;123105;849.9;3;11335563515;B
20241024;123111;849.8;85;11335564051;S
20241024;123111;849.8;8;11335564052;S
20241024;123112;849.8;4;11335564218;B
20241024;123127;849.8;1;11335565987;B
20241024;123136;849.8;1;11335567109;B
20241024;123145;849.8;1;11335568157;B
20241024;123204;849.7;10;11335570368;S
20241024;123204;849.5;4;11335570369;S
20241024;123243;849.5;1;11335575705;S
20241024;123251;849.5;4;11335577273;S
20241024;123335;849.5;1;11335582782;B
20241024;123335;849.7;1;11335582783;B
20241024;123342;849.1;1;11335583471;S
20241024;123342;849.1;1;11335583472;S
20241024;123343;849.1;2;11335583638;B
20241024;123343;849.5;1;11335583639;B
20241024;123354;849;1;11335584879;S
20241024;123354;849;4;11335584880;S
20241024;123354;849;109;11335584881;S
20241024;123400;849.3;1;11335585477;B
20241024;123401;849.4;1;11335585621;B
20241024;123409;849.5;1;11335586459;B
20241024;123409;849.5;7;11335586460;B
20241024;123427;849.4;1;11335588994;B
20241024;123438;849.1;1;11335590349;S
20241024;123438;849;9;11335590350;S
20241024;123507;849;3;11335593970;S
20241024;123508;849;15;11335594341;S
20241024;123509;849;61;11335595152;S
20241024;123515;849.3;1;11335595918;B
20241024;123518;849.4;1;11335596553;B
20241024;123536;849.4;1;11335598248;B
20241024;123545;849.4;7;11335598942;B
20241024;123557;849;6;11335600793;S
20241024;123621;849.4;4;11335603638;B
20241024;123622;849.4;3;11335603723;B
20241024;123626;849.5;4;11335604665;B
20241024;123645;849.5;1;11335606804;B
20241024;123712;849.5;1;11335609305;B
20241024;123722;849.5;2;11335610987;B
20241024;123727;849.5;1;11335611585;B
20241024;123746;849.4;1;11335614646;S
20241024;123759;849.5;3;11335616818;B
20241024;123807;849.4;1;11335618183;S
20241024;123811;849.4;5;11335618662;S
20241024;123817;849.4;2;11335619433;S
20241024;123820;849.4;9;11335619884;B
20241024;123822;849.5;9;11335620045;B
20241024;123826;849.5;1;11335620549;B
20241024;123830;849.5;1;11335620877;B
20241024;123855;849.4;12;11335624777;B
20241024;123855;849.5;50;11335624778;B
20241024;123855;849.5;72;11335624779;B
20241024;123855;849.5;122;11335624780;B
20241024;123855;849.5;1;11335624781;B
20241024;123855;849.5;10;11335624782;B
20241024;123855;849.6;1501;11335624783;B
20241024;123855;849.7;70;11335624784;B
20241024;123855;849.8;100;11335624785;B
20241024;123855;849.9;74;11335624786;B
20241024;123855;850;50;11335624787;B
20241024;123855;850;1;11335624788;B
20241024;123855;850;3;11335624789;B
20241024;123855;850;5;11335624790;B
20241024;123855;850;70;11335624791;B
20241024;123855;850.3;49;11335624792;B
20241024;123855;851.3;3;11335624793;B
20241024;123855;851.7;6;11335624794;B
20241024;123855;851.8;1;11335624795;B
20241024;123855;852;27;11335624796;B
20241024;123855;852;2;11335624797;B
20241024;123855;852.5;12;11335624798;B
20241024;123855;852.6;1;11335624799;B
20241024;123855;852.8;2;11335624800;B
20241024;123855;852.9;2;11335624801;B
20241024;123855;852.9;89;11335624802;B
20241024;123855;851.9;1;11335624895;B
20241024;123912;851.9;11;11335627040;S
20241024;123912;850.7;6;11335627041;S
20241024;123912;849.5;2;11335627042;S
20241024;123912;849.4;10;11335627043;S
20241024;123912;849.3;21;11335627044;S
20241024;123925;850.5;20;11335628622;S
20241024;123925;850.5;20;11335628623;S
20241024;123925;850.4;70;11335628624;S
20241024;123925;850.4;16;11335628625;S
20241024;123925;849.8;1;11335628626;S
20241024;123925;849.7;5;11335628627;S
20241024;123926;849.4;105;11335628738;B
20241024;123928;849.4;5;11335628962;B
20241024;123928;849.4;5;11335629011;B
20241024;123929;849.4;5;11335629036;B
20241024;123929;849.4;5;11335629058;B
20241024;123929;849.4;1;11335629059;B
20241024;123929;849.4;5;11335629106;B
20241024;123929;849.4;5;11335629124;B
20241024;123929;849.4;34;11335629132;B
20241024;123954;849.5;1;11335632527;S
20241024;124013;850.6;1;11335635337;B
20241024;124038;850.5;2;11335639136;B
20241024;124048;850.5;3;11335640343;B
20241024;124102;850.6;1;11335642263;S
20241024;124122;850.5;1;11335644587;S
20241024;124135;850.5;1;11335646526;S
20241024;124154;850.3;2;11335648943;B
20241024;124220;849.6;5;11335652081;S
20241024;124254;849.2;1;11335656441;S
20241024;124254;849.1;1;11335656442;S
20241024;124254;849.1;3;11335656443;S
20241024;124304;849.9;1;11335657632;B
20241024;124313;849.8;1;11335660185;B
20241024;124313;849.9;3;11335660186;B
20241024;124313;850;5;11335660187;B
20241024;124313;850;3;11335660188;B
20241024;124313;850.1;60;11335660189;B
20241024;124313;850.2;70;11335660190;B
20241024;124313;850.3;3;11335660191;B
20241024;124313;850.3;55;11335660192;B
20241024;124333;850.1;1;11335662390;B
20241024;124355;850.2;1;11335665595;B
20241024;124356;849.5;1;11335665714;S
20241024;124356;849.5;1;11335665715;S
20241024;124356;849.2;3;11335665716;S
20241024;124358;849.2;5;11335665944;S
20241024;124358;849.2;7;11335665945;S
20241024;124358;849.2;3;11335665946;S
20241024;124358;849.1;5;11335665947;S
20241024;124358;849.1;3;11335665948;S
20241024;124358;849;27;11335665949;S
20241024;124358;849;5;11335665950;S
20241024;124358;849;1;11335665951;S
20241024;124358;849;1;11335665952;S
20241024;124358;849;1;11335665953;S
20241024;124358;848.7;1;11335665954;S
20241024;124358;848.7;60;11335665955;S
20241024;124358;848.6;70;11335665956;S
20241024;124358;848.6;80;11335665957;S
20241024;124358;848.5;131;11335665958;S
20241024;124359;848.5;169;11335666046;S
20241024;124359;848.5;60;11335666047;S
20241024;124359;848.5;1;11335666048;S
20241024;124359;848.5;1;11335666049;S
20241024;124359;848;1;11335666111;S
20241024;124359;848;20;11335666112;S
20241024;124359;848;2;11335666113;S
20241024;124359;847.6;1;11335666134;S
20241024;124433;847.2;1;11335669433;S
20241024;124433;847.2;1;11335669434;S
20241024;124438;847.2;2;11335669964;S
20241024;124444;847.2;3;11335670661;S
20241024;124444;847.1;1;11335670662;S
20241024;124444;847.1;2;11335670663;S
20241024;124444;847;1;11335670664;S
20241024;124444;847;2;11335670665;S
20241024;124444;846.9;1;11335670666;S
20241024;124444;846.6;1;11335670667;S
20241024;124444;846.6;2;11335670668;S
20241024;124444;846.5;5;11335670669;S
20241024;124444;846.5;15;11335670670;S
20241024;124445;846.5;58;11335670730;S
20241024;124445;846.4;300;11335670731;S
20241024;124445;846.4;3;11335670732;S
20241024;124445;846.3;1;11335670733;S
20241024;124445;846.3;3;11335670734;S
20241024;124445;846.2;10;11335670735;S
20241024;124445;846.1;125;11335670736;S
20241024;124445;847;13;11335670788;B
20241024;124447;846.1;1;11335670874;S
20241024;124447;847;1;11335670927;B
20241024;124459;846.9;5;11335671888;B
20241024;124459;847;4;11335671889;B
20241024;124459;847.1;4;11335671890;B
20241024;124459;847.8;27;11335671891;B
20241024;124518;847.6;1;11335673964;B
20241024;124519;846.7;1;11335674042;S
20241024;124519;846.7;1;11335674043;S
20241024;124521;847.6;19;11335674165;B
20241024;124521;847.6;20;11335674166;B
20241024;124521;847.6;3;11335674167;B
20241024;124524;847.7;5;11335674561;B
20241024;124524;847.7;1;11335674562;B
20241024;124524;847.8;4;11335674563;B
20241024;124540;847.6;1;11335676191;S
20241024;124547;847.6;30;11335677411;S
20241024;124603;847.7;5;11335678807;B
20241024;124606;847.6;77;11335679059;S
20241024;124606;847.6;1;11335679060;S
20241024;124618;846.6;1;11335680054;S
20241024;124618;846.6;20;11335680055;S
20241024;124618;846.6;2;11335680056;S
20241024;124618;846.6;17;11335680057;S
20241024;124621;847.4;1;11335680413;B
20241024;124630;846.4;28;11335681367;S
20241024;124630;846.4;2;11335681368;S
20241024;124630;846.4;13;11335681369;S
20241024;124630;846.4;3;11335681370;S
20241024;124630;846.3;4;11335681371;S
20241024;124638;846.6;1;11335682248;B
20241024;124641;846.6;2;11335682473;B
20241024;124651;846.6;1;11335683754;B
20241024;124712;846.4;1;11335686208;S
20241024;124739;846.4;1;11335689884;S
20241024;124739;846.4;2;11335689885;S
20241024;124739;846.4;20;11335689886;S
20241024;124739;846.3;46;11335689887;S
20241024;124739;846.3;2;11335689888;S
20241024;124739;846.3;20;11335689889;S
20241024;124739;846.2;119;11335689890;S
20241024;124739;846.2;200;11335689891;S
20241024;124739;846.1;2;11335689892;S
20241024;124739;846.1;205;11335689893;S
20241024;124739;846;1245;11335689894;S
20241024;124739;846;1;11335689895;S
20241024;124739;846;2;11335689896;S
20241024;124739;846;4;11335689897;S
20241024;124748;846.1;1;11335691001;S
20241024;124748;846;79;11335691002;S
20241024;124749;846.6;1;11335691208;B
20241024;124749;846.6;20;11335691209;B
20241024;124749;846.6;1;11335691210;B
20241024;124756;846.2;1;11335692124;S
20241024;124756;846.1;4;11335692125;S
20241024;124803;846.7;1;11335692801;B
20241024;124815;846.1;1;11335694520;S
20241024;124818;846;1;11335695261;S
20241024;124849;846.5;1;11335709287;B
20241024;124911;846.2;12;11335733858;S
20241024;124915;846.8;1;11335737479;B
20241024;124915;846.9;5;11335737480;B
20241024;124915;846.9;35;11335737481;B
20241024;124922;847;4;11335745786;B
20241024;124940;847;1;11335760686;B
20241024;124940;846.9;50;11335760715;B
20241024;124940;847;5;11335760716;B
20241024;124940;847;4;11335760717;B
20241024;125030;847.1;2;11335809750;B
20241024;125052;847.1;1;11335828324;B
20241024;125053;847.1;2;11335828410;B
20241024;125053;847.2;8;11335828411;B
20241024;125105;847.1;1;11335829693;S
20241024;125105;847;2;11335829694;S
20241024;125107;847.2;2;11335829904;B
20241024;125107;847.3;3;11335829905;B
20241024;125122;847.3;1;11335831280;B
20241024;125219;847.3;2;11335836538;B
20241024;125237;847.1;1;11335839362;S
20241024;125237;847;9;11335839363;S
20241024;125237;847;1;11335839364;S
20241024;125237;846.8;3;11335839365;S
20241024;125237;846.6;6;11335839366;S
20241024;125241;846.7;1;11335839789;S
20241024;125241;846.6;4;11335839790;S
20241024;125241;846.6;10;11335839791;S
20241024;125241;846.6;1;11335839792;S
20241024;125241;846.5;1;11335839793;S
20241024;125241;846.5;1;11335839794;S
20241024;125241;846.4;2;11335839795;S
20241024;125242;846.4;1;11335839855;S
20241024;125242;847.1;1;11335839913;B
20241024;125243;847.1;1;11335839938;B
20241024;125254;846.8;1;11335841264;S
20241024;125303;847;2;11335842170;B
20241024;125318;846.6;1;11335843767;S
20241024;125318;846.5;1;11335843768;S
20241024;125353;846.6;1;11335847743;S
20241024;125411;847;2;11335849610;B
20241024;125448;847;1;11335853572;B
20241024;125448;847;1;11335853573;B
20241024;125519;846.6;1;11335856789;S
20241024;125522;846.5;1;11335857092;S
20241024;125522;846.4;4;11335857093;S
20241024;125557;846.5;1;11335860731;S
20241024;125557;846.5;1;11335860732;S
20241024;125612;846.8;3;11335861921;B
20241024;125649;846.5;1;11335865894;S
20241024;125649;846.5;3;11335865895;S
20241024;125649;846.5;1;11335865896;S
20241024;125701;846.4;1;11335867414;S
20241024;125701;846.4;1;11335867415;S
20241024;125726;846.5;2;11335869588;B
20241024;125728;846.4;1;11335869829;S
20241024;125751;846.4;2;11335871779;S
20241024;125830;846.5;36;11335876494;B
20241024;125850;846.5;2;11335879572;B
20241024;125924;846.5;185;11335883150;B
20241024;125924;846.5;5;11335883151;B
20241024;125924;846.5;15;11335883152;B
20241024;125924;846.5;5;11335883153;B
20241024;125927;846.9;5;11335883400;B
20241024;125927;847;4;11335883401;B
20241024;125928;847.2;5;11335883506;B
20241024;125928;847.3;1;11335883507;B
20241024;125928;847.3;1;11335883508;B
20241024;125928;847.3;1;11335883509;B
20241024;125928;847.4;1;11335883510;B
20241024;125928;847.4;1;11335883511;B
20241024;125928;847.4;25;11335883512;B
20241024;125928;847.5;100;11335883513;B
20241024;125928;847.6;22;11335883514;B
20241024;125928;847.6;1;11335883515;B
20241024;125928;847.7;2;11335883516;B
20241024;125928;847.7;40;11335883517;B
20241024;125930;847.7;60;11335883736;B
20241024;125930;847.8;96;11335883737;B
20241024;125931;848.8;1;11335883780;B
20241024;125943;848;20;11335884704;B
20241024;125948;847.9;10;11335885103;S
20241024;125948;847.9;95;11335885104;B
20241024;125949;847.9;65;11335885141;B
20241024;125949;849;35;11335885156;S
20241024;130018;849;1;11335887380;B
20241024;130018;849;1;11335887381;B
20241024;130018;849;2;11335887382;B
20241024;130018;849.1;1;11335887383;B
20241024;130046;848.2;1;11335889960;S
20241024;130046;849;11;11335889985;B
20241024;130108;848.8;1;11335892863;B
20241024;130128;849;1;11335894967;B
20241024;130128;849;1;11335894968;B
20241024;130128;849.1;4;11335894969;B
20241024;130128;849.1;1;11335894970;B
20241024;130128;849.2;1;11335894971;B
20241024;130128;849.4;1;11335894972;B
20241024;130128;849.5;1;11335894973;B
20241024;130136;848.4;1;11335895762;S
20241024;130136;848.1;8;11335895763;S
20241024;130203;848.9;1;11335898205;B
20241024;130211;848.4;5;11335898818;S
20241024;130211;848.4;3;11335898819;S
20241024;130211;848.1;3;11335898820;S
20241024;130211;848.1;60;11335898821;S
20241024;130211;848;200;11335898822;S
20241024;130211;847.9;29;11335898823;S
20241024;130215;848.1;1;11335899200;S
20241024;130223;848.1;15;11335900102;B
20241024;130232;848.3;1;11335901116;S
20241024;130232;848.2;3;11335901117;S
20241024;130232;848.1;1;11335901118;S
20241024;130253;848.1;12;11335903761;S
20241024;130319;848.8;1;11335906773;B
20241024;130322;848.8;1;11335907074;B
20241024;130340;848.8;1;11335910511;B
20241024;130405;848.8;10;11335912830;B
20241024;130430;848.8;1;11335915448;B
20241024;130503;848.2;1;11335918288;S
20241024;130503;848.2;5;11335918289;S
20241024;130505;848.8;1;11335918491;B
20241024;130511;848.4;1;11335919388;S
20241024;130511;848.4;17;11335919389;S
20241024;130511;848.3;1;11335919390;S
20241024;130511;848.2;1;11335919391;S
20241024;130511;848.1;22;11335919392;S
20241024;130511;847.9;21;11335919393;S
20241024;130511;847.8;3;11335919394;S
20241024;130518;848.8;1;11335920329;B
20241024;130520;849;1;11335920549;B
20241024;130520;849.1;1;11335920550;B
20241024;130628;848.1;1;11335928102;S
20241024;130634;847.9;1;11335928548;S
20241024;130649;848;1;11335929953;S
20241024;130649;847.9;1;11335929954;S
20241024;130728;848.2;2;11335933571;S
20241024;130728;848.3;1;11335933587;B
20241024;130749;848.3;1;11335935255;B
20241024;130906;848.3;1;11335941281;B
20241024;130906;848.6;1;11335941282;B
20241024;130906;848.6;5;11335941283;B
20241024;130946;848.7;1;11335944462;B
20241024;131007;848.7;2;11335945837;B
20241024;131047;848.6;1;11335951679;S
20241024;131112;848.6;1;11335953939;S
20241024;131132;848.7;2;11335955891;B
20241024;131132;848.8;1;11335955892;B
20241024;131132;848.8;1;11335955893;B
20241024;131132;848.8;1;11335955894;B
20241024;131132;848.9;10;11335955895;B
20241024;131139;848.9;1;11335956408;B
20241024;131141;848.9;1;11335956621;B
20241024;131141;848.9;2;11335956635;B
20241024;131205;848.8;2;11335958434;B
20241024;131230;848.8;1;11335960928;B
20241024;131249;848.6;18;11335962304;S
20241024;131249;848.6;1;11335962305;S
20241024;131257;848.6;7;11335962798;B
20241024;131305;848.6;3;11335963309;B
20241024;131316;848.6;1;11335964075;B
20241024;131331;848.3;1;11335965281;S
20241024;131336;848.3;1;11335965782;S
20241024;131352;848.6;1;11335967366;B
20241024;131401;848.6;2;11335968022;B
20241024;131401;848.6;1;11335968023;B
20241024;131453;848.3;3;11335971865;S
20241024;131453;848.3;4;11335971866;S
20241024;131453;848.2;5;11335971867;S
20241024;131453;848.2;4;11335971868;S
20241024;131453;847.8;4;11335971869;S
20241024;131529;848;2;11335974559;S
20241024;131529;847.9;4;11335974560;S
20241024;131529;847.8;18;11335974561;S
20241024;131529;847.8;4;11335974562;S
20241024;131529;847.8;4;11335974563;S
20241024;131529;847.8;5;11335974959;S
20241024;131539;847.9;2;11335976024;S
20241024;131558;848.6;1;11335978262;B
20241024;131637;848.8;1;11335981149;B
20241024;131639;848.8;1;11335981225;B
20241024;131639;848.8;2;11335981226;B
20241024;131653;848.8;1;11335982235;B
20241024;131705;848.8;1;11335983414;B
20241024;131705;848.8;9;11335983415;B
20241024;131705;848.8;1;11335983469;B
20241024;131757;848.8;9;11335987683;B
20241024;131757;848.8;8;11335987684;B
20241024;131804;848.5;1;11335988263;B
20241024;131811;848.2;1;11335988727;S
20241024;131811;848.1;1;11335988728;S
20241024;131811;848.1;1;11335988729;S
20241024;131811;848.1;1;11335988730;B
20241024;131811;848;1;11335988745;S
20241024;131812;848;17;11335989339;S
20241024;131816;848.4;1;11335989668;B
20241024;131816;848.5;2;11335989669;B
20241024;131816;848.7;5;11335989670;B
20241024;131816;848.7;1;11335989671;B
20241024;131850;848.6;1;11335992492;B
20241024;131851;848.6;2;11335992553;B
20241024;131855;848.1;1;11335992821;S
20241024;131928;848.5;1;11335995260;B
20241024;131928;848.6;2;11335995261;B
20241024;131928;848.8;2;11335995262;B
20241024;131934;848.8;1;11335995851;B
20241024;131940;848.8;10;11335996337;B
20241024;131944;848.8;50;11335996733;B
20241024;132002;848.7;2;11335998565;B
20241024;132037;848.7;2;11336001708;B
20241024;132042;848.7;1;11336002064;B
20241024;132042;848.7;1;11336002065;B
20241024;132110;848.7;1;11336004299;B
20241024;132115;848.8;1;11336004845;B
20241024;132140;848.8;1;11336007197;B
20241024;132147;848.8;5;11336007805;B
20241024;132149;848.8;1;11336008010;B
20241024;132158;848.8;1;11336008687;B
20241024;132201;848.8;5;11336009046;B
20241024;132207;848.4;1;11336009522;S
20241024;132207;848.1;1;11336009523;S
20241024;132207;848;10;11336009524;S
20241024;132207;847.9;5;11336009525;S
20241024;132207;847.9;5;11336009526;S
20241024;132207;847.9;1;11336009527;S
20241024;132207;847.8;52;11336009528;S
20241024;132218;848.4;1;11336010472;B
20241024;132218;848.5;5;11336010473;B
20241024;132232;848;4;11336011498;S
20241024;132232;847.9;4;11336011499;S
20241024;132232;847.9;3;11336011500;S
20241024;132328;848;2;11336016574;S
20241024;132328;847.9;1;11336016575;S
20241024;132328;847.9;3;11336016576;S
20241024;132328;847.9;2;11336016577;S
20241024;132328;847.9;7;11336016578;B
20241024;132342;848.5;2;11336017795;B
20241024;132346;848.5;2;11336018129;B
20241024;132425;848.5;1;11336021907;B
20241024;132631;848.1;1;11336033746;S
20241024;132631;848;1;11336033747;S
20241024;132643;848.5;5;11336034935;B
20241024;132643;848.5;1;11336034936;B
20241024;132647;848.5;1;11336035252;B
20241024;132700;848.5;1;11336036354;B
20241024;132701;848.5;1;11336036488;B
20241024;132705;848.5;2;11336036815;B
20241024;132716;848.5;2;11336037589;B
20241024;132718;848.5;3;11336037764;B
20241024;132723;848.1;2;11336038091;S
20241024;132723;848.1;1;11336038092;B
20241024;132743;848.4;2;11336039541;B
20241024;132757;848.4;1;11336040594;B
20241024;132759;848.1;2;11336040723;S
20241024;132759;848;9;11336040724;S
20241024;132759;848;3;11336040725;S
20241024;132759;848;1;11336040726;S
20241024;132759;848;2;11336040727;S
20241024;132759;847.9;1;11336040728;S
20241024;132759;847.8;7;11336040729;S
20241024;132803;848.4;1;11336041038;B
20241024;132833;848.4;1;11336043445;B
20241024;132839;848.4;2;11336043912;B
20241024;132840;847.9;1;11336043961;S
20241024;132840;847.8;1;11336043962;S
20241024;132840;847.8;5;11336043963;S
20241024;132840;847.8;1;11336043964;S
20241024;132840;847.7;5;11336043965;S
20241024;132840;847.6;3;11336043966;S
20241024;132840;847.5;9;11336043967;S
20241024;132923;848.3;1;11336046936;B
20241024;132949;848.2;1;11336049114;S
20241024;133022;848.2;1;11336051325;S
20241024;133033;848.3;5;11336052157;B
20241024;133033;848.3;3;11336052158;B
20241024;133033;848.3;5;11336052159;B
20241024;133033;848.4;10;11336052160;B
20241024;133033;848.5;23;11336052161;B
20241024;133040;848.4;5;11336052606;B
20241024;133102;848.3;1;11336054436;S
20241024;133158;848.5;12;11336058587;B
20241024;133159;848.5;11;11336058779;B
20241024;133205;848.5;1;11336059310;B
20241024;133223;848.4;1;11336061736;S
20241024;133235;848.5;1;11336062911;B
20241024;133253;848.5;7;11336064202;B
20241024;133303;848.5;1;11336065179;B
20241024;133309;848.4;1;11336065639;S
20241024;133309;848.4;3;11336065640;S
20241024;133309;848.3;1;11336065641;S
20241024;133319;848.3;11;11336066361;S
20241024;133331;848.3;1;11336067199;S
20241024;133331;848.3;2;11336067200;S
20241024;133336;848.2;10;11336067675;S
20241024;133351;848.3;1;11336069109;B
20241024;133359;848.4;4;11336069665;B
20241024;133359;848.5;4;11336069666;B
20241024;133359;848.6;2;11336069667;B
20241024;133359;848.6;1;11336069668;B
20241024;133359;848.7;10;11336069669;B
20241024;133359;848.7;5;11336069670;B
20241024;133359;848.7;1;11336069671;B
20241024;133359;848.7;2;11336069672;B
20241024;133359;848.8;19;11336069673;B
20241024;133405;848.4;2;11336070119;S
20241024;133405;848.3;1;11336070120;S
20241024;133428;848.6;1;11336072052;B
20241024;133428;848.7;5;11336072053;B
20241024;133428;848.8;26;11336072054;B
20241024;133428;848.8;2;11336072055;B
20241024;133428;848.9;2;11336072056;B
20241024;133428;849;30;11336072057;B
20241024;133428;849.4;27;11336072058;B
20241024;133433;849.2;1;11336072452;B
20241024;133437;849.2;1;11336072766;B
20241024;133459;849.2;1;11336074646;B
20241024;133509;849.2;1;11336075543;B
20241024;133514;848.7;1;11336075877;S
20241024;133514;848.7;20;11336075878;S
20241024;133514;848.7;19;11336075879;S
20241024;133514;848.6;3;11336075880;S
20241024;133514;848.5;3;11336075881;S
20241024;133514;848.3;4;11336075882;S
20241024;133543;848.4;1;11336079140;S
20241024;133625;848.4;2;11336087932;S
20241024;133641;848.9;1;11336089109;B
20241024;133707;848.6;1;11336090889;S
20241024;133723;849;5;11336092045;B
20241024;133723;849;5;11336092046;B
20241024;133730;849;2;11336092532;B
20241024;133732;849;1;11336092610;B
20241024;133735;848.9;1;11336092929;B
20241024;133735;849.1;1;11336092930;B
20241024;133735;849.2;1;11336092931;B
20241024;133735;849.2;1;11336092932;B
20241024;133735;849.3;7;11336092933;B
20241024;133801;849.2;10;11336094641;B
20241024;133828;849.1;4;11336101866;B
20241024;133833;849.1;1;11336102371;B
20241024;133845;849.5;1;11336105189;B
20241024;133905;849.4;5;11336108306;B
20241024;133935;849.4;1;11336110979;S
20241024;133946;849.4;1;11336111928;S
20241024;133949;849.5;3;11336112080;B
20241024;133958;849.7;1;11336112895;B
20241024;134035;849.7;1;11336115797;B
20241024;134047;849.7;6;11336118061;B
20241024;134143;849.7;3;11336131981;B
20241024;134216;849.7;1;11336141865;B
20241024;134259;849.7;5;11336148178;B
20241024;134310;849.7;33;11336149350;B
20241024;134310;849.8;5;11336149351;B
20241024;134310;849.9;1;11336149352;B
20241024;134310;849.9;5;11336149353;B
20241024;134310;850;2;11336149354;B
20241024;134310;850;5;11336149355;B
20241024;134310;850;1;11336149356;B
20241024;134310;850.1;1;11336149357;B
20241024;134310;850.1;36;11336149358;B
20241024;134310;850.2;11;11336149359;B
20241024;134315;850;1;11336149865;B
20241024;134319;850.1;5;11336150270;B
20241024;134319;850.2;39;11336150271;B
20241024;134319;850.2;3;11336150272;B
20241024;134319;850.3;1;11336150273;B
20241024;134330;850.3;4;11336151444;B
20241024;134333;850.3;9;11336151775;B
20241024;134340;850.3;7;11336152399;B
20241024;134348;850.3;100;11336154256;B
20241024;134401;850.2;1;11336155984;B
20241024;134405;850.3;24;11336156496;B
20241024;134405;850.3;1;11336156497;B
20241024;134405;850.3;3;11336156498;B
20241024;134405;850.4;1;11336156499;B
20241024;134405;850.4;3;11336156500;B
20241024;134406;850.4;5;11336156514;S
20241024;134407;850.5;99;11336156916;B
20241024;134407;850.5;1;11336156917;B
20241024;134410;850.6;1;11336157188;B
20241024;134410;851;1;11336157189;B
20241024;134411;850.4;12;11336157225;S
20241024;134411;851.2;5;11336157242;B
20241024;134411;851.3;3;11336157243;B
20241024;134411;851.3;2;11336157244;B
20241024;134422;851;5;11336158338;B
20241024;134440;851;1;11336159942;S
20241024;134508;850.7;3;11336165946;B
20241024;134543;850.2;1;11336175140;S
20241024;134602;850.5;1;11336177752;S
20241024;134608;850.1;5;11336178920;S
20241024;134657;850.4;1;11336187766;B
20241024;134702;850.4;2;11336188198;B
20241024;134740;850.4;2;11336195905;B
20241024;134805;850.4;5;11336200371;B
20241024;134826;850.4;1;11336203234;B
20241024;134840;850.4;39;11336204435;B
20241024;134840;850.4;250;11336204436;B
20241024;134840;850.5;11;11336204437;B
20241024;134852;850.2;1;11336205456;S
20241024;134854;850.2;18;11336205691;S
20241024;134854;850.1;45;11336205692;S
20241024;134854;850.1;10;11336205693;S
20241024;134854;850.1;5;11336205694;S
20241024;134854;850;13;11336205695;S
20241024;134854;850;1;11336205696;S
20241024;134854;850;5;11336205697;S
20241024;134854;849.7;2;11336205698;S
20241024;134854;849.5;1;11336205699;S
20241024;134854;849.5;70;11336205700;S
20241024;134854;849.4;7;11336205701;S
20241024;134910;849.4;36;11336206815;S
20241024;134910;849.4;4;11336206816;S
20241024;134910;849.3;5;11336206817;S
20241024;134910;849.2;6;11336206818;S
20241024;134910;849.1;2;11336206819;S
20241024;134910;848.9;1;11336206820;S
20241024;134910;848.7;5;11336206821;S
20241024;134910;848.7;1;11336206822;S
20241024;134910;848.5;1;11336206823;S
20241024;134910;848.4;17;11336206824;S
20241024;134910;848.2;21;11336206825;S
20241024;134910;848.2;10;11336206826;S
20241024;134910;848;2;11336206827;S
20241024;134910;847.8;5;11336206828;S
20241024;134910;847.7;3;11336206829;S
20241024;134910;847.6;58;11336206830;S
20241024;134922;849.2;1;11336207818;B
20241024;134940;849.3;3;11336209358;B
20241024;134940;849.5;2;11336209359;B
20241024;134940;849.7;5;11336209360;B
20241024;134940;850.1;5;11336209361;B
20241024;134940;850.3;5;11336209362;B
20241024;134940;850.4;60;11336209363;B
20241024;134940;850.4;60;11336209364;B
20241024;134940;850.4;37;11336209365;B
20241024;134952;849.7;3;11336210386;B
20241024;134952;849.9;3;11336210387;B
20241024;134952;850;4;11336210388;B
20241024;134957;850;10;11336210764;B
20241024;135017;849.9;2;11336212371;B
20241024;135052;849.2;1;11336214944;S
20241024;135126;849.5;1;11336222768;B
20241024;135211;849.7;1;11336226348;B
20241024;135353;849.7;1;11336233962;B
20241024;135412;849.4;3;11336235117;S
20241024;135417;849.3;3;11336235425;S
20241024;135417;849.3;1;11336235470;S
20241024;135448;849.6;1;11336238510;B
20241024;135538;849.6;1;11336242920;B
20241024;135547;849.6;1;11336243389;B
20241024;135547;849.6;1;11336243390;B
20241024;135547;849.7;3;11336243391;B
20241024;135653;849.5;1;11336246896;B
20241024;135653;849.6;1;11336246897;B
20241024;135653;849.7;5;11336246898;B
20241024;135713;849.4;2;11336248115;S
20241024;135713;849.3;1;11336248116;S
20241024;135818;849.6;1;11336253352;B
20241024;135818;849.7;5;11336253353;B
20241024;135912;849.6;1;11336257280;B
20241024;135955;849.6;1;11336260305;B
20241024;140040;849.7;2;11336266207;B
20241024;140044;849.9;1;11336266543;B
20241024;140044;850;9;11336266544;B
20241024;140052;849.7;1;11336267140;S
20241024;140052;849.6;9;11336267141;S
20241024;140052;849.6;5;11336267142;S
20241024;140052;849.3;5;11336267143;S
20241024;140105;849.9;1;11336268064;B
20241024;140105;849.9;1;11336268065;B
20241024;140123;849.9;1;11336269288;B
20241024;140152;849.9;1;11336271248;S
20241024;140152;849.9;4;11336271249;S
20241024;140152;849.6;1;11336271250;S
20241024;140152;849.5;1;11336271251;S
20241024;140152;849.5;3;11336271252;S
20241024;140201;849.4;1;11336271821;S
20241024;140201;849.3;6;11336271822;S
20241024;140201;849.3;1;11336271823;S
20241024;140201;849.3;1;11336271824;S
20241024;140201;849.2;11;11336271825;S
20241024;140203;849.2;2;11336271903;S
20241024;140207;849.2;14;11336272190;S
20241024;140208;849.2;3;11336272240;S
20241024;140211;849.2;13;11336272399;S
20241024;140212;849.2;15;11336272466;S
20241024;140212;849.2;1;11336272471;S
20241024;140212;849;1;11336272475;S
20241024;140213;849.4;10;11336272544;B
20241024;140223;849.2;1;11336273103;B
20241024;140238;848.4;3;11336273898;S
20241024;140238;848.4;5;11336273899;S
20241024;140238;848.4;2;11336273900;S
20241024;140243;849;2;11336274169;B
20241024;140249;848.4;1;11336274554;S
20241024;140249;848.3;3;11336274555;S
20241024;140256;848.4;1;11336274929;S
20241024;140256;848.3;2;11336274930;S
20241024;140256;848.3;1;11336274931;S
20241024;140256;848.2;6;11336274932;S
20241024;140258;848.2;4;11336275054;S
20241024;140258;848.1;22;11336275055;S
20241024;140314;848.1;28;11336275965;S
20241024;140314;848;2;11336275966;S
20241024;140314;847.9;2;11336275967;S
20241024;140314;847.7;7;11336275968;S
20241024;140316;847.7;3;11336276037;S
20241024;140322;847.6;1;11336276288;S
20241024;140322;847.6;2;11336276289;S
