<DATE>;<TIME>;<LAST>;<VOL>;<ID>;<OPER>
20241113;095954;13.17;100;11415565603;B
20241113;095954;13.17;100;11415565604;B
20241113;095954;13.17;400;11415565605;B
20241113;095954;13.17;1000;11415565606;S
20241113;095954;13.17;100;11415565607;B
20241113;095954;13.17;1000;11415565608;S
20241113;100000;13.17;6000;11415567572;S
20241113;100000;13.17;100;11415567578;S
20241113;100003;13.15;100;11415568790;S
20241113;100003;13.135;1400;11415568791;S
20241113;100003;13.175;100;11415568849;B
20241113;100003;13.175;200;11415568850;B
20241113;100003;13.19;200;11415568851;B
20241113;100003;13.19;300;11415568852;B
20241113;100003;13.195;2700;11415568853;B
20241113;100003;13.14;100;11415569053;S
20241113;100003;13.19;1000;11415569283;B
20241113;100005;13.13;100;11415572848;S
20241113;100005;13.13;2200;11415572849;S
20241113;100005;13.135;100;11415573175;S
20241113;100006;13.165;100;11415573582;B
20241113;100006;13.125;800;11415574773;S
20241113;100006;13.155;1200;11415574779;B
20241113;100006;13.12;100;11415574805;S
20241113;100009;13.145;200;11415577207;B
20241113;100009;13.145;300;11415577208;B
20241113;100010;13.13;100;11415577492;S
20241113;100010;13.13;100;11415577494;S
20241113;100010;13.125;3100;11415577634;B
20241113;100010;13.115;100;11415577717;S
20241113;100010;13.115;100;11415577718;S
20241113;100010;13.115;100;11415577719;S
20241113;100010;13.115;100;11415577720;S
20241113;100010;13.115;100;11415577721;S
20241113;100010;13.115;100;11415577722;S
20241113;100010;13.115;200;11415577723;S
20241113;100010;13.115;200;11415577724;S
20241113;100010;13.11;100;11415577725;S
20241113;100010;13.11;100;11415577726;S
20241113;100010;13.11;1000;11415577727;S
20241113;100010;13.11;1600;11415577728;S
20241113;100010;13.105;100;11415577729;S
20241113;100010;13.105;1100;11415577730;S
20241113;100010;13.11;100;11415577738;B
20241113;100010;13.11;100;11415577747;S
20241113;100010;13.115;1000;11415577776;B
20241113;100010;13.135;2800;11415577788;B
20241113;100010;13.125;700;11415577842;B
20241113;100010;13.125;500;11415577848;B
20241113;100010;13.125;100;11415577855;B
20241113;100010;13.11;3000;11415577910;S
20241113;100010;13.11;600;11415577911;S
20241113;100010;13.115;400;11415577966;B
20241113;100010;13.135;100;11415577975;B
20241113;100010;13.135;1100;11415577988;B
20241113;100011;13.125;500;11415578041;B
20241113;100011;13.115;1000;11415578136;B
20241113;100013;13.11;500;11415578505;B
20241113;100013;13.1;7700;11415578777;B
20241113;100013;13.1;10000;11415578778;B
20241113;100014;13.1;500;11415578949;S
20241113;100018;13.12;2000;11415579996;B
20241113;100018;13.13;200;11415579998;B
20241113;100018;13.14;3000;11415579999;B
20241113;100018;13.145;1600;11415580000;B
20241113;100018;13.14;400;11415580002;B
20241113;100020;13.14;2600;11415580606;B
20241113;100020;13.14;17400;11415580607;B
20241113;100027;13.16;3000;11415582754;B
20241113;100027;13.165;2000;11415582755;B
20241113;100027;13.16;3000;11415582797;B
20241113;100027;13.165;1000;11415582798;B
20241113;100027;13.165;1000;11415582799;B
20241113;100028;13.14;200;11415582869;S
20241113;100028;13.14;3800;11415582870;S
20241113;100028;13.14;1000;11415582871;S
20241113;100028;13.135;100;11415582982;S
20241113;100028;13.135;2900;11415582984;S
20241113;100028;13.13;2100;11415582985;S
20241113;100039;13.145;200;11415585474;B
20241113;100039;13.145;3000;11415585475;B
20241113;100039;13.15;1800;11415585476;B
20241113;100039;13.145;900;11415585502;B
20241113;100041;13.125;3000;11415585975;S
20241113;100041;13.12;1700;11415585976;S
20241113;100103;13.135;200;11415592077;B
20241113;100108;13.145;100;11415593235;B
20241113;100119;13.145;100;11415595257;B
20241113;100131;13.145;100;11415597757;B
20241113;100135;13.13;200;11415598322;S
20241113;100149;13.125;300;11415601387;S
20241113;100159;13.125;200;11415603751;S
20241113;100204;13.125;900;11415604883;S
20241113;100205;13.125;100;11415604999;S
20241113;100217;13.125;600;11415608155;S
20241113;100219;13.125;200;11415608625;S
20241113;100221;13.125;700;11415609016;S
20241113;100221;13.125;500;11415609017;S
20241113;100221;13.125;500;11415609018;S
20241113;100221;13.12;100;11415609019;S
20241113;100221;13.12;200;11415609020;S
20241113;100221;13.115;3000;11415609181;S
20241113;100221;13.115;300;11415609182;S
20241113;100225;13.115;200;11415610359;S
20241113;100229;13.115;900;11415611543;S
20241113;100236;13.115;3000;11415612979;S
20241113;100236;13.115;1700;11415612980;S
20241113;100236;13.11;500;11415612981;S
20241113;100236;13.11;9800;11415612982;S
20241113;100237;13.105;500;11415613166;S
20241113;100237;13.105;9500;11415613167;S
20241113;100237;13.105;10000;11415613245;S
20241113;100244;13.12;500;11415614422;B
20241113;100245;13.12;500;11415614493;B
20241113;100245;13.12;500;11415614620;B
20241113;100246;13.12;500;11415614725;B
20241113;100247;13.12;500;11415614889;B
20241113;100250;13.11;500;11415615499;S
20241113;100250;13.105;14500;11415615500;S
20241113;100252;13.11;200;11415615801;S
20241113;100252;13.105;1300;11415615802;S
20241113;100303;13.105;500;11415618135;S
20241113;100303;13.105;100;11415618136;S
20241113;100303;13.105;3000;11415618137;S
20241113;100303;13.105;1400;11415618138;S
20241113;100318;13.1;100;11415622785;S
20241113;100320;13.1;400;11415623373;S
20241113;100320;13.095;3000;11415623374;S
20241113;100320;13.095;1300;11415623375;S
20241113;100320;13.095;100;11415623376;S
20241113;100320;13.09;5000;11415623377;S
20241113;100320;13.09;800;11415623378;S
20241113;100320;13.09;3000;11415623379;S
20241113;100320;13.09;500;11415623380;S
20241113;100320;13.09;1300;11415623381;S
20241113;100320;13.085;2500;11415623382;S
20241113;100320;13.085;2100;11415623383;S
20241113;100321;13.09;3000;11415623532;S
20241113;100321;13.085;900;11415623533;S
20241113;100321;13.085;100;11415623534;S
20241113;100322;13.09;3000;11415623968;S
20241113;100322;13.09;100;11415623969;S
20241113;100322;13.08;100;11415624012;S
20241113;100322;13.08;300;11415624013;S
20241113;100327;13.085;100;11415625385;S
20241113;100332;13.085;2900;11415626597;S
20241113;100332;13.085;1100;11415626598;S
20241113;100332;13.085;13800;11415626599;S
20241113;100332;13.085;1400;11415626600;S
20241113;100334;13.09;100;11415627082;S
20241113;100334;13.09;3000;11415627083;S
20241113;100334;13.085;600;11415627084;S
20241113;100334;13.085;2300;11415627085;S
20241113;100339;13.09;1600;11415628219;S
20241113;100339;13.09;600;11415628272;S
20241113;100343;13.1;200;11415629209;B
20241113;100343;13.105;100;11415629210;B
20241113;100355;13.09;800;11415631836;S
20241113;100355;13.09;200;11415631837;S
20241113;100401;13.09;100;11415633314;B
20241113;100406;13.09;1000;11415634404;B
20241113;100416;13.09;200;11415636464;B
20241113;100417;13.09;7700;11415636663;B
20241113;100417;13.09;100;11415636664;B
20241113;100425;13.11;100;11415638491;B
20241113;100425;13.11;7500;11415638492;B
20241113;100426;13.115;100;11415638915;S
20241113;100428;13.12;200;11415639218;S
20241113;100430;13.125;200;11415639600;B
20241113;100430;13.125;400;11415639601;B
20241113;100430;13.13;200;11415639602;B
20241113;100433;13.13;3500;11415640191;S
20241113;100434;13.135;200;11415640340;B
20241113;100434;13.14;100;11415640341;B
20241113;100437;13.145;200;11415641383;B
20241113;100445;13.145;100;11415643466;B
20241113;100451;13.14;100;11415645060;S
20241113;100454;13.145;1200;11415645703;B
20241113;100456;13.15;5000;11415646147;B
20241113;100456;13.15;5000;11415646148;B
20241113;100456;13.15;2000;11415646205;B
20241113;100456;13.15;10000;11415646272;B
20241113;100457;13.145;1000;11415646399;S
20241113;100457;13.145;100;11415646400;S
20241113;100502;13.15;500;11415647381;B
20241113;100502;13.15;500;11415647429;B
20241113;100502;13.145;2900;11415647434;S
20241113;100502;13.14;7100;11415647435;S
20241113;100503;13.15;500;11415647586;B
20241113;100507;13.15;1500;11415649234;B
20241113;100507;13.15;1000;11415649235;B
20241113;100508;13.155;7700;11415649566;S
20241113;100519;13.15;3000;11415652158;S
20241113;100519;13.15;1400;11415652159;S
20241113;100519;13.15;5600;11415652160;S
20241113;100524;13.14;100;11415653485;S
20241113;100525;13.14;300;11415654889;S
20241113;100532;13.14;500;11415656273;S
20241113;100532;13.135;3000;11415656274;S
20241113;100532;13.135;500;11415656275;S
20241113;100532;13.13;800;11415656276;S
20241113;100535;13.14;100;11415657007;B
20241113;100538;13.155;1500;11415657629;B
20241113;100541;13.16;6600;11415658133;B
20241113;100550;13.165;1000;11415659853;B
20241113;100550;13.165;200;11415659854;B
20241113;100550;13.17;3000;11415659855;B
20241113;100550;13.17;2800;11415659856;B
20241113;100550;13.155;200;11415659868;S
20241113;100553;13.15;100;11415660403;S
20241113;100602;13.17;300;11415662188;B
20241113;100608;13.175;100;11415663298;B
20241113;100608;13.18;200;11415663299;B
20241113;100608;13.18;100;11415663373;B
20241113;100608;13.18;100;11415663374;B
20241113;100608;13.18;100;11415663375;B
20241113;100611;13.165;1500;11415663779;S
20241113;100629;13.175;2500;11415667548;B
20241113;100651;13.165;500;11415671822;S
20241113;100651;13.165;100;11415671824;S
20241113;100655;13.175;100;11415672438;B
20241113;100658;13.16;10000;11415672774;S
20241113;100659;13.145;3000;11415672911;S
20241113;100659;13.14;3000;11415672912;S
20241113;100659;13.14;200;11415672913;S
20241113;100659;13.14;3700;11415672914;S
20241113;100712;13.135;800;11415674864;S
20241113;100716;13.16;300;11415675339;B
20241113;100726;13.16;200;11415676885;B
20241113;100726;13.165;500;11415676886;B
20241113;100737;13.15;500;11415678609;S
20241113;100751;13.17;3000;11415681116;B
20241113;100751;13.17;2000;11415681117;B
20241113;100757;13.17;100;11415682797;B
20241113;100757;13.175;2900;11415682798;B
20241113;100757;13.175;1800;11415682799;B
20241113;100757;13.18;2900;11415682800;B
20241113;100757;13.18;1700;11415682801;B
20241113;100757;13.18;100;11415682802;B
20241113;100757;13.18;5800;11415682803;B
20241113;100757;13.185;900;11415682804;B
20241113;100757;13.185;3000;11415682805;B
20241113;100757;13.185;6000;11415682806;B
20241113;100757;13.19;3000;11415682807;B
20241113;100757;13.19;23500;11415682808;B
20241113;100757;13.195;100;11415682809;B
20241113;100757;13.195;3000;11415682810;B
20241113;100757;13.195;300;11415682811;B
20241113;100757;13.195;7700;11415682812;B
20241113;100757;13.195;14700;11415682813;B
20241113;100757;13.2;21700;11415682814;B
20241113;100757;13.2;20000;11415682815;B
20241113;100757;13.2;3000;11415682816;B
20241113;100757;13.2;19900;11415682817;B
20241113;100757;13.2;100;11415682818;B
20241113;100757;13.205;3000;11415682819;B
20241113;100757;13.21;2000;11415682820;B
20241113;100757;13.21;3000;11415682821;B
20241113;100757;13.21;23400;11415682822;B
20241113;100757;13.195;1000;11415682825;S
20241113;100757;13.185;2000;11415682830;S
20241113;100757;13.18;600;11415682831;S
20241113;100757;13.205;300;11415682932;B
20241113;100758;13.19;100;11415682936;S
20241113;100758;13.205;600;11415682938;B
20241113;100758;13.205;1100;11415682979;B
20241113;100758;13.2;100;11415683008;B
20241113;100758;13.205;900;11415683009;B
20241113;100804;13.19;200;11415684038;S
20241113;100806;13.205;100;11415684365;B
20241113;100806;13.21;900;11415684366;B
20241113;100809;13.21;3000;11415685193;B
20241113;100809;13.215;100;11415685194;B
20241113;100809;13.215;3000;11415685195;B
20241113;100809;13.215;1900;11415685196;B
20241113;100813;13.205;100;11415686615;S
20241113;100813;13.195;100;11415686616;S
20241113;100817;13.21;3000;11415687439;B
20241113;100817;13.215;3000;11415687440;B
20241113;100817;13.215;29000;11415687441;B
20241113;100830;13.21;500;11415690441;B
20241113;100832;13.21;300;11415690668;B
20241113;100842;13.21;2200;11415692059;B
20241113;100842;13.21;700;11415692060;B
20241113;100842;13.215;1100;11415692061;B
20241113;100845;13.2;1700;11415692541;S
20241113;100845;13.2;1300;11415692542;S
20241113;100848;13.195;100;11415693116;S
20241113;100853;13.21;3000;11415693868;B
20241113;100853;13.21;500;11415693869;B
20241113;100853;13.21;100;11415693870;B
20241113;100853;13.21;1400;11415693871;B
20241113;100857;13.21;200;11415694352;B
20241113;100900;13.21;400;11415694784;B
20241113;100909;13.21;2400;11415696138;B
20241113;100909;13.21;3000;11415696139;B
20241113;100909;13.21;4600;11415696140;B
20241113;100912;13.21;500;11415696552;S
20241113;100915;13.21;1500;11415696905;S
20241113;100915;13.21;100;11415697020;S
20241113;100915;13.2;800;11415697063;S
20241113;100932;13.195;300;11415699629;S
20241113;100932;13.19;700;11415699630;S
20241113;100934;13.2;100;11415699930;S
20241113;100934;13.195;100;11415699931;S
20241113;100934;13.19;800;11415699932;S
20241113;100946;13.2;2000;11415701586;B
20241113;101006;13.2;700;11415704572;B
20241113;101007;13.2;4900;11415704634;B
20241113;101007;13.2;2000;11415704635;B
20241113;101007;13.205;2000;11415704636;B
20241113;101007;13.205;3000;11415704637;B
20241113;101007;13.21;400;11415704638;B
20241113;101007;13.21;3000;11415704639;B
20241113;101007;13.21;2000;11415704640;B
20241113;101007;13.215;22700;11415704641;B
20241113;101007;13.2;1000;11415704657;S
20241113;101007;13.2;1000;11415704667;S
20241113;101007;13.2;100;11415704761;S
20241113;101009;13.21;2100;11415704972;B
20241113;101009;13.215;22200;11415704973;B
20241113;101009;13.215;3000;11415704974;B
20241113;101009;13.215;500;11415704975;B
20241113;101009;13.22;3000;11415704976;B
20241113;101009;13.22;7000;11415704977;B
20241113;101009;13.225;3000;11415704978;B
20241113;101009;13.225;2100;11415704979;B
20241113;101009;13.225;7100;11415704980;B
20241113;101009;13.23;800;11415704982;B
20241113;101010;13.215;1200;11415705014;S
20241113;101011;13.21;1100;11415705108;S
20241113;101012;13.23;5000;11415705275;B
20241113;101017;13.215;100;11415706040;S
20241113;101022;13.235;100;11415706699;B
20241113;101022;13.235;2900;11415706700;B
20241113;101023;13.235;2400;11415706918;B
20241113;101023;13.235;2600;11415706919;B
20241113;101033;13.23;300;11415708279;S
20241113;101033;13.225;5700;11415708280;S
20241113;101033;13.24;100;11415708377;B
20241113;101037;13.24;600;11415708905;B
20241113;101037;13.24;21800;11415708906;B
20241113;101037;13.245;3000;11415708907;B
20241113;101037;13.245;5900;11415708908;B
20241113;101037;13.25;100;11415708909;B
20241113;101037;13.25;18600;11415708910;B
20241113;101040;13.235;300;11415709376;S
20241113;101043;13.235;2700;11415709787;S
20241113;101043;13.235;200;11415709788;S
20241113;101043;13.23;3000;11415709789;S
20241113;101043;13.23;1100;11415709790;S
20241113;101045;13.23;100;11415710182;S
20241113;101048;13.235;600;11415710483;S
20241113;101048;13.23;1700;11415710484;S
20241113;101055;13.245;200;11415711607;B
20241113;101059;13.23;100;11415712311;S
20241113;101059;13.23;1600;11415712312;S
20241113;101117;13.245;100;11415714597;B
20241113;101117;13.23;100;11415714603;S
20241113;101120;13.245;1000;11415714993;B
20241113;101125;13.245;100;11415715583;B
20241113;101128;13.23;200;11415716004;S
20241113;101133;13.245;200;11415716494;B
20241113;101134;13.245;1800;11415716653;B
20241113;101137;13.245;700;11415716955;B
20241113;101137;13.245;200;11415716956;B
20241113;101139;13.25;1400;11415717206;B
20241113;101139;13.25;100;11415717207;B
20241113;101139;13.25;1100;11415717208;B
20241113;101139;13.25;7400;11415717209;B
20241113;101141;13.25;2600;11415717539;B
20241113;101141;13.25;1000;11415717540;B
20241113;101141;13.25;300;11415717541;B
20241113;101141;13.25;400;11415717542;B
20241113;101141;13.255;700;11415717543;B
20241113;101142;13.245;500;11415717795;S
20241113;101143;13.255;100;11415717910;B
20241113;101144;13.245;500;11415718237;S
20241113;101146;13.255;200;11415718494;B
20241113;101146;13.255;1800;11415718495;B
20241113;101149;13.245;500;11415718922;S
20241113;101149;13.245;9900;11415718994;S
20241113;101151;13.255;200;11415719453;B
20241113;101151;13.255;7700;11415719454;B
20241113;101151;13.26;5000;11415719455;B
20241113;101151;13.26;100;11415719456;B
20241113;101151;13.26;1000;11415719457;B
20241113;101151;13.26;2300;11415719458;B
20241113;101151;13.26;200;11415719459;B
20241113;101151;13.26;100;11415719460;B
20241113;101151;13.265;3000;11415719461;B
20241113;101151;13.265;2300;11415719462;B
20241113;101151;13.27;3000;11415719463;B
20241113;101151;13.27;2000;11415719464;B
20241113;101151;13.27;1600;11415719465;B
20241113;101151;13.275;500;11415719466;B
20241113;101151;13.275;100;11415719467;B
20241113;101151;13.275;3000;11415719468;B
20241113;101151;13.275;22900;11415719469;B
20241113;101154;13.255;100;11415719852;S
20241113;101156;13.265;500;11415720307;B
20241113;101157;13.265;200;11415720313;B
20241113;101158;13.26;1000;11415720597;B
20241113;101158;13.25;200;11415720601;S
20241113;101158;13.25;100;11415720602;S
20241113;101158;13.26;1000;11415720604;B
20241113;101158;13.25;1900;11415720606;S
20241113;101158;13.245;100;11415720607;S
20241113;101158;13.26;1000;11415720608;B
20241113;101158;13.245;2000;11415720610;S
20241113;101158;13.26;2000;11415720611;B
20241113;101159;13.26;1000;11415720673;B
20241113;101159;13.245;1000;11415720674;S
20241113;101200;13.26;1000;11415720891;B
20241113;101200;13.245;1000;11415720897;S
20241113;101200;13.245;2000;11415720914;S
20241113;101200;13.26;2000;11415720915;B
20241113;101200;13.245;2000;11415720920;S
20241113;101200;13.26;2000;11415720921;B
20241113;101200;13.245;2000;11415720932;S
20241113;101200;13.26;2000;11415720939;B
20241113;101200;13.245;2000;11415720945;S
20241113;101200;13.26;2000;11415720946;B
20241113;101200;13.245;2000;11415720948;S
20241113;101200;13.245;400;11415720949;S
20241113;101203;13.255;1000;11415721501;B
20241113;101203;13.255;1000;11415721503;B
20241113;101204;13.255;1000;11415721505;B
20241113;101205;13.245;500;11415721714;S
20241113;101205;13.24;100;11415721715;S
20241113;101205;13.24;1400;11415721716;S
20241113;101205;13.255;1000;11415721718;B
20241113;101206;13.255;300;11415721989;B
20241113;101206;13.255;700;11415721990;B
20241113;101206;13.255;1300;11415721991;B
20241113;101206;13.255;1700;11415721992;B
20241113;101207;13.255;1000;11415722086;B
20241113;101207;13.24;600;11415722088;S
20241113;101207;13.24;100;11415722089;S
20241113;101207;13.235;300;11415722090;S
20241113;101207;13.235;2000;11415722092;S
20241113;101207;13.255;2000;11415722093;B
20241113;101207;13.255;1000;11415722094;B
20241113;101207;13.235;700;11415722107;S
20241113;101207;13.235;300;11415722108;S
20241113;101207;13.235;2000;11415722119;S
20241113;101207;13.255;1000;11415722121;B
20241113;101207;13.255;1000;11415722122;B
20241113;101207;13.235;2000;11415722134;S
20241113;101207;13.255;2000;11415722135;B
20241113;101207;13.24;2000;11415722138;S
20241113;101209;13.255;2000;11415722403;B
20241113;101209;13.245;100;11415722408;S
20241113;101209;13.24;1900;11415722409;S
20241113;101209;13.255;1000;11415722410;B
20241113;101209;13.255;1000;11415722411;B
20241113;101209;13.24;100;11415722416;S
20241113;101209;13.24;1800;11415722417;S
20241113;101209;13.235;100;11415722418;S
20241113;101219;13.23;100;11415724235;S
20241113;101225;13.25;1800;11415725168;B
20241113;101238;13.23;500;11415726709;S
20241113;101245;13.23;100;11415727777;S
20241113;101249;13.23;100;11415728343;S
20241113;101314;13.25;1200;11415731872;B
20241113;101314;13.25;2600;11415731873;B
20241113;101321;13.23;2200;11415733386;S
20241113;101321;13.23;1700;11415733387;S
20241113;101324;13.25;100;11415733794;B
20241113;101338;13.23;200;11415736067;S
20241113;101338;13.23;100;11415736068;S
20241113;101338;13.23;3000;11415736069;S
20241113;101338;13.23;2700;11415736070;S
20241113;101339;13.23;2000;11415736201;S
20241113;101339;13.23;3000;11415736202;S
20241113;101339;13.225;500;11415736203;S
20241113;101339;13.225;500;11415736204;S
20241113;101342;13.225;2500;11415736675;S
20241113;101342;13.225;2000;11415736676;S
20241113;101342;13.225;1500;11415736677;S
20241113;101343;13.225;3000;11415736830;S
20241113;101343;13.225;2000;11415736831;S
20241113;101343;13.22;1000;11415736832;S
20241113;101343;13.245;2000;11415736833;B
20241113;101346;13.225;3000;11415737174;S
20241113;101346;13.225;2000;11415737175;S
20241113;101346;13.225;1000;11415737176;S
20241113;101350;13.23;100;11415738149;S
20241113;101350;13.23;3000;11415738150;S
20241113;101350;13.23;2900;11415738151;S
20241113;101354;13.23;6000;11415738790;S
20241113;101356;13.23;500;11415739048;S
20241113;101356;13.23;500;11415739049;B
20241113;101356;13.24;400;11415739050;B
20241113;101356;13.24;200;11415739051;B
20241113;101356;13.245;900;11415739052;B
20241113;101356;13.245;600;11415739053;B
20241113;101356;13.245;1000;11415739054;B
20241113;101358;13.23;6000;11415739400;S
20241113;101402;13.23;2000;11415740008;S
20241113;101402;13.23;700;11415740025;S
20241113;101403;13.23;500;11415740230;S
20241113;101403;13.23;1000;11415740231;S
20241113;101403;13.23;3000;11415740232;S
20241113;101411;13.245;100;11415741316;B
20241113;101421;13.23;1000;11415742432;S
20241113;101421;13.23;100;11415742433;S
20241113;101426;13.23;7700;11415742910;S
20241113;101426;13.23;1000;11415742911;B
20241113;101426;13.23;200;11415742912;B
20241113;101426;13.225;500;11415742914;S
20241113;101426;13.225;2000;11415742917;S
20241113;101426;13.23;2000;11415742918;B
20241113;101426;13.225;500;11415742921;S
20241113;101426;13.225;1500;11415742922;S
20241113;101426;13.23;300;11415742923;B
20241113;101426;13.23;1500;11415742924;B
20241113;101426;13.23;200;11415742925;B
20241113;101426;13.225;2000;11415742926;S
20241113;101435;13.225;1000;11415744072;S
20241113;101445;13.235;400;11415745599;S
20241113;101452;13.245;2000;11415746637;B
20241113;101452;13.245;1600;11415746638;B
20241113;101458;13.245;100;11415747636;B
20241113;101459;13.235;3500;11415747692;S
20241113;101459;13.23;6500;11415747693;S
20241113;101505;13.23;5300;11415748829;S
20241113;101506;13.23;100;11415749013;S
20241113;101508;13.23;600;11415749330;S
20241113;101509;13.23;5000;11415749559;S
20241113;101509;13.23;300;11415749560;S
20241113;101513;13.23;100;11415750610;S
20241113;101513;13.23;5000;11415750821;S
20241113;101517;13.23;100;11415751899;S
20241113;101517;13.23;100;11415752062;S
20241113;101522;13.23;100;11415753563;S
20241113;101530;13.235;100;11415755257;B
20241113;101531;13.235;100;11415755515;B
20241113;101532;13.235;100;11415755574;B
20241113;101532;13.235;100;11415755577;B
20241113;101535;13.23;300;11415756074;S
20241113;101536;13.235;1000;11415756378;B
20241113;101543;13.235;3800;11415757465;B
20241113;101544;13.235;1000;11415757647;B
20241113;101546;13.235;100;11415757959;B
20241113;101547;13.235;100;11415758026;B
20241113;101547;13.235;800;11415758035;B
20241113;101548;13.235;100;11415758277;B
20241113;101550;13.235;100;11415758575;B
20241113;101615;13.23;7900;11415762189;S
20241113;101619;13.235;100;11415762865;B
20241113;101647;13.235;100;11415769317;B
20241113;101651;13.23;2000;11415770649;S
20241113;101651;13.23;2000;11415770656;S
20241113;101651;13.23;600;11415770658;S
20241113;101651;13.23;1600;11415770663;S
20241113;101651;13.235;1500;11415770664;B
20241113;101651;13.235;500;11415770665;B
20241113;101721;13.23;100;11415777756;S
20241113;101737;13.23;200;11415780375;S
20241113;101738;13.235;2500;11415780566;B
20241113;101742;13.235;1000;11415781292;B
20241113;101744;13.23;1000;11415781698;S
20241113;101746;13.23;1000;11415782479;S
20241113;101818;13.235;800;11415794483;B
20241113;101820;13.235;100;11415794977;B
20241113;101839;13.23;600;11415800138;S
20241113;101843;13.23;1700;11415800956;S
20241113;101843;13.23;300;11415800957;S
20241113;101844;13.235;17000;11415801122;B
20241113;101846;13.23;200;11415801576;S
20241113;101846;13.23;1300;11415801577;S
20241113;101848;13.23;200;11415801942;S
20241113;101850;13.235;1400;11415802319;B
20241113;101914;13.235;3600;11415806757;B
20241113;101920;13.235;1500;11415807699;B
20241113;101923;13.235;2000;11415808064;B
20241113;101929;13.235;300;11415809087;B
20241113;101929;13.23;6000;11415809213;S
20241113;101929;13.23;2000;11415809214;S
20241113;101929;13.23;100;11415809215;S
20241113;101929;13.23;100;11415809216;S
20241113;101929;13.23;10000;11415809217;S
20241113;101929;13.23;2300;11415809218;S
20241113;101929;13.23;1000;11415809221;B
20241113;101930;13.225;2000;11415809373;S
20241113;101930;13.23;1000;11415809374;B
20241113;101930;13.225;2000;11415809375;S
20241113;101930;13.23;2000;11415809376;B
20241113;101930;13.225;2000;11415809377;S
20241113;102008;13.225;1300;11415814373;S
20241113;102008;13.225;100;11415814374;S
20241113;102008;13.225;100;11415814375;S
20241113;102008;13.225;100;11415814376;S
20241113;102008;13.225;100;11415814377;S
20241113;102008;13.22;200;11415814378;S
20241113;102008;13.22;600;11415814379;S
20241113;102008;13.22;100;11415814380;S
20241113;102008;13.22;2200;11415814381;S
20241113;102008;13.22;100;11415814382;S
20241113;102008;13.215;1600;11415814383;S
20241113;102010;13.23;10000;11415814506;B
20241113;102010;13.215;100;11415814587;S
20241113;102018;13.215;1200;11415815598;S
20241113;102018;13.215;100;11415815599;S
20241113;102018;13.215;200;11415815600;S
20241113;102022;13.215;100;11415816553;S
20241113;102031;13.21;200;11415819370;S
20241113;102039;13.21;100;11415822869;S
20241113;102054;13.21;500;11415829434;S
20241113;102054;13.21;2000;11415829435;S
20241113;102056;13.21;5700;11415830185;S
20241113;102056;13.21;2000;11415830186;S
20241113;102056;13.21;2000;11415830187;S
20241113;102056;13.205;3000;11415830188;S
20241113;102056;13.205;100;11415830189;S
20241113;102056;13.205;2000;11415830190;S
20241113;102056;13.2;3000;11415830191;S
20241113;102056;13.2;2000;11415830192;S
20241113;102056;13.2;100;11415830193;S
20241113;102056;13.2;1000;11415830194;S
20241113;102056;13.2;6000;11415830195;S
20241113;102056;13.2;100;11415830196;S
20241113;102056;13.2;10000;11415830197;S
20241113;102056;13.2;4000;11415830198;S
20241113;102056;13.195;3000;11415830199;S
20241113;102056;13.195;100;11415830200;S
20241113;102056;13.195;500;11415830201;S
20241113;102056;13.195;16100;11415830202;S
20241113;102056;13.19;400;11415830203;S
20241113;102056;13.19;100;11415830204;S
20241113;102056;13.19;100;11415830205;S
20241113;102056;13.19;3000;11415830206;S
20241113;102056;13.19;100;11415830207;S
20241113;102056;13.19;3600;11415830208;S
20241113;102057;13.195;300;11415830604;B
20241113;102057;13.185;3000;11415830805;S
20241113;102057;13.185;500;11415830806;S
20241113;102057;13.185;2000;11415830807;S
20241113;102057;13.185;2000;11415830808;S
20241113;102100;13.185;500;11415831594;S
20241113;102103;13.195;100;11415832990;B
20241113;102109;13.205;3000;11415835485;B
20241113;102109;13.205;3900;11415835486;B
20241113;102109;13.205;3100;11415835487;B
20241113;102116;13.21;200;11415838167;B
20241113;102116;13.215;100;11415838168;B
20241113;102121;13.215;100;11415839974;B
20241113;102121;13.215;400;11415839975;B
20241113;102132;13.22;100;11415844862;B
20241113;102140;13.22;100;11415848490;B
20241113;102140;13.22;400;11415848491;B
20241113;102141;13.22;500;11415848590;B
20241113;102143;13.22;500;11415849777;B
20241113;102143;13.22;500;11415849894;B
20241113;102144;13.22;500;11415850289;B
20241113;102146;13.22;500;11415851028;B
20241113;102146;13.22;100;11415851175;B
20241113;102146;13.22;100;11415851176;B
20241113;102146;13.22;300;11415851177;B
20241113;102147;13.22;500;11415851491;B
20241113;102147;13.22;3000;11415851736;B
20241113;102147;13.22;500;11415851808;B
20241113;102148;13.22;500;11415852237;B
20241113;102148;13.22;500;11415852452;B
20241113;102152;13.22;3800;11415853992;B
20241113;102152;13.22;3000;11415853993;B
20241113;102152;13.225;3000;11415853994;B
20241113;102152;13.225;200;11415853995;B
20241113;102156;13.22;500;11415855997;B
20241113;102157;13.22;500;11415856183;B
20241113;102157;13.22;500;11415856360;B
20241113;102158;13.22;500;11415856608;B
20241113;102158;13.22;500;11415856749;B
20241113;102159;13.22;500;11415857030;B
20241113;102200;13.22;500;11415857228;B
20241113;102200;13.22;500;11415857538;B
20241113;102201;13.22;500;11415857742;B
20241113;102201;13.22;500;11415857958;B
20241113;102202;13.22;500;11415858133;B
20241113;102203;13.22;500;11415858629;B
20241113;102204;13.22;500;11415859028;B
20241113;102204;13.22;500;11415859213;B
20241113;102205;13.22;500;11415859758;B
20241113;102205;13.22;500;11415859919;B
20241113;102206;13.22;500;11415860182;B
20241113;102206;13.22;500;11415860343;B
20241113;102206;13.22;500;11415860542;B
20241113;102207;13.22;500;11415860799;B
20241113;102208;13.22;500;11415861228;B
20241113;102217;13.22;700;11415865783;B
20241113;102251;13.225;14800;11415871862;B
20241113;102251;13.225;3000;11415871863;B
20241113;102253;13.23;2300;11415872367;B
20241113;102253;13.23;700;11415872368;B
20241113;102257;13.23;300;11415872968;B
20241113;102309;13.225;400;11415874923;S
20241113;102318;13.23;200;11415876694;B
20241113;102321;13.225;1800;11415877302;S
20241113;102321;13.22;200;11415877303;S
20241113;102321;13.22;1000;11415877304;S
20241113;102321;13.22;2000;11415877305;S
20241113;102321;13.215;2400;11415877306;S
20241113;102321;13.215;1000;11415877307;S
20241113;102321;13.21;1200;11415877308;S
20241113;102353;13.215;100;11415882485;S
20241113;102420;13.23;500;11415885337;B
20241113;102420;13.23;1300;11415885424;B
20241113;102420;13.23;1200;11415885425;B
20241113;102420;13.23;500;11415885426;B
20241113;102459;13.23;400;11415891193;B
20241113;102503;13.23;100;11415891984;B
20241113;102525;13.23;1000;11415895541;B
20241113;102525;13.23;3000;11415895542;B
20241113;102525;13.23;2100;11415895543;B
20241113;102525;13.23;13900;11415895544;B
20241113;102527;13.215;100;11415895790;S
20241113;102533;13.23;2600;11415896671;B
20241113;102533;13.23;400;11415896672;B
20241113;102539;13.23;100;11415897610;B
20241113;102544;13.22;4000;11415898288;S
20241113;102548;13.23;3000;11415898846;B
20241113;102548;13.23;800;11415898847;B
20241113;102558;13.23;400;11415900648;B
20241113;102641;13.22;100;11415907349;S
20241113;102657;13.22;500;11415909369;S
20241113;102659;13.23;300;11415909528;B
20241113;102703;13.23;100;11415909930;B
20241113;102704;13.22;300;11415910034;S
20241113;102708;13.23;300;11415910442;B
20241113;102718;13.22;100;11415911546;S
20241113;102721;13.225;200;11415912042;S
20241113;102721;13.22;600;11415912043;S
20241113;102756;13.23;100;11415917060;B
20241113;102814;13.23;200;11415920105;B
20241113;102822;13.225;200;11415921041;S
20241113;102822;13.22;100;11415921042;S
20241113;102828;13.23;200;11415921846;B
20241113;102921;13.23;100;11415929244;B
20241113;102938;13.225;200;11415931346;S
20241113;102938;13.22;400;11415931347;S
20241113;102947;13.225;200;11415932256;S
20241113;102947;13.22;3900;11415932257;S
20241113;102947;13.22;400;11415932258;S
20241113;102947;13.22;2000;11415932259;S
20241113;102947;13.22;2200;11415932260;S
20241113;102947;13.215;1000;11415932261;S
20241113;102947;13.215;300;11415932262;S
20241113;102947;13.21;100;11415932263;S
20241113;102952;13.225;200;11415932728;S
20241113;102952;13.215;7700;11415932729;S
20241113;102952;13.215;1900;11415932730;S
20241113;102952;13.21;1700;11415932731;S
20241113;102952;13.21;300;11415932732;S
20241113;102952;13.21;1700;11415932733;S
20241113;102952;13.225;200;11415932735;B
20241113;102952;13.225;200;11415932739;B
20241113;102952;13.225;200;11415932743;B
20241113;102953;13.225;200;11415932744;B
20241113;102953;13.225;200;11415932746;B
20241113;102953;13.225;200;11415932750;B
20241113;102953;13.225;200;11415932754;B
20241113;102953;13.225;100;11415932758;B
20241113;102957;13.225;2000;11415933160;B
20241113;102957;13.225;1000;11415933161;B
20241113;102957;13.225;1000;11415933162;B
20241113;102957;13.225;1000;11415933163;B
20241113;102957;13.23;1000;11415933164;B
20241113;102957;13.225;3000;11415933165;B
20241113;102957;13.23;1400;11415933166;B
20241113;102957;13.23;600;11415933167;B
20241113;102957;13.23;500;11415933168;B
20241113;102957;13.23;3000;11415933169;B
20241113;102957;13.23;500;11415933170;B
20241113;102957;13.23;1600;11415933171;B
20241113;102957;13.23;5400;11415933172;B
20241113;102958;13.23;600;11415933271;B
20241113;103000;13.23;100;11415933417;B
20241113;103010;13.23;3900;11415934770;B
20241113;103010;13.23;1100;11415934771;B
20241113;103010;13.23;300;11415934818;B
20241113;103016;13.215;100;11415935319;S
20241113;103016;13.215;100;11415935382;S
20241113;103017;13.23;100;11415935451;B
20241113;103021;13.23;100;11415936090;B
20241113;103047;13.215;100;11415939858;S
20241113;103047;13.21;200;11415939859;S
20241113;103047;13.21;3000;11415939860;S
20241113;103047;13.21;7700;11415939861;S
20241113;103047;13.21;100;11415939862;S
20241113;103047;13.21;2000;11415939863;S
20241113;103047;13.21;100;11415939864;B
20241113;103103;13.205;1000;11415942918;S
20241113;103110;13.21;1800;11415943803;B
20241113;103110;13.21;2000;11415943804;B
20241113;103110;13.21;1400;11415943805;B
20241113;103110;13.215;1400;11415943806;B
20241113;103110;13.22;3000;11415943807;B
20241113;103110;13.22;2500;11415943808;B
20241113;103110;13.225;200;11415943809;B
20241113;103110;13.225;700;11415943810;B
20241113;103110;13.225;3000;11415943811;B
20241113;103110;13.23;1400;11415943812;B
20241113;103110;13.23;7700;11415943813;B
20241113;103110;13.23;200;11415943814;B
20241113;103110;13.23;3600;11415943815;B
20241113;103110;13.235;1100;11415943816;B
20241113;103149;13.22;300;11415949049;B
20241113;103149;13.22;2000;11415949050;B
20241113;103149;13.22;700;11415949051;B
20241113;103201;13.22;100;11415950722;B
20241113;103217;13.21;100;11415952758;S
20241113;103225;13.21;2900;11415953521;S
20241113;103225;13.21;7400;11415953522;S
20241113;103227;13.22;100;11415953851;B
20241113;103233;13.205;300;11415954384;S
20241113;103241;13.205;2700;11415955235;S
20241113;103241;13.205;200;11415955236;S
20241113;103241;13.205;6000;11415955237;S
20241113;103241;13.2;100;11415955238;S
20241113;103241;13.2;1000;11415955239;S
20241113;103243;13.205;100;11415955389;S
20241113;103251;13.22;2000;11415956314;B
20241113;103251;13.22;1700;11415956315;B
20241113;103251;13.22;1200;11415956316;B
20241113;103251;13.225;7700;11415956317;B
20241113;103251;13.225;3000;11415956318;B
20241113;103251;13.225;1200;11415956319;B
20241113;103251;13.225;200;11415956320;B
20241113;103251;13.23;3000;11415956321;B
20241113;103251;13.23;4000;11415956322;B
20241113;103251;13.235;18200;11415956323;B
20241113;103251;13.235;500;11415956324;B
20241113;103251;13.235;3000;11415956325;B
20241113;103251;13.235;100;11415956326;B
20241113;103251;13.235;4200;11415956327;B
20241113;103300;13.23;100;11415957191;B
20241113;103309;13.23;2900;11415958418;B
20241113;103309;13.23;1100;11415958419;B
20241113;103309;13.23;1000;11415958420;B
20241113;103312;13.23;100;11415958771;S
20241113;103315;13.235;100;11415959301;B
20241113;103320;13.225;100;11415960061;S
20241113;103339;13.23;100;11415962301;B
20241113;103347;13.215;200;11415963329;S
20241113;103405;13.225;3000;11415965705;B
20241113;103405;13.225;900;11415965706;B
20241113;103405;13.225;2000;11415965707;B
20241113;103405;13.23;5400;11415965708;B
20241113;103405;13.23;900;11415965709;B
20241113;103405;13.23;10900;11415965710;B
20241113;103405;13.23;1900;11415965711;B
20241113;103416;13.23;100;11415966949;B
20241113;103416;13.23;100;11415966950;B
20241113;103427;13.23;1900;11415968292;B
20241113;103427;13.23;800;11415968293;B
20241113;103427;13.23;3000;11415968294;B
20241113;103427;13.235;2900;11415968295;B
20241113;103427;13.235;800;11415968296;B
20241113;103427;13.235;2000;11415968299;S
20241113;103427;13.235;2000;11415968303;S
20241113;103427;13.235;2000;11415968304;S
20241113;103427;13.235;2000;11415968306;S
20241113;103427;13.235;2000;11415968310;S
20241113;103427;13.235;2000;11415968323;S
20241113;103427;13.235;2000;11415968337;S
20241113;103427;13.235;1600;11415968348;S
20241113;103427;13.23;400;11415968349;S
20241113;103432;13.235;100;11415968930;B
20241113;103438;13.22;2000;11415969873;S
20241113;103439;13.23;100;11415969985;B
20241113;103441;13.23;100;11415970246;B
20241113;103441;13.23;2000;11415970247;B
20241113;103441;13.23;800;11415970248;B
20241113;103441;13.23;3000;11415970249;B
20241113;103441;13.235;7600;11415970250;B
20241113;103441;13.235;800;11415970251;B
20241113;103441;13.235;3000;11415970252;B
20241113;103441;13.235;2000;11415970253;S
20241113;103441;13.235;2000;11415970256;S
20241113;103442;13.235;2000;11415970257;S
20241113;103442;13.235;1700;11415970261;S
20241113;103442;13.225;300;11415970262;S
20241113;103452;13.235;7700;11415971672;B
20241113;103452;13.235;2000;11415971673;B
20241113;103452;13.235;3000;11415971674;B
20241113;103452;13.235;800;11415971675;B
20241113;103452;13.235;2000;11415971676;S
20241113;103452;13.235;2000;11415971679;S
20241113;103452;13.235;2000;11415971680;S
20241113;103515;13.24;100;11415974661;B
20241113;103532;13.24;200;11415976384;B
20241113;103550;13.235;100;11415978228;S
20241113;103550;13.235;200;11415978229;S
20241113;103621;13.235;200;11415983166;S
20241113;103624;13.235;3300;11415983633;S
20241113;103636;13.235;1700;11415985822;S
20241113;103636;13.235;5000;11415985823;S
20241113;103636;13.235;200;11415985824;S
20241113;103636;13.225;1000;11415985825;B
20241113;103636;13.225;1000;11415985826;B
20241113;103636;13.225;200;11415985832;B
20241113;103636;13.225;200;11415985835;B
20241113;103637;13.225;200;11415985840;B
20241113;103637;13.225;200;11415985842;B
20241113;103637;13.225;200;11415985853;B
20241113;103637;13.225;100;11415985857;B
20241113;103637;13.225;100;11415985858;B
20241113;103637;13.225;200;11415985861;B
20241113;103637;13.225;200;11415985872;B
20241113;103637;13.225;100;11415985873;B
20241113;103642;13.235;200;11415986679;B
20241113;103659;13.23;100;11415989170;B
20241113;103709;13.23;900;11415990846;B
20241113;103717;13.23;6700;11415992035;B
20241113;103717;13.23;200;11415992036;B
20241113;103730;13.215;200;11415993745;S
20241113;103732;13.215;1400;11415993916;S
20241113;103732;13.215;200;11415993917;S
20241113;103732;13.21;3000;11415993918;S
20241113;103732;13.21;2000;11415993919;S
20241113;103732;13.205;2900;11415993920;S
20241113;103732;13.205;100;11415993921;S
20241113;103732;13.205;4200;11415993922;S
20241113;103732;13.205;4000;11415993923;S
20241113;103732;13.205;1200;11415993924;S
20241113;103732;13.2;2000;11415993925;S
20241113;103732;13.2;200;11415993926;S
20241113;103732;13.2;100;11415993927;S
20241113;103732;13.2;100;11415993928;S
20241113;103732;13.2;1100;11415993929;S
20241113;103732;13.195;2100;11415993930;S
20241113;103733;13.22;7700;11415994022;B
20241113;103733;13.22;1100;11415994023;B
20241113;103733;13.22;2000;11415994024;B
20241113;103733;13.225;200;11415994025;B
20241113;103733;13.225;200;11415994026;B
20241113;103733;13.225;3000;11415994027;B
20241113;103733;13.225;1000;11415994028;B
20241113;103733;13.23;3000;11415994029;B
20241113;103733;13.23;4000;11415994030;B
20241113;103733;13.235;2800;11415994031;B
20241113;103755;13.215;2000;11415996972;S
20241113;103755;13.215;7800;11415996973;S
20241113;103755;13.215;3000;11415996974;S
20241113;103755;13.215;7700;11415996975;S
20241113;103755;13.215;1500;11415996976;S
20241113;103815;13.23;200;11415999403;B
20241113;103820;13.215;1000;11415999873;S
20241113;103820;13.215;100;11415999913;S
20241113;103903;13.215;1800;11416005130;S
20241113;103906;13.215;100;11416005496;S
20241113;103906;13.215;100;11416005497;S
20241113;103906;13.21;600;11416005498;S
20241113;103938;13.21;1000;11416009411;S
20241113;103952;13.21;100;11416011354;S
20241113;103952;13.21;100;11416011355;S
20241113;103954;13.21;1000;11416011732;S
20241113;103958;13.225;200;11416012331;B
20241113;103958;13.225;800;11416012332;B
20241113;104009;13.21;1000;11416013798;S
20241113;104025;13.21;1800;11416016565;S
20241113;104025;13.225;100;11416016574;B
20241113;104041;13.225;1200;11416018840;B
20241113;104049;13.225;6000;11416020098;B
20241113;104101;13.215;100;11416021439;S
20241113;104101;13.21;100;11416021440;S
20241113;104131;13.21;1000;11416024780;S
20241113;104133;13.21;1900;11416025020;S
20241113;104150;13.21;100;11416026886;S
20241113;104156;13.21;100;11416027890;S
20241113;104159;13.21;8200;11416028164;S
20241113;104202;13.21;9700;11416028592;S
20241113;104202;13.21;1000;11416028593;S
20241113;104202;13.205;3000;11416028594;S
20241113;104202;13.205;1800;11416028595;S
20241113;104202;13.205;2000;11416028596;S
20241113;104202;13.2;2500;11416028597;S
20241113;104207;13.215;200;11416029176;B
20241113;104217;13.2;100;11416030357;S
20241113;104217;13.195;900;11416030358;S
20241113;104217;13.195;1000;11416030360;S
20241113;104217;13.195;100;11416030366;S
20241113;104217;13.195;200;11416030367;S
20241113;104217;13.195;700;11416030368;S
20241113;104222;13.195;100;11416030869;S
20241113;104223;13.19;100;11416030924;S
20241113;104229;13.19;100;11416031615;S
20241113;104257;13.195;1500;11416035137;S
20241113;104257;13.195;2000;11416035138;S
20241113;104257;13.19;2800;11416035139;S
20241113;104257;13.19;800;11416035140;S
20241113;104257;13.19;400;11416035141;S
20241113;104257;13.19;1500;11416035142;S
20241113;104257;13.19;6500;11416035143;S
20241113;104257;13.19;2300;11416035144;B
20241113;104257;13.185;100;11416035145;S
20241113;104257;13.185;300;11416035146;S
20241113;104324;13.19;300;11416038615;B
20241113;104327;13.19;100;11416039026;B
20241113;104328;13.19;100;11416039070;B
20241113;104329;13.19;100;11416039139;B
20241113;104329;13.19;100;11416039251;B
20241113;104330;13.19;100;11416039289;B
20241113;104331;13.19;100;11416039474;B
20241113;104332;13.19;100;11416039535;B
20241113;104332;13.19;100;11416039539;B
20241113;104332;13.19;100;11416039565;B
20241113;104333;13.19;700;11416039673;B
20241113;104339;13.19;100;11416040231;B
20241113;104339;13.185;100;11416040339;S
20241113;104339;13.185;100;11416040340;S
20241113;104344;13.185;100;11416040907;S
20241113;104344;13.185;200;11416040908;S
20241113;104345;13.19;100;11416041036;B
20241113;104347;13.185;500;11416041215;S
20241113;104422;13.19;21100;11416044972;B
20241113;104446;13.215;200;11416048505;B
20241113;104446;13.215;200;11416048506;B
20241113;104446;13.22;3000;11416048507;B
20241113;104446;13.22;6600;11416048508;B
20241113;104503;13.205;200;11416051517;S
20241113;104516;13.22;1200;11416053031;B
20241113;104516;13.22;3000;11416053032;B
20241113;104516;13.22;100;11416053033;B
20241113;104516;13.225;3000;11416053034;B
20241113;104516;13.225;7000;11416053035;B
20241113;104516;13.225;1500;11416053036;B
20241113;104516;13.225;2000;11416053037;B
20241113;104516;13.225;1100;11416053038;B
20241113;104516;13.23;100;11416053039;B
20241113;104516;13.23;5000;11416053040;B
20241113;104516;13.23;26000;11416053041;B
20241113;104517;13.225;3000;11416053150;B
20241113;104517;13.225;7000;11416053151;B
20241113;104544;13.22;100;11416056075;B
20241113;104551;13.22;300;11416056856;B
20241113;104553;13.215;200;11416057079;S
20241113;104554;13.215;300;11416057279;S
20241113;104559;13.22;4600;11416057970;B
20241113;104559;13.225;19000;11416057971;B
20241113;104559;13.225;3000;11416057972;B
20241113;104559;13.225;2000;11416057973;B
20241113;104559;13.225;1300;11416057974;B
20241113;104559;13.23;4900;11416057975;B
20241113;104559;13.23;3000;11416057976;B
20241113;104559;13.23;12200;11416057977;B
20241113;104610;13.23;400;11416059399;B
20241113;104610;13.23;200;11416059400;B
20241113;104610;13.23;100;11416059401;B
20241113;104610;13.235;100;11416059402;B
20241113;104647;13.235;200;11416063675;B
20241113;104653;13.235;100;11416064329;B
20241113;104654;13.225;100;11416064404;S
20241113;104654;13.225;900;11416064405;S
20241113;104655;13.225;300;11416064523;S
20241113;104658;13.235;200;11416064828;B
20241113;104658;13.235;4500;11416064829;B
20241113;104658;13.235;600;11416064830;B
20241113;104659;13.235;1400;11416064903;B
20241113;104659;13.235;900;11416064904;B
20241113;104659;13.235;200;11416064905;B
20241113;104709;13.235;100;11416066332;B
20241113;104809;13.22;400;11416073767;S
20241113;104809;13.22;200;11416073768;S
20241113;104809;13.215;400;11416073769;S
20241113;104809;13.215;300;11416073776;S
20241113;104818;13.225;200;11416074597;B
20241113;104818;13.225;700;11416074598;B
20241113;104830;13.23;100;11416075874;B
20241113;104830;13.23;300;11416075875;B
20241113;104838;13.23;100;11416076933;B
20241113;104839;13.23;1100;11416077029;B
20241113;104843;13.23;600;11416077575;B
20241113;104855;13.23;100;11416079679;B
20241113;104856;13.23;3000;11416079882;B
20241113;104859;13.215;1000;11416080251;S
20241113;104927;13.215;1300;11416083355;S
20241113;104927;13.215;700;11416083356;S
20241113;104933;13.215;300;11416083773;S
20241113;104933;13.215;100;11416083774;S
20241113;104933;13.21;3000;11416083775;S
20241113;104933;13.21;200;11416083776;S
20241113;104933;13.21;100;11416083777;S
20241113;104933;13.21;1300;11416083778;S
20241113;104938;13.215;2000;11416084159;S
20241113;104945;13.21;3000;11416084798;S
20241113;104945;13.21;1300;11416084799;S
20241113;105001;13.22;100;11416086166;B
20241113;105001;13.22;400;11416086167;B
20241113;105007;13.205;3000;11416086894;S
20241113;105007;13.205;100;11416086895;S
20241113;105007;13.205;900;11416086896;S
20241113;105007;13.205;1400;11416086897;S
20241113;105028;13.205;2000;11416089542;S
20241113;105108;13.22;100;11416095962;B
20241113;105113;13.22;100;11416096512;B
20241113;105118;13.22;400;11416096936;B
20241113;105127;13.22;100;11416098074;B
20241113;105204;13.21;200;11416102503;S
20241113;105204;13.21;100;11416102504;S
20241113;105207;13.22;700;11416102798;B
20241113;105219;13.22;600;11416103996;B
20241113;105219;13.22;200;11416103997;B
20241113;105219;13.225;1000;11416103998;B
20241113;105219;13.225;200;11416103999;B
20241113;105219;13.225;100;11416104000;B
20241113;105242;13.225;100;11416105702;B
20241113;105254;13.22;100;11416107087;B
20241113;105255;13.225;100;11416107159;B
20241113;105300;13.225;200;11416107945;B
20241113;105337;13.225;100;11416117038;B
20241113;105452;13.22;1000;11416125694;S
20241113;105452;13.215;2000;11416125695;S
20241113;105456;13.21;100;11416126254;S
20241113;105546;13.215;1800;11416130542;B
20241113;105552;13.215;100;11416131075;B
20241113;105552;13.21;100;11416131080;S
20241113;105553;13.215;100;11416131230;B
20241113;105553;13.215;100;11416131236;B
20241113;105608;13.21;2000;11416132898;S
20241113;105608;13.21;800;11416132899;S
20241113;105608;13.21;200;11416132900;S
20241113;105704;13.21;2600;11416138601;S
20241113;105704;13.21;1200;11416138602;S
20241113;105704;13.21;1200;11416138603;S
20241113;105707;13.22;100;11416138955;B
20241113;105720;13.225;200;11416140345;B
20241113;105750;13.225;600;11416144101;B
20241113;105750;13.225;200;11416144102;B
20241113;105750;13.225;100;11416144103;B
20241113;105754;13.23;100;11416144569;B
20241113;105756;13.225;100;11416144787;S
20241113;105801;13.23;400;11416145559;B
20241113;105803;13.23;100;11416145728;B
20241113;105824;13.23;100;11416148309;B
20241113;105825;13.23;1000;11416148422;B
20241113;105836;13.23;3400;11416149920;B
20241113;105836;13.23;100;11416149921;B
20241113;105836;13.23;1100;11416149922;B
20241113;105847;13.23;100;11416151458;S
20241113;105847;13.23;3000;11416151463;S
20241113;105853;13.235;200;11416152421;B
20241113;105902;13.235;200;11416153539;B
20241113;105902;13.235;200;11416153540;B
20241113;105902;13.235;100;11416153541;B
20241113;105902;13.24;400;11416153542;B
20241113;105903;13.24;200;11416153638;B
20241113;105903;13.24;200;11416153639;B
20241113;105903;13.24;9600;11416153640;B
20241113;105920;13.24;400;11416155646;B
20241113;105920;13.245;300;11416155647;B
20241113;105920;13.245;3000;11416155648;B
20241113;105920;13.245;3400;11416155649;B
20241113;105920;13.245;1300;11416155650;B
20241113;105920;13.25;3000;11416155651;B
20241113;105920;13.25;500;11416155652;B
20241113;105920;13.25;800;11416155653;B
20241113;105920;13.25;7300;11416155654;B
20241113;105921;13.235;200;11416155807;S
20241113;105932;13.24;100;11416157132;S
20241113;105932;13.24;1700;11416157133;S
20241113;110004;13.25;2700;11416161666;B
20241113;110004;13.25;4000;11416161667;B
20241113;110004;13.25;900;11416161668;B
20241113;110007;13.25;4100;11416162062;B
20241113;110007;13.25;900;11416162063;B
20241113;110016;13.235;7500;11416163611;S
20241113;110016;13.235;2000;11416163612;S
20241113;110016;13.235;1600;11416163613;S
20241113;110016;13.235;500;11416163614;S
20241113;110016;13.23;2300;11416163615;S
20241113;110016;13.23;200;11416163616;S
20241113;110016;13.23;600;11416163617;S
20241113;110016;13.23;3000;11416163618;S
20241113;110016;13.23;4000;11416163619;S
20241113;110016;13.23;1600;11416163620;S
20241113;110016;13.23;200;11416163621;S
20241113;110016;13.23;700;11416163622;S
20241113;110019;13.23;100;11416163915;B
20241113;110033;13.23;50000;11416166020;B
20241113;110128;13.23;300;11416172193;B
20241113;110132;13.23;300;11416173040;B
20241113;110148;13.23;15000;11416176377;B
20241113;110148;13.23;600;11416176378;B
20241113;110156;13.23;600;11416177916;B
20241113;110200;13.23;7000;11416179148;B
20241113;110201;13.23;100;11416179225;B
20241113;110202;13.23;1800;11416179748;B
20241113;110202;13.23;2200;11416179749;B
20241113;110203;13.23;1500;11416179992;B
20241113;110206;13.23;100;11416180803;B
20241113;110206;13.23;100;11416180814;B
20241113;110206;13.23;100;11416180831;B
20241113;110207;13.23;100;11416180870;B
20241113;110207;13.23;100;11416180921;B
20241113;110207;13.23;100;11416180942;B
20241113;110207;13.23;100;11416181030;B
20241113;110207;13.23;200;11416181055;B
20241113;110207;13.23;100;11416181071;B
20241113;110207;13.23;100;11416181075;B
20241113;110207;13.23;100;11416181083;B
20241113;110208;13.23;100;11416181147;B
20241113;110226;13.23;3000;11416186679;S
20241113;110226;13.23;2100;11416186680;S
20241113;110226;13.23;300;11416186681;S
20241113;110226;13.23;2000;11416186682;S
20241113;110226;13.225;1000;11416186683;S
20241113;110226;13.225;7700;11416186684;S
20241113;110226;13.225;100;11416186685;S
20241113;110226;13.225;3000;11416186686;S
20241113;110226;13.225;800;11416186687;S
20241113;110227;13.24;200;11416187272;B
20241113;110227;13.24;200;11416187273;B
20241113;110227;13.24;200;11416187274;B
20241113;110227;13.245;200;11416187275;B
20241113;110227;13.245;1100;11416187276;B
20241113;110227;13.25;100;11416187277;B
20241113;110227;13.25;100;11416187278;B
20241113;110227;13.25;200;11416187279;B
20241113;110227;13.25;3000;11416187280;B
20241113;110227;13.25;200;11416187281;B
20241113;110227;13.25;800;11416187282;B
20241113;110227;13.25;1900;11416187283;B
20241113;110227;13.255;3000;11416187284;B
20241113;110227;13.255;100;11416187285;B
20241113;110227;13.255;100;11416187286;B
20241113;110227;13.255;2500;11416187287;B
20241113;110227;13.255;500;11416187288;B
20241113;110227;13.255;1900;11416187289;B
20241113;110227;13.26;3000;11416187290;B
20241113;110227;13.26;2500;11416187291;B
20241113;110227;13.26;100;11416187292;B
20241113;110227;13.26;500;11416187293;B
20241113;110227;13.26;200;11416187294;B
20241113;110227;13.26;300;11416187295;B
20241113;110227;13.26;2100;11416187296;B
20241113;110240;13.26;2900;11416190086;B
20241113;110240;13.26;1100;11416190087;B
20241113;110303;13.245;2000;11416195544;S
20241113;110303;13.245;1900;11416195545;S
20241113;110303;13.245;100;11416195546;S
20241113;110334;13.26;800;11416201796;B
20241113;110334;13.26;9200;11416201797;B
20241113;110359;13.25;100;11416205827;S
20241113;110419;13.25;400;11416208937;S
20241113;110434;13.26;100;11416211338;B
20241113;110438;13.26;700;11416212284;B
20241113;110438;13.265;300;11416212285;B
20241113;110438;13.265;3000;11416212286;B
20241113;110438;13.265;2000;11416212287;B
20241113;110438;13.265;100;11416212288;B
20241113;110438;13.27;3000;11416212289;B
20241113;110438;13.27;1900;11416212290;B
20241113;110438;13.27;5000;11416212291;B
20241113;110438;13.275;100;11416212292;B
20241113;110438;13.275;11900;11416212293;B
20241113;110442;13.275;100;11416213074;B
20241113;110448;13.255;300;11416214066;S
20241113;110501;13.26;200;11416216390;B
20241113;110501;13.27;100;11416216391;B
20241113;110501;13.27;300;11416216424;B
20241113;110501;13.27;500;11416216425;B
20241113;110506;13.27;4200;11416217121;B
20241113;110522;13.275;1000;11416219273;B
20241113;110523;13.255;1000;11416219345;S
20241113;110533;13.27;5000;11416221296;B
20241113;110533;13.27;7700;11416221297;B
20241113;110533;13.275;3900;11416221298;B
20241113;110533;13.275;2900;11416221299;B
20241113;110554;13.265;100;11416224729;B
20241113;110554;13.265;6900;11416224730;B
20241113;110555;13.26;100;11416225006;B
20241113;110611;13.255;200;11416227513;S
20241113;110618;13.255;300;11416228571;S
20241113;110620;13.26;100;11416228848;B
20241113;110620;13.265;100;11416228849;B
20241113;110628;13.27;4000;11416230362;B
20241113;110628;13.26;100;11416230404;S
20241113;110654;13.26;600;11416235054;B
20241113;110654;13.27;400;11416235055;B
20241113;110702;13.27;1700;11416236725;B
20241113;110705;13.27;600;11416237516;B
20241113;110716;13.27;100;11416240197;B
20241113;110729;13.27;20500;11416242492;B
20241113;110740;13.27;2700;11416244343;B
20241113;110740;13.27;3000;11416244344;B
20241113;110740;13.27;1000;11416244345;B
20241113;110740;13.275;100;11416244346;B
20241113;110740;13.275;4000;11416244347;B
20241113;110740;13.275;10000;11416244348;B
20241113;110740;13.275;2000;11416244349;B
20241113;110740;13.275;2500;11416244350;B
20241113;110740;13.275;2000;11416244353;S
20241113;110740;13.275;2000;11416244355;S
20241113;110740;13.275;2000;11416244356;S
20241113;110740;13.275;2000;11416244359;S
20241113;110740;13.275;2000;11416244360;S
20241113;110740;13.275;2000;11416244363;S
20241113;110740;13.275;2000;11416244365;S
20241113;110741;13.275;2000;11416244367;S
20241113;110741;13.275;2000;11416244383;S
20241113;110741;13.275;2000;11416244392;S
20241113;110741;13.275;2000;11416244404;S
20241113;110741;13.275;2000;11416244412;S
20241113;110741;13.275;2000;11416244419;S
20241113;110741;13.275;2000;11416244422;S
20241113;110741;13.275;2000;11416244427;S
20241113;110741;13.275;2000;11416244439;S
20241113;110741;13.275;2000;11416244446;S
20241113;110741;13.275;2000;11416244455;S
20241113;110741;13.275;2000;11416244456;S
20241113;110741;13.275;2000;11416244458;S
20241113;110741;13.275;2000;11416244460;S
20241113;110741;13.275;300;11416244464;S
20241113;110821;13.275;20000;11416251881;S
20241113;110825;13.275;100;11416252690;S
20241113;110826;13.275;10000;11416252804;S
20241113;110826;13.275;600;11416252805;S
20241113;110826;13.275;3000;11416252806;S
20241113;110826;13.275;400;11416252807;S
20241113;110828;13.275;700;11416253247;S
20241113;110835;13.28;100;11416254604;B
20241113;110835;13.28;100;11416254605;B
20241113;110835;13.28;100;11416254606;B
20241113;110836;13.285;100;11416254753;B
20241113;110836;13.285;200;11416254831;B
20241113;110836;13.285;100;11416254832;B
20241113;110836;13.285;1100;11416254833;B
20241113;110836;13.285;400;11416254834;B
20241113;110836;13.285;3400;11416254909;B
20241113;110836;13.285;6600;11416254910;B
20241113;110843;13.28;100;11416256131;S
20241113;110903;13.28;1000;11416260204;S
20241113;110905;13.285;400;11416260731;B
20241113;110906;13.285;800;11416260892;B
20241113;110920;13.28;2600;11416263715;S
20241113;110920;13.28;2600;11416263716;S
20241113;110920;13.28;8800;11416263717;S
20241113;110936;13.28;20000;11416267154;S
20241113;110939;13.285;100;11416267875;B
20241113;110939;13.28;1200;11416267876;S
20241113;110954;13.275;100;11416271195;B
20241113;110957;13.265;200;11416271896;S
20241113;111028;13.265;200;11416279435;S
20241113;111046;13.275;10000;11416284029;S
20241113;111046;13.27;200;11416284030;S
20241113;111046;13.27;2000;11416284031;S
20241113;111046;13.27;200;11416284032;S
20241113;111046;13.265;4700;11416284033;S
20241113;111046;13.265;200;11416284034;S
20241113;111046;13.265;200;11416284037;B
20241113;111046;13.265;200;11416284044;B
20241113;111046;13.265;200;11416284054;B
20241113;111046;13.265;200;11416284062;B
20241113;111046;13.265;200;11416284071;B
20241113;111046;13.265;200;11416284075;B
20241113;111046;13.265;200;11416284080;B
20241113;111046;13.265;200;11416284088;B
20241113;111046;13.265;200;11416284099;B
20241113;111047;13.265;100;11416284114;B
20241113;111106;13.265;600;11416289116;B
20241113;111108;13.265;7000;11416289578;B
20241113;111124;13.265;7000;11416293293;B
20241113;111202;13.265;13600;11416303130;B
20241113;111202;13.265;9500;11416303131;B
20241113;111204;13.265;100;11416303667;B
20241113;111206;13.26;2900;11416304098;S
20241113;111212;13.265;1500;11416305390;B
20241113;111228;13.265;13900;11416308581;B
20241113;111236;13.28;100;11416310305;B
20241113;111236;13.28;100;11416310336;B
20241113;111236;13.285;2900;11416310337;B
20241113;111236;13.285;1000;11416310338;B
20241113;111236;13.285;100;11416310339;B
20241113;111300;13.285;100;11416319541;B
20241113;111304;13.285;800;11416321402;B
20241113;111304;13.285;200;11416321403;B
20241113;111304;13.29;100;11416321404;B
20241113;111304;13.29;10000;11416321405;B
20241113;111304;13.29;6900;11416321406;B
20241113;111304;13.29;3000;11416321407;B
20241113;111304;13.29;100;11416321408;B
20241113;111304;13.29;100;11416321409;B
20241113;111304;13.29;1000;11416321410;B
20241113;111304;13.29;4800;11416321411;B
20241113;111308;13.28;400;11416322956;B
20241113;111313;13.28;100;11416325188;B
20241113;111320;13.28;100;11416327741;B
20241113;111328;13.28;600;11416330524;B
20241113;111328;13.28;800;11416330545;B
20241113;111332;13.28;2000;11416331416;B
20241113;111332;13.28;900;11416331417;B
20241113;111339;13.28;100;11416332828;B
20241113;111339;13.285;500;11416332829;B
20241113;111339;13.285;2800;11416332830;B
20241113;111339;13.285;2000;11416332831;B
20241113;111339;13.285;4200;11416332832;B
20241113;111339;13.285;1000;11416332833;B
20241113;111339;13.29;25000;11416332834;B
20241113;111339;13.29;3000;11416332835;B
20241113;111339;13.29;4200;11416332836;B
20241113;111339;13.29;1000;11416332837;B
20241113;111339;13.295;100;11416332838;B
20241113;111339;13.295;5000;11416332839;B
20241113;111339;13.295;800;11416332840;B
20241113;111339;13.295;100;11416332841;B
20241113;111339;13.295;200;11416332842;B
20241113;111339;13.295;2000;11416332843;B
20241113;111339;13.295;5000;11416332844;B
20241113;111339;13.295;3000;11416332845;B
20241113;111339;13.295;1000;11416332846;B
20241113;111339;13.295;100;11416332847;B
20241113;111339;13.295;5900;11416332848;B
20241113;111339;13.295;1000;11416332849;B
20241113;111339;13.295;500;11416332850;B
20241113;111339;13.295;1300;11416332851;B
20241113;111339;13.295;200;11416332852;B
20241113;111339;13.295;3600;11416332853;B
20241113;111339;13.295;4400;11416332854;B
20241113;111339;13.3;23500;11416332855;B
20241113;111340;13.295;3000;11416333147;B
20241113;111340;13.295;2000;11416333148;B
20241113;111353;13.28;200;11416335752;S
20241113;111353;13.28;400;11416335753;S
20241113;111355;13.28;600;11416336115;S
20241113;111356;13.28;600;11416336349;S
20241113;111358;13.28;400;11416336692;S
20241113;111358;13.28;200;11416336693;S
20241113;111403;13.28;600;11416337830;S
20241113;111415;13.285;100;11416340340;S
20241113;111420;13.285;9900;11416341129;S
20241113;111420;13.28;2000;11416341130;S
20241113;111420;13.28;28500;11416341131;S
20241113;111434;13.295;100;11416343474;B
20241113;111454;13.275;100;11416347032;S
20241113;111456;13.29;100;11416347401;B
20241113;111457;13.275;100;11416347464;S
20241113;111500;13.29;4000;11416347791;B
20241113;111503;13.29;100;11416348306;B
20241113;111506;13.275;100;11416348932;S
20241113;111508;13.29;2000;11416349191;B
20241113;111508;13.29;5000;11416349192;B
20241113;111508;13.29;2300;11416349193;B
20241113;111508;13.295;2600;11416349194;B
20241113;111508;13.295;500;11416349195;B
20241113;111508;13.295;2800;11416349196;B
20241113;111508;13.295;200;11416349197;B
20241113;111508;13.295;3000;11416349198;B
20241113;111508;13.295;1000;11416349199;B
20241113;111508;13.295;100;11416349200;B
20241113;111508;13.295;2300;11416349201;B
20241113;111508;13.3;18200;11416349202;B
20241113;111512;13.295;3000;11416349888;B
20241113;111512;13.295;2000;11416349889;B
20241113;111512;13.295;3800;11416349890;B
20241113;111519;13.28;7700;11416350840;S
20241113;111519;13.28;5500;11416350841;S
20241113;111519;13.28;1800;11416350842;S
20241113;111537;13.29;3800;11416353376;B
20241113;111542;13.29;2000;11416354079;B
20241113;111542;13.29;1000;11416354080;B
20241113;111542;13.295;6200;11416354081;B
20241113;111542;13.295;4000;11416354082;B
20241113;111542;13.295;400;11416354083;B
20241113;111542;13.295;1400;11416354084;B
20241113;111551;13.295;3600;11416355205;B
20241113;111551;13.295;1000;11416355206;B
20241113;111551;13.295;2000;11416355207;B
20241113;111551;13.295;3400;11416355208;B
20241113;111606;13.29;100;11416357207;B
20241113;111608;13.29;900;11416357528;B
20241113;111608;13.29;2000;11416357529;B
20241113;111608;13.295;100;11416357530;B
20241113;111608;13.295;600;11416357531;B
20241113;111608;13.295;3200;11416357532;B
20241113;111608;13.3;1500;11416357533;B
20241113;111614;13.3;300;11416358385;B
20241113;111630;13.29;500;11416361299;B
20241113;111635;13.3;100;11416362144;B
20241113;111644;13.295;100;11416363461;B
20241113;111644;13.3;500;11416363462;B
20241113;111656;13.295;100;11416365512;B
20241113;111707;13.29;2000;11416367085;S
20241113;111718;13.285;100;11416369180;B
20241113;111718;13.285;900;11416369181;B
20241113;111740;13.285;1100;11416372706;B
20241113;111740;13.285;1000;11416372707;B
20241113;111740;13.285;1000;11416372708;B
20241113;111748;13.285;200;11416373722;B
20241113;111749;13.28;500;11416373855;S
20241113;111749;13.28;700;11416373975;S
20241113;111753;13.285;100;11416374478;B
20241113;111804;13.285;100;11416375844;B
20241113;111811;13.285;100;11416376921;B
20241113;111828;13.285;1000;11416379433;B
20241113;111837;13.285;100;11416380691;B
20241113;111844;13.28;200;11416381796;S
20241113;111849;13.285;1500;11416382430;B
20241113;111901;13.285;2800;11416383971;B
20241113;111901;13.285;1400;11416383972;B
20241113;111901;13.285;500;11416383973;B
20241113;111901;13.285;1500;11416383974;B
20241113;111901;13.285;300;11416383975;B
20241113;111901;13.285;1000;11416383976;B
20241113;111901;13.285;1000;11416383977;B
20241113;111901;13.29;2000;11416383978;B
20241113;111901;13.29;1000;11416383979;B
20241113;111901;13.29;30000;11416383980;B
20241113;111901;13.295;200;11416383981;B
20241113;111901;13.295;4500;11416383982;B
20241113;111910;13.295;100;11416385164;B
20241113;111917;13.295;100;11416385991;B
20241113;111939;13.295;800;11416388690;B
20241113;111939;13.295;200;11416388691;B
20241113;111951;13.295;400;11416390242;B
20241113;112002;13.295;400;11416392100;B
20241113;112002;13.295;700;11416392101;B
20241113;112019;13.295;100;11416396106;B
20241113;112053;13.295;200;11416401564;B
20241113;112053;13.295;1300;11416401565;B
20241113;112053;13.295;500;11416401566;B
20241113;112053;13.295;500;11416401567;B
20241113;112053;13.295;500;11416401568;B
20241113;112053;13.3;500;11416401569;B
20241113;112054;13.3;4500;11416401702;B
20241113;112058;13.295;300;11416402486;S
20241113;112101;13.295;3300;11416402902;S
20241113;112101;13.29;700;11416402903;S
20241113;112105;13.295;500;11416403624;B
20241113;112109;13.295;500;11416404237;B
20241113;112115;13.29;3600;11416405018;S
20241113;112115;13.29;1400;11416405019;S
20241113;112125;13.29;400;11416406511;S
20241113;112136;13.285;100;11416407906;S
20241113;112138;13.29;100;11416408193;B
20241113;112138;13.29;1900;11416408194;B
20241113;112140;13.285;100;11416408677;S
20241113;112152;13.285;100;11416410604;S
20241113;112157;13.285;100;11416411114;S
20241113;112157;13.285;4900;11416411115;S
20241113;112208;13.285;2900;11416412538;S
20241113;112208;13.28;100;11416412539;S
20241113;112208;13.28;9100;11416412540;S
20241113;112214;13.29;500;11416413251;B
20241113;112214;13.29;1400;11416413252;B
20241113;112217;13.275;300;11416413625;S
20241113;112218;13.28;100;11416413942;S
20241113;112218;13.275;2500;11416413943;S
20241113;112218;13.275;1600;11416413944;S
20241113;112224;13.275;100;11416414925;S
20241113;112225;13.275;100;11416414980;S
20241113;112234;13.29;600;11416416095;B
20241113;112234;13.29;1000;11416416096;B
20241113;112234;13.295;1000;11416416097;B
20241113;112234;13.295;100;11416416098;B
20241113;112234;13.295;7800;11416416099;B
20241113;112234;13.295;7700;11416416100;B
20241113;112234;13.295;4000;11416416101;B
20241113;112234;13.295;200;11416416102;B
20241113;112234;13.295;600;11416416103;B
20241113;112301;13.29;1700;11416418667;B
20241113;112301;13.29;1000;11416418668;B
20241113;112301;13.295;4400;11416418669;B
20241113;112301;13.295;400;11416418670;B
20241113;112301;13.295;300;11416418671;B
20241113;112301;13.295;2000;11416418672;B
20241113;112301;13.295;3800;11416418673;B
20241113;112301;13.295;1000;11416418674;B
20241113;112301;13.3;3500;11416418675;B
20241113;112303;13.285;600;11416418829;S
20241113;112303;13.285;400;11416418830;S
20241113;112335;13.295;100;11416422825;B
20241113;112335;13.3;400;11416422826;B
20241113;112350;13.295;100;11416424692;B
20241113;112358;13.295;1300;11416425432;B
20241113;112422;13.295;500;11416427798;B
20241113;112427;13.29;1000;11416428285;S
20241113;112434;13.295;100;11416428937;S
20241113;112434;13.29;1100;11416428938;S
20241113;112446;13.295;100;11416429886;S
20241113;112525;13.3;1500;11416433236;B
20241113;112525;13.295;100;11416433241;S
20241113;112527;13.295;100;11416433347;S
20241113;112537;13.295;1000;11416434327;S
20241113;112538;13.295;1000;11416434406;S
20241113;112539;13.295;1000;11416434513;S
20241113;112540;13.295;700;11416434626;S
20241113;112542;13.295;22300;11416434856;B
20241113;112542;13.295;7700;11416434857;B
20241113;112542;13.3;2300;11416434858;B
20241113;112543;13.29;2300;11416434921;S
20241113;112543;13.29;3600;11416434922;S
20241113;112543;13.29;2000;11416434923;S
20241113;112543;13.285;2100;11416434924;S
20241113;112545;13.285;800;11416435119;S
20241113;112551;13.285;4900;11416435794;S
20241113;112551;13.285;5100;11416435795;S
20241113;112618;13.295;1000;11416439478;B
20241113;112620;13.28;600;11416439708;S
20241113;112637;13.295;1000;11416442341;B
20241113;112637;13.295;5000;11416442342;B
20241113;112637;13.295;1000;11416442343;B
20241113;112637;13.295;7800;11416442344;B
20241113;112637;13.295;3700;11416442345;B
20241113;112654;13.295;2000;11416444578;B
20241113;112701;13.295;500;11416445357;B
20241113;112705;13.295;100;11416445712;B
20241113;112705;13.295;100;11416445713;B
20241113;112727;13.295;100;11416447975;S
20241113;112826;13.3;1000;11416453503;B
20241113;112833;13.3;100;11416453930;B
20241113;112848;13.3;100;11416455279;B
20241113;112905;13.3;400;11416456736;B
20241113;112906;13.3;300;11416457050;B
20241113;112934;13.3;800;11416459583;B
20241113;112935;13.295;100;11416459660;S
20241113;113001;13.295;5000;11416462007;B
20241113;113001;13.295;2200;11416462060;B
20241113;113010;13.295;100;11416462872;B
20241113;113014;13.29;100;11416463089;S
20241113;113025;13.295;100;11416464374;B
20241113;113031;13.295;300;11416464838;B
20241113;113031;13.3;100;11416464839;B
20241113;113045;13.3;2000;11416466311;B
20241113;113050;13.3;200;11416466856;B
20241113;113058;13.29;4900;11416467619;S
20241113;113058;13.29;500;11416467620;S
20241113;113058;13.29;10000;11416467621;S
20241113;113058;13.29;2000;11416467622;S
20241113;113058;13.29;200;11416467623;S
20241113;113101;13.29;2300;11416468255;B
20241113;113105;13.28;500;11416468576;S
20241113;113120;13.29;100;11416469731;B
20241113;113120;13.295;1700;11416469732;B
20241113;113147;13.285;1000;11416472115;S
20241113;113203;13.295;1000;11416473500;B
20241113;113203;13.295;200;11416473501;B
20241113;113203;13.295;800;11416473502;B
20241113;113231;13.28;300;11416475988;S
20241113;113240;13.29;500;11416476885;B
20241113;113240;13.29;1700;11416476886;B
20241113;113252;13.28;4000;11416477984;S
20241113;113253;13.285;100;11416478110;B
20241113;113302;13.285;300;11416478930;B
20241113;113321;13.28;6000;11416480577;S
20241113;113332;13.28;2000;11416481520;B
20241113;113338;13.28;1400;11416482097;B
20241113;113347;13.28;100;11416482895;B
20241113;113405;13.28;900;11416484656;B
20241113;113437;13.28;9600;11416487285;B
20241113;113437;13.285;1000;11416487286;B
20241113;113437;13.285;5200;11416487287;B
20241113;113437;13.285;800;11416487288;B
20241113;113437;13.285;200;11416487289;B
20241113;113437;13.285;200;11416487290;B
20241113;113504;13.285;500;11416490238;B
20241113;113511;13.285;5100;11416490781;B
20241113;113511;13.285;2000;11416490782;B
20241113;113511;13.29;2900;11416490783;B
20241113;113541;13.29;100;11416493514;B
20241113;113628;13.29;500;11416497235;B
20241113;113629;13.29;1500;11416497257;B
20241113;113632;13.28;100;11416497474;S
20241113;113649;13.29;100;11416498629;B
20241113;113650;13.29;500;11416498792;B
20241113;113653;13.29;1000;11416499011;B
20241113;113657;13.28;100;11416499369;S
20241113;113706;13.28;100;11416499971;S
20241113;113706;13.275;200;11416499972;S
20241113;113706;13.275;100;11416499973;S
20241113;113713;13.28;100;11416500558;S
20241113;113726;13.28;100;11416501586;S
20241113;113747;13.29;100;11416503508;B
20241113;113755;13.28;200;11416504363;S
20241113;113755;13.28;100;11416504364;S
20241113;113755;13.275;100;11416504365;S
20241113;113801;13.28;100;11416504946;S
20241113;113830;13.28;100;11416507186;S
20241113;113854;13.28;100;11416509477;S
20241113;113854;13.29;11600;11416509552;B
20241113;113854;13.29;1000;11416509553;B
20241113;113854;13.29;200;11416509554;B
20241113;113854;13.29;3000;11416509555;B
20241113;113854;13.29;100;11416509556;B
20241113;113854;13.29;600;11416509557;B
20241113;113854;13.29;2000;11416509558;B
20241113;113854;13.29;13700;11416509559;B
20241113;113854;13.29;100;11416509560;B
20241113;113854;13.295;39200;11416509561;B
20241113;113854;13.295;9900;11416509562;B
20241113;113854;13.295;78200;11416509563;B
20241113;113854;13.295;3000;11416509564;B
20241113;113854;13.295;1000;11416509565;B
20241113;113854;13.295;200;11416509566;B
20241113;113854;13.3;100;11416509567;B
20241113;113854;13.3;300;11416509568;B
20241113;113854;13.3;20000;11416509569;B
20241113;113854;13.3;3000;11416509570;B
20241113;113854;13.3;10000;11416509571;B
20241113;113854;13.3;700;11416509572;B
20241113;113854;13.3;5000;11416509573;B
20241113;113854;13.3;100;11416509574;B
20241113;113854;13.3;100;11416509575;B
20241113;113854;13.3;400;11416509576;B
20241113;113854;13.3;1000;11416509577;B
20241113;113854;13.3;35000;11416509578;B
20241113;113854;13.3;200;11416509579;B
20241113;113854;13.3;5000;11416509580;B
20241113;113854;13.3;4500;11416509581;B
20241113;113854;13.3;5500;11416509582;B
20241113;113854;13.3;20000;11416509583;B
20241113;113854;13.3;2000;11416509584;B
20241113;113854;13.3;100;11416509585;B
20241113;113854;13.3;100;11416509586;B
20241113;113854;13.3;300;11416509587;B
20241113;113854;13.3;100;11416509588;B
20241113;113854;13.3;100;11416509589;B
20241113;113854;13.3;100;11416509590;B
20241113;113854;13.3;3000;11416509591;B
20241113;113854;13.3;400;11416509592;B
20241113;113854;13.3;700;11416509593;B
20241113;113854;13.3;2000;11416509594;B
20241113;113854;13.3;100;11416509595;B
20241113;113854;13.305;1000;11416509596;B
20241113;113854;13.305;1000;11416509597;B
20241113;113854;13.305;3000;11416509598;B
20241113;113854;13.31;100;11416509599;B
20241113;113854;13.31;1000;11416509600;B
20241113;113854;13.31;3000;11416509601;B
20241113;113854;13.31;8400;11416509602;B
20241113;113855;13.31;600;11416509607;B
20241113;113855;13.315;100;11416509650;B
20241113;113855;13.315;100;11416509651;B
20241113;113855;13.315;600;11416509652;B
20241113;113900;13.3;7700;11416510123;S
20241113;113900;13.3;4100;11416510124;S
20241113;113900;13.3;3000;11416510125;S
20241113;113900;13.3;2000;11416510126;S
20241113;113900;13.3;15700;11416510127;S
20241113;113900;13.3;17500;11416510128;S
20241113;113900;13.31;200;11416510130;B
20241113;113904;13.31;3900;11416510605;B
20241113;113909;13.305;300;11416511141;S
20241113;113921;13.31;100;11416512288;B
20241113;113930;13.31;900;11416513246;B
20241113;113930;13.315;400;11416513247;B
20241113;113930;13.315;5000;11416513248;B
20241113;113930;13.315;2000;11416513249;B
20241113;113930;13.315;200;11416513250;B
20241113;113930;13.315;200;11416513251;B
20241113;113930;13.315;1300;11416513252;B
20241113;113930;13.32;100;11416513254;B
20241113;113930;13.32;700;11416513255;B
20241113;113934;13.32;2000;11416513529;B
20241113;113939;13.32;1500;11416514283;B
20241113;113943;13.305;2000;11416514648;S
20241113;113943;13.305;400;11416514649;S
20241113;113943;13.305;2200;11416514650;S
20241113;113943;13.3;3000;11416514651;S
20241113;113943;13.3;2400;11416514652;S
20241113;113946;13.31;1500;11416514974;S
20241113;113951;13.31;500;11416515368;S
20241113;113952;13.305;100;11416515562;S
20241113;114003;13.305;900;11416516330;S
20241113;114003;13.305;200;11416516331;S
20241113;114003;13.3;3000;11416516332;S
20241113;114003;13.3;5900;11416516333;S
20241113;114022;13.3;300;11416518316;S
20241113;114024;13.31;100;11416518506;B
20241113;114027;13.31;200;11416518658;B
20241113;114027;13.31;100;11416518659;B
20241113;114027;13.31;200;11416518666;B
20241113;114027;13.31;200;11416518667;B
20241113;114027;13.31;200;11416518677;B
20241113;114027;13.31;200;11416518678;B
20241113;114027;13.31;200;11416518681;B
20241113;114027;13.31;100;11416518683;B
20241113;114027;13.31;100;11416518684;B
20241113;114027;13.31;200;11416518687;B
20241113;114027;13.31;200;11416518692;B
20241113;114027;13.31;200;11416518693;B
20241113;114027;13.31;200;11416518699;B
20241113;114027;13.31;100;11416518704;B
20241113;114059;13.3;100;11416521668;S
20241113;114059;13.3;200;11416521669;S
20241113;114151;13.305;100;11416525500;B
20241113;114154;13.31;100;11416525722;B
20241113;114159;13.3;100;11416526151;S
20241113;114159;13.3;2000;11416526152;S
20241113;114159;13.3;5000;11416526153;S
20241113;114159;13.3;100;11416526154;S
20241113;114159;13.295;3000;11416526155;S
20241113;114159;13.295;1500;11416526156;S
20241113;114201;13.31;100;11416526386;B
20241113;114208;13.31;1200;11416526898;B
20241113;114208;13.31;1800;11416526899;B
20241113;114233;13.315;500;11416529236;B
20241113;114233;13.315;3000;11416529237;B
20241113;114233;13.315;14500;11416529238;B
20241113;114233;13.315;1600;11416529239;B
20241113;114233;13.315;200;11416529240;B
20241113;114233;13.315;200;11416529241;B
20241113;114233;13.315;200;11416529242;B
20241113;114233;13.32;800;11416529243;B
20241113;114233;13.32;100;11416529244;B
20241113;114233;13.32;1000;11416529245;B
20241113;114233;13.32;1500;11416529246;B
20241113;114233;13.32;100;11416529247;B
20241113;114233;13.32;700;11416529248;B
20241113;114233;13.32;20000;11416529249;B
20241113;114233;13.32;3000;11416529250;B
20241113;114233;13.32;2000;11416529251;B
20241113;114233;13.325;1000;11416529252;B
20241113;114233;13.325;800;11416529253;B
20241113;114233;13.325;3000;11416529254;B
20241113;114233;13.325;2600;11416529255;B
20241113;114233;13.325;5300;11416529256;B
20241113;114233;13.33;1100;11416529257;B
20241113;114233;13.33;75000;11416529258;B
20241113;114233;13.33;5000;11416529259;B
20241113;114233;13.33;1000;11416529260;B
20241113;114233;13.33;200;11416529261;B
20241113;114233;13.33;200;11416529262;B
20241113;114233;13.33;5000;11416529263;B
20241113;114233;13.33;3000;11416529264;B
20241113;114233;13.335;1000;11416529265;B
20241113;114233;13.335;100;11416529266;B
20241113;114233;13.335;67000;11416529267;B
20241113;114233;13.335;3000;11416529268;B
20241113;114233;13.34;100;11416529269;B
20241113;114233;13.34;1000;11416529270;B
20241113;114233;13.34;3000;11416529271;B
20241113;114233;13.345;1000;11416529272;B
20241113;114233;13.345;100;11416529273;B
20241113;114233;13.345;71600;11416529274;B
20241113;114233;13.31;2000;11416529275;S
20241113;114233;13.31;1000;11416529277;S
20241113;114233;13.31;1000;11416529278;S
20241113;114233;13.31;1700;11416529279;S
20241113;114233;13.31;300;11416529280;S
20241113;114234;13.34;3300;11416529356;B
20241113;114242;13.335;500;11416529963;B
20241113;114242;13.345;2500;11416529964;B
20241113;114244;13.345;500;11416530139;B
20241113;114245;13.345;100;11416530228;B
20241113;114256;13.345;100;11416531043;B
20241113;114304;13.345;7000;11416531733;B
20241113;114304;13.345;600;11416531734;B
20241113;114304;13.33;100;11416531736;S
20241113;114305;13.33;2800;11416531771;S
20241113;114309;13.33;100;11416532082;S
20241113;114312;13.33;500;11416532315;S
20241113;114321;13.33;200;11416533387;S
20241113;114323;13.33;100;11416533840;S
20241113;114332;13.34;300;11416535638;B
20241113;114343;13.345;100;11416537233;B
20241113;114351;13.345;200;11416538374;B
20241113;114414;13.34;900;11416540619;S
20241113;114417;13.345;1600;11416540829;B
20241113;114420;13.34;400;11416541049;S
20241113;114422;13.345;3600;11416541197;B
20241113;114422;13.345;3200;11416541262;B
20241113;114424;13.345;1500;11416541559;B
20241113;114424;13.345;7400;11416541634;B
20241113;114424;13.345;200;11416541635;B
20241113;114424;13.345;2400;11416541636;B
20241113;114424;13.345;2600;11416541639;B
20241113;114424;13.345;400;11416541640;B
20241113;114439;13.345;600;11416544438;B
20241113;114439;13.35;3000;11416544439;B
20241113;114439;13.35;100;11416544440;B
20241113;114439;13.35;100;11416544441;B
20241113;114439;13.35;100;11416544442;B
20241113;114439;13.35;5000;11416544443;B
20241113;114439;13.35;1000;11416544444;B
20241113;114439;13.35;100;11416544445;B
20241113;114439;13.345;4600;11416544524;S
20241113;114441;13.35;9900;11416544777;B
20241113;114441;13.35;100;11416544778;B
20241113;114442;13.345;3100;11416544994;S
20241113;114442;13.345;10300;11416544995;S
20241113;114442;13.345;3000;11416544996;S
20241113;114442;13.345;2000;11416544997;S
20241113;114442;13.345;1600;11416544998;S
20241113;114442;13.345;2400;11416545026;S
20241113;114442;13.345;5200;11416545027;S
20241113;114442;13.345;2400;11416545028;S
20241113;114443;13.35;4800;11416545043;B
20241113;114446;13.345;600;11416545389;S
20241113;114446;13.345;2000;11416545390;S
20241113;114446;13.34;300;11416545391;S
20241113;114446;13.34;7100;11416545392;S
20241113;114447;13.35;100;11416545439;B
20241113;114447;13.35;400;11416545440;B
20241113;114447;13.355;100;11416545441;B
20241113;114447;13.355;900;11416545442;B
20241113;114447;13.345;1100;11416545447;S
20241113;114448;13.35;500;11416545532;B
20241113;114448;13.355;100;11416545533;B
20241113;114448;13.36;1200;11416545534;B
20241113;114448;13.36;1000;11416545535;B
20241113;114448;13.36;100;11416545536;B
20241113;114448;13.36;100;11416545537;B
20241113;114448;13.36;500;11416545538;B
20241113;114448;13.36;800;11416545539;B
20241113;114455;13.345;500;11416546191;S
20241113;114457;13.35;1000;11416546305;S
20241113;114457;13.35;2000;11416546309;S
20241113;114457;13.35;1900;11416546310;S
20241113;114457;13.35;100;11416546311;S
20241113;114457;13.35;1900;11416546313;S
20241113;114457;13.345;100;11416546314;S
20241113;114500;13.35;1000;11416546581;S
20241113;114505;13.35;1600;11416547052;S
20241113;114505;13.35;2000;11416547053;S
20241113;114505;13.35;200;11416547054;S
20241113;114505;13.36;3300;11416547055;B
20241113;114505;13.36;1000;11416547056;B
20241113;114505;13.365;700;11416547057;B
20241113;114509;13.365;100;11416547436;B
20241113;114511;13.36;4200;11416547712;B
20241113;114513;13.36;2000;11416547855;B
20241113;114513;13.355;10000;11416547883;S
20241113;114519;13.36;9600;11416548485;B
20241113;114519;13.365;200;11416548486;B
20241113;114519;13.365;1100;11416548487;B
20241113;114519;13.365;500;11416548488;B
20241113;114519;13.365;2000;11416548489;B
20241113;114521;13.365;1000;11416548655;S
20241113;114527;13.37;1000;11416549523;B
20241113;114527;13.37;7700;11416549524;B
20241113;114527;13.37;10000;11416549525;B
20241113;114527;13.375;5000;11416549526;B
20241113;114527;13.375;1000;11416549527;B
20241113;114527;13.375;100;11416549528;B
20241113;114527;13.375;100;11416549529;B
20241113;114527;13.375;3400;11416549530;B
20241113;114528;13.365;100;11416549711;S
20241113;114528;13.365;2800;11416549735;S
20241113;114533;13.365;200;11416550696;S
20241113;114537;13.37;700;11416551402;B
20241113;114546;13.365;1700;11416552594;S
20241113;114546;13.365;1000;11416552595;S
20241113;114546;13.365;2900;11416552596;S
20241113;114547;13.365;100;11416552679;S
20241113;114547;13.365;7300;11416552680;S
20241113;114557;13.365;200;11416553458;S
20241113;114603;13.37;300;11416554120;B
20241113;114603;13.37;1000;11416554121;B
20241113;114603;13.375;1600;11416554122;B
20241113;114603;13.375;1000;11416554123;B
20241113;114603;13.375;1100;11416554124;B
20241113;114603;13.375;2000;11416554151;B
20241113;114611;13.375;100;11416554739;B
20241113;114612;13.365;100;11416554848;S
20241113;114621;13.375;100;11416555638;B
20241113;114623;13.365;1000;11416555764;S
20241113;114625;13.375;1700;11416555944;B
20241113;114625;13.375;1000;11416555945;B
20241113;114625;13.38;1300;11416555946;B
20241113;114625;13.38;100;11416555947;B
20241113;114625;13.38;900;11416555948;B
20241113;114627;13.375;1200;11416556092;B
20241113;114630;13.375;1600;11416556355;B
20241113;114630;13.38;100;11416556356;B
20241113;114630;13.38;1000;11416556357;B
20241113;114630;13.38;200;11416556358;B
20241113;114630;13.38;6000;11416556359;B
20241113;114630;13.38;1100;11416556360;B
20241113;114634;13.37;1000;11416556574;S
20241113;114639;13.375;100;11416556969;S
20241113;114639;13.375;600;11416556970;S
20241113;114646;13.375;700;11416557701;B
20241113;114648;13.375;1800;11416558444;B
20241113;114648;13.375;1000;11416558445;B
20241113;114651;13.38;700;11416559206;B
20241113;114655;13.375;500;11416560022;S
20241113;114657;13.38;100;11416560682;B
20241113;114712;13.38;200;11416563760;B
20241113;114712;13.38;700;11416563761;B
20241113;114714;13.375;10000;11416563967;S
20241113;114715;13.38;300;11416564082;B
20241113;114715;13.385;1000;11416564083;B
20241113;114715;13.385;100;11416564084;B
20241113;114715;13.385;600;11416564085;B
20241113;114717;13.375;6700;11416564242;S
20241113;114721;13.375;1000;11416564548;S
20241113;114722;13.375;100;11416564722;S
20241113;114722;13.375;100;11416564723;S
20241113;114722;13.375;800;11416564724;S
20241113;114722;13.375;100;11416564746;S
20241113;114723;13.37;800;11416564823;S
20241113;114723;13.37;200;11416564824;S
20241113;114725;13.365;1000;11416564951;S
20241113;114726;13.365;400;11416565058;S
20241113;114726;13.365;600;11416565059;S
20241113;114727;13.375;200;11416565108;S
20241113;114727;13.375;1000;11416565162;S
20241113;114728;13.375;1000;11416565275;S
20241113;114730;13.375;1000;11416565380;S
20241113;114731;13.375;1000;11416565446;S
20241113;114734;13.375;1000;11416565689;S
20241113;114735;13.375;1000;11416565756;S
20241113;114737;13.375;1000;11416565892;S
20241113;114739;13.375;10000;11416565986;S
20241113;114739;13.375;1000;11416566007;S
20241113;114740;13.375;10000;11416566117;S
20241113;114744;13.38;100;11416566615;B
20241113;114744;13.38;100;11416566626;B
20241113;114745;13.38;100;11416566667;B
20241113;114746;13.38;100;11416566725;B
20241113;114746;13.38;100;11416566793;B
20241113;114746;13.38;100;11416566824;B
20241113;114750;13.38;300;11416567192;B
20241113;114752;13.38;9700;11416567252;B
20241113;114752;13.38;14000;11416567253;B
20241113;114752;13.385;1000;11416567254;B
20241113;114752;13.385;6500;11416567255;B
20241113;114752;13.385;1000;11416567256;B
20241113;114752;13.385;1100;11416567257;B
20241113;114756;13.38;1000;11416567558;S
20241113;114758;13.38;1000;11416567736;S
20241113;114759;13.38;1000;11416567881;S
20241113;114801;13.38;1000;11416568079;S
20241113;114804;13.38;1000;11416568550;S
20241113;114806;13.385;100;11416568642;B
20241113;114806;13.375;100;11416568663;S
20241113;114809;13.375;400;11416569060;S
20241113;114810;13.375;100;11416569131;S
20241113;114812;13.38;7000;11416569337;S
20241113;114812;13.38;6300;11416569367;S
20241113;114812;13.375;3700;11416569368;S
20241113;114835;13.385;500;11416572100;B
20241113;114835;13.385;500;11416572101;B
20241113;114835;13.385;1000;11416572102;B
20241113;114843;13.385;7700;11416572807;B
20241113;114854;13.385;200;11416574595;B
20241113;114906;13.375;17000;11416576601;S
20241113;114906;13.375;500;11416576603;S
20241113;114908;13.38;100;11416576890;B
20241113;114908;13.38;100;11416576891;B
20241113;114923;13.38;3000;11416577988;B
20241113;114932;13.375;100;11416578663;S
20241113;114936;13.375;1900;11416579183;S
20241113;114936;13.37;100;11416579184;S
20241113;114939;13.37;100;11416579355;S
20241113;114942;13.37;1800;11416579934;S
20241113;114942;13.37;1700;11416579935;S
20241113;114943;13.37;300;11416580083;S
20241113;114943;13.37;30000;11416580084;S
20241113;114944;13.365;5000;11416580394;S
20241113;114944;13.365;100;11416580395;S
20241113;114944;13.36;3000;11416580396;S
20241113;114944;13.36;500;11416580397;S
20241113;114944;13.36;3300;11416580398;S
20241113;114944;13.36;2000;11416580399;S
20241113;114944;13.36;200;11416580400;S
20241113;114944;13.355;3000;11416580401;S
20241113;114944;13.355;1000;11416580402;S
20241113;114944;13.355;3300;11416580403;S
20241113;114944;13.35;3000;11416580404;S
20241113;114944;13.35;3000;11416580405;S
20241113;114944;13.35;200;11416580406;S
20241113;114944;13.35;2400;11416580407;S
20241113;114945;13.355;3000;11416580731;S
20241113;114946;13.355;100;11416580776;S
20241113;114951;13.355;100;11416582139;S
20241113;115011;13.355;100;11416586821;S
20241113;115012;13.365;500;11416586987;B
20241113;115016;13.365;100;11416587434;B
20241113;115026;13.365;100;11416588463;B
20241113;115044;13.365;3000;11416590537;B
20241113;115053;13.355;1700;11416591655;S
20241113;115053;13.355;3000;11416591656;S
20241113;115053;13.355;200;11416591657;S
20241113;115053;13.355;2400;11416591658;S
20241113;115053;13.35;2500;11416591659;S
20241113;115053;13.35;5000;11416591660;S
20241113;115053;13.35;500;11416591661;S
20241113;115053;13.35;3000;11416591662;S
20241113;115053;13.35;1700;11416591663;S
20241113;115100;13.365;4400;11416592617;B
20241113;115100;13.365;400;11416592618;B
20241113;115100;13.365;2100;11416592619;B
20241113;115100;13.365;200;11416592628;S
20241113;115112;13.365;1000;11416593870;S
20241113;115115;13.37;5000;11416594244;B
20241113;115120;13.365;100;11416595040;S
20241113;115127;13.37;1500;11416595758;B
20241113;115130;13.365;200;11416595993;S
20241113;115132;13.37;1100;11416596171;B
20241113;115146;13.37;500;11416597685;B
20241113;115153;13.365;200;11416598305;S
20241113;115156;13.37;1900;11416598645;B
20241113;115156;13.37;200;11416598646;B
20241113;115156;13.37;2000;11416598647;B
20241113;115156;13.37;1600;11416598648;B
20241113;115201;13.365;6400;11416599021;S
20241113;115201;13.365;100;11416599022;S
20241113;115201;13.36;2100;11416599023;S
20241113;115201;13.36;2000;11416599024;S
20241113;115201;13.355;3000;11416599025;S
20241113;115201;13.355;2100;11416599026;S
20241113;115201;13.35;1000;11416599027;S
20241113;115201;13.35;7700;11416599028;S
20241113;115201;13.35;3000;11416599029;S
20241113;115201;13.35;500;11416599030;S
20241113;115201;13.35;1000;11416599031;S
20241113;115201;13.35;500;11416599032;S
20241113;115201;13.35;10600;11416599033;S
20241113;115207;13.35;2000;11416599462;S
20241113;115209;13.35;2500;11416599620;S
20241113;115211;13.36;2000;11416599796;B
20241113;115228;13.35;10000;11416601030;S
20241113;115233;13.35;100;11416601340;S
20241113;115238;13.36;1000;11416601738;B
20241113;115247;13.35;100;11416602519;S
20241113;115256;13.35;100;11416603544;S
20241113;115331;13.355;500;11416606726;B
20241113;115331;13.355;5000;11416606727;B
20241113;115331;13.355;100;11416606728;B
20241113;115331;13.36;1800;11416606729;B
20241113;115333;13.35;8800;11416606880;S
20241113;115344;13.36;100;11416607957;B
20241113;115348;13.36;400;11416608261;B
20241113;115401;13.35;5400;11416609389;S
20241113;115401;13.35;1100;11416609392;S
20241113;115406;13.36;1000;11416609759;B
20241113;115412;13.36;1000;11416610193;B
20241113;115433;13.36;3700;11416612118;B
20241113;115501;13.36;3600;11416617760;B
20241113;115501;13.36;1000;11416617761;B
20241113;115501;13.36;600;11416617762;B
20241113;115501;13.36;100;11416617763;B
20241113;115501;13.36;100;11416617764;B
20241113;115501;13.36;200;11416617765;B
20241113;115503;13.36;100;11416618184;S
20241113;115520;13.365;100;11416620973;B
20241113;115523;13.36;100;11416621232;S
20241113;115528;13.365;300;11416621674;B
20241113;115534;13.365;200;11416622104;B
20241113;115552;13.36;300;11416623337;S
20241113;115605;13.365;7200;11416624436;B
20241113;115605;13.365;1000;11416624437;B
20241113;115605;13.365;200;11416624438;B
20241113;115605;13.365;100;11416624439;B
20241113;115613;13.365;100;11416625102;S
20241113;115615;13.37;16800;11416625369;B
20241113;115617;13.37;100;11416625496;B
20241113;115621;13.37;300;11416625777;B
20241113;115641;13.37;10000;11416629279;B
20241113;115653;13.37;400;11416630732;B
20241113;115654;13.37;9100;11416630797;B
20241113;115654;13.37;13100;11416630798;B
20241113;115710;13.365;300;11416632797;S
20241113;115711;13.365;7300;11416632970;S
20241113;115711;13.365;500;11416632971;S
20241113;115712;13.37;8000;11416632988;B
20241113;115726;13.365;100;11416636633;S
20241113;115734;13.37;100;11416638765;B
20241113;115743;13.37;2000;11416640686;B
20241113;115757;13.37;6800;11416642889;B
20241113;115757;13.37;1000;11416642890;B
20241113;115757;13.37;7200;11416642891;B
20241113;115759;13.365;7600;11416643195;S
20241113;115759;13.365;7800;11416643196;S
20241113;115759;13.365;6000;11416643197;S
20241113;115759;13.36;47800;11416643198;S
20241113;115759;13.36;100;11416643199;S
20241113;115759;13.36;2000;11416643200;S
20241113;115759;13.36;6000;11416643201;S
20241113;115759;13.355;3000;11416643202;S
20241113;115759;13.355;1000;11416643203;S
20241113;115759;13.355;1800;11416643204;S
20241113;115759;13.35;39300;11416643205;S
20241113;115759;13.35;3000;11416643206;S
20241113;115759;13.35;1000;11416643207;S
20241113;115759;13.35;10000;11416643208;S
20241113;115759;13.35;12000;11416643209;S
20241113;115759;13.35;1000;11416643210;S
20241113;115759;13.35;200;11416643211;S
20241113;115801;13.35;300;11416643584;B
20241113;115805;13.35;10000;11416645039;B
20241113;115806;13.345;1300;11416645325;S
20241113;115806;13.345;5700;11416645326;S
20241113;115810;13.35;500;11416646873;B
20241113;115816;13.345;13300;11416648979;S
20241113;115823;13.345;8000;11416650668;S
20241113;115824;13.35;100;11416650813;B
20241113;115825;13.345;2000;11416651039;S
20241113;115829;13.345;100;11416652179;S
20241113;115830;13.35;1900;11416652536;B
20241113;115830;13.345;25200;11416652693;S
20241113;115853;13.35;200;11416659988;B
20241113;115900;13.35;100;11416661655;B
20241113;115900;13.345;12800;11416661660;S
20241113;115906;13.35;1000;11416663278;B
20241113;115907;13.35;17900;11416663535;B
20241113;115907;13.35;1000;11416663536;B
20241113;115907;13.35;100;11416663537;B
20241113;115907;13.35;500;11416663538;B
20241113;115907;13.35;500;11416663539;B
20241113;115916;13.345;500;11416665776;S
20241113;115920;13.345;900;11416666699;S
20241113;115921;13.35;25300;11416666777;B
20241113;115941;13.355;1000;11416671704;B
20241113;115941;13.36;7200;11416671705;B
20241113;115941;13.36;1000;11416671706;B
20241113;115941;13.36;200;11416671707;B
20241113;115941;13.36;5600;11416671708;B
20241113;115951;13.365;100;11416674531;B
20241113;115953;13.355;500;11416675144;S
20241113;120000;13.365;5000;11416677761;B
20241113;120000;13.365;800;11416677866;B
20241113;120007;13.365;1900;11416680051;B
20241113;120007;13.365;100;11416680052;B
20241113;120010;13.355;800;11416680623;S
20241113;120020;13.365;100;11416683449;B
20241113;120029;13.365;7600;11416685504;B
20241113;120029;13.365;1000;11416685505;B
20241113;120029;13.365;3600;11416685506;B
20241113;120037;13.365;1400;11416687314;S
20241113;120037;13.36;2000;11416687315;S
20241113;120040;13.355;4000;11416687897;S
20241113;120050;13.36;300;11416689508;B
20241113;120055;13.36;5000;11416690229;B
20241113;120105;13.36;2000;11416691796;B
20241113;120133;13.36;100;11416697419;B
20241113;120152;13.355;100;11416700243;S
20241113;120152;13.355;7700;11416700244;S
20241113;120152;13.355;7800;11416700245;S
20241113;120152;13.355;100;11416700246;S
20241113;120210;13.35;100;11416703050;S
20241113;120226;13.355;100;11416704707;S
20241113;120238;13.355;7600;11416706095;S
20241113;120238;13.355;3900;11416706096;S
20241113;120259;13.355;100;11416708112;B
20241113;120312;13.35;500;11416711462;S
20241113;120312;13.35;2000;11416711463;S
20241113;120316;13.355;200;11416712393;B
20241113;120345;13.355;1000;11416715880;B
20241113;120354;13.35;2000;11416716720;S
20241113;120354;13.35;900;11416716721;S
20241113;120354;13.35;2800;11416716722;S
20241113;120354;13.35;100;11416716735;S
20241113;120402;13.355;10000;11416717605;B
20241113;120406;13.355;100;11416717989;B
20241113;120407;13.355;100;11416718108;B
20241113;120412;13.35;6100;11416719579;S
20241113;120412;13.35;100;11416719580;S
20241113;120412;13.35;2000;11416719581;S
20241113;120412;13.35;1800;11416719582;S
20241113;120417;13.355;700;11416721582;B
20241113;120437;13.345;100;11416728518;S
20241113;120510;13.345;2500;11416734716;S
20241113;120527;13.35;100;11416736660;B
20241113;120527;13.35;3500;11416736661;B
20241113;120535;13.345;2000;11416737239;S
20241113;120555;13.345;1000;11416739347;S
20241113;120602;13.35;40000;11416740222;B
20241113;120602;13.35;1400;11416740223;B
20241113;120602;13.35;2000;11416740224;B
20241113;120614;13.345;10000;11416743513;S
20241113;120616;13.345;2000;11416744076;S
20241113;120638;13.345;700;11416747808;S
20241113;120642;13.35;300;11416748242;B
20241113;120703;13.35;500;11416750857;B
20241113;120703;13.345;1200;11416750884;S
20241113;120716;13.345;4300;11416752868;S
20241113;120718;13.35;1500;11416753259;B
20241113;120723;13.35;1500;11416753999;B
20241113;120729;13.345;1600;11416755857;S
20241113;120730;13.35;1200;11416756109;B
20241113;120733;13.35;100;11416757086;B
20241113;120736;13.35;2000;11416757920;B
20241113;120738;13.35;100;11416758459;B
20241113;120738;13.345;100;11416758504;S
20241113;120747;13.35;200;11416760449;B
20241113;120801;13.345;25500;11416762386;S
20241113;120805;13.345;6300;11416762797;S
20241113;120807;13.35;200;11416762920;B
20241113;120810;13.35;100;11416763209;B
20241113;120819;13.345;20000;11416764200;S
20241113;120819;13.345;54200;11416764211;S
20241113;120819;13.345;1000;11416764212;S
20241113;120819;13.345;100;11416764213;S
20241113;120819;13.345;4600;11416764214;S
20241113;120819;13.345;200;11416764215;S
20241113;120819;13.345;100;11416764216;S
20241113;120819;13.345;100;11416764217;S
20241113;120819;13.34;900;11416764218;S
20241113;120819;13.34;3000;11416764219;S
20241113;120819;13.34;800;11416764220;S
20241113;120821;13.34;1700;11416764457;S
20241113;120821;13.335;8300;11416764458;S
20241113;120837;13.335;45000;11416769934;S
20241113;120838;13.34;1800;11416770329;B
20241113;120838;13.34;2000;11416770330;B
20241113;120838;13.34;1200;11416770331;B
20241113;120838;13.34;100;11416770354;B
20241113;120847;13.335;100;11416773592;S
20241113;120853;13.335;22600;11416775443;S
20241113;120853;13.335;1200;11416775444;S
20241113;120901;13.34;500;11416777605;B
20241113;120901;13.34;2000;11416777606;B
20241113;120901;13.345;600;11416777607;B
20241113;120918;13.34;100;11416781116;B
20241113;120940;13.34;800;11416791113;B
20241113;120940;13.34;2000;11416791114;B
20241113;120940;13.34;200;11416791115;B
20241113;120940;13.345;6800;11416791116;B
20241113;120940;13.345;1500;11416791117;B
20241113;120940;13.345;2100;11416791118;B
20241113;120956;13.34;3000;11416806964;S
20241113;120957;13.345;100;11416807877;B
20241113;121018;13.345;200;11416830448;B
20241113;121024;13.345;700;11416837051;B
20241113;121032;13.34;3600;11416846170;S
20241113;121036;13.345;600;11416850548;B
20241113;121108;13.345;4100;11416885495;B
20241113;121108;13.35;5900;11416885496;B
20241113;121132;13.345;300;11416913807;B
20241113;121132;13.35;100;11416913808;B
20241113;121142;13.345;100;11416925617;B
20241113;121142;13.35;400;11416925618;B
20241113;121146;13.35;300;11416929344;B
20241113;121157;13.35;10000;11416942603;B
20241113;121214;13.35;1000;11416961680;B
20241113;121245;13.35;100;11416995219;B
20241113;121245;13.34;100;11416995245;S
20241113;121316;13.35;100;11417024326;B
20241113;121317;13.345;7000;11417025497;S
20241113;121317;13.34;5000;11417025498;S
20241113;121339;13.34;800;11417050070;S
20241113;121339;13.34;4900;11417050071;S
20241113;121339;13.34;7700;11417050072;S
20241113;121339;13.34;600;11417050073;S
20241113;121340;13.35;100;11417050417;B
20241113;121401;13.35;100;11417075277;B
20241113;121403;13.34;300;11417077537;S
20241113;121438;13.345;5000;11417116129;S
20241113;121450;13.34;11500;11417131050;S
20241113;121450;13.34;4500;11417131051;S
20241113;121507;13.35;4000;11417150123;B
20241113;121510;13.35;100;11417153087;B
20241113;121511;13.35;100;11417154994;B
20241113;121517;13.35;6000;11417162247;B
20241113;121517;13.35;500;11417162249;B
20241113;121518;13.35;6000;11417163137;B
20241113;121519;13.35;6000;11417164341;B
20241113;121520;13.35;5300;11417165264;B
20241113;121520;13.35;700;11417165265;B
20241113;121520;13.35;400;11417165965;B
20241113;121521;13.35;6000;11417166650;B
20241113;121522;13.35;200;11417167777;B
20241113;121522;13.355;1000;11417167778;B
20241113;121522;13.355;2000;11417167779;B
20241113;121522;13.355;500;11417167780;B
20241113;121522;13.36;400;11417167781;B
20241113;121522;13.36;1000;11417167782;B
20241113;121522;13.36;900;11417167783;B
20241113;121523;13.35;100;11417168894;S
20241113;121523;13.365;100;11417169242;B
20241113;121523;13.365;3000;11417169243;B
20241113;121523;13.365;300;11417169244;B
20241113;121523;13.365;100;11417169245;B
20241113;121523;13.365;2500;11417169246;B
20241113;121524;13.365;3500;11417170454;B
20241113;121524;13.365;200;11417170455;B
20241113;121524;13.365;2300;11417170456;B
20241113;121525;13.365;700;11417171558;B
20241113;121525;13.365;100;11417171559;B
20241113;121525;13.37;100;11417171560;B
20241113;121525;13.37;5100;11417171561;B
20241113;121526;13.365;3000;11417173205;B
20241113;121526;13.365;100;11417173206;B
20241113;121526;13.37;2900;11417173207;B
20241113;121529;13.35;100;11417176424;S
20241113;121533;13.35;100;11417181381;S
20241113;121538;13.365;2000;11417187006;B
20241113;121547;13.37;2000;11417197293;B
