<DATE>;<TIME>;<LAST>;<VOL>;<ID>;<OPER>
20241028;095944;4136;1;11344961613;B
20241028;095944;4136;10;11344961614;S
20241028;095944;4136;30;11344961615;S
20241028;095944;4136;11;11344961616;B
20241028;095944;4136;1;11344961617;S
20241028;095944;4136;40;11344961618;S
20241028;095944;4136;5;11344961619;S
20241028;095944;4136;1;11344961620;S
20241028;095944;4136;4;11344961621;S
20241028;095944;4136;13;11344961622;S
20241028;095944;4136;2;11344961623;S
20241028;095944;4136;5;11344961624;S
20241028;095944;4136;1;11344961625;S
20241028;095944;4136;5;11344961626;S
20241028;095944;4136;1;11344961627;S
20241028;095944;4136;25;11344961628;S
20241028;095944;4136;1;11344961629;S
20241028;095944;4136;2;11344961630;S
20241028;095944;4136;1;11344961631;S
20241028;095944;4136;20;11344961632;S
20241028;095944;4136;15;11344961633;B
20241028;095944;4136;1;11344961634;B
20241028;095944;4136;1;11344961635;S
20241028;095944;4136;2;11344961636;S
20241028;095944;4136;5;11344961637;S
20241028;095944;4136;1;11344961638;S
20241028;095944;4136;1;11344961639;S
20241028;095944;4136;1;11344961640;S
20241028;095944;4136;9;11344961641;S
20241028;095944;4136;2;11344961642;S
20241028;095944;4136;1;11344961643;S
20241028;095944;4136;2;11344961644;S
20241028;095944;4136;1;11344961645;S
20241028;095944;4136;1;11344961646;S
20241028;095944;4136;10;11344961647;S
20241028;095944;4136;1;11344961648;S
20241028;095944;4136;2;11344961649;S
20241028;095944;4136;4;11344961650;S
20241028;095944;4136;10;11344961651;S
20241028;095944;4136;1;11344961652;S
20241028;095944;4136;30;11344961653;S
20241028;095944;4136;3;11344961654;S
20241028;095944;4136;2;11344961655;S
20241028;095944;4136;1;11344961656;S
20241028;095944;4136;1;11344961657;S
20241028;095944;4136;1;11344961658;S
20241028;095944;4136;3;11344961659;S
20241028;095944;4136;1;11344961660;S
20241028;095944;4136;1;11344961661;S
20241028;095944;4136;1;11344961662;S
20241028;095944;4136;2;11344961663;S
20241028;095944;4136;5;11344961664;S
20241028;095944;4136;1;11344961665;S
20241028;095944;4136;2;11344961666;S
20241028;095944;4136;5;11344961667;S
20241028;095944;4136;19;11344961668;S
20241028;095944;4136;24;11344961669;S
20241028;095944;4136;1;11344961670;S
20241028;095944;4136;76;11344961671;S
20241028;095944;4136;7;11344961672;S
20241028;095944;4136;3;11344961673;S
20241028;095944;4136;1;11344961674;S
20241028;095944;4136;1;11344961675;S
20241028;095944;4136;1;11344961676;S
20241028;095944;4136;10;11344961677;S
20241028;095944;4136;1;11344961678;S
20241028;095944;4136;1;11344961679;S
20241028;095944;4136;1;11344961680;S
20241028;095944;4136;5;11344961681;S
20241028;095944;4136;3;11344961682;S
20241028;095944;4136;1;11344961683;S
20241028;095944;4136;1;11344961684;S
20241028;095944;4136;5;11344961685;S
20241028;095944;4136;5;11344961686;S
20241028;095944;4136;3;11344961687;S
20241028;095944;4136;1;11344961688;S
20241028;095944;4136;6;11344961689;S
20241028;095944;4136;7;11344961690;S
20241028;095944;4136;2;11344961691;S
20241028;095944;4136;2;11344961692;S
20241028;095944;4136;2;11344961693;S
20241028;095944;4136;1;11344961694;S
20241028;095944;4136;1;11344961695;S
20241028;095944;4136;4;11344961696;S
20241028;095944;4136;1;11344961697;S
20241028;095944;4136;1;11344961698;S
20241028;095944;4136;1;11344961699;S
20241028;095944;4136;2;11344961700;S
20241028;095944;4136;2;11344961701;S
20241028;095944;4136;1;11344961702;S
20241028;095944;4136;12;11344961703;S
20241028;095944;4136;10;11344961704;S
20241028;095944;4136;8;11344961705;S
20241028;095944;4136;1;11344961706;S
20241028;095944;4136;1;11344961707;S
20241028;095944;4136;20;11344961708;S
20241028;095944;4136;1;11344961709;S
20241028;095944;4136;1;11344961710;S
20241028;095944;4136;47;11344961711;S
20241028;095944;4136;3;11344961712;S
20241028;095944;4136;1;11344961713;S
20241028;095944;4136;3;11344961714;S
20241028;095944;4136;1;11344961715;S
20241028;095944;4136;5;11344961716;S
20241028;095944;4136;5;11344961717;S
20241028;095944;4136;3;11344961718;S
20241028;095944;4136;1;11344961719;S
20241028;095944;4136;1;11344961720;S
20241028;095944;4136;1;11344961721;S
20241028;095944;4136;2;11344961722;S
20241028;095944;4136;1;11344961723;S
20241028;095944;4136;1;11344961724;S
20241028;095944;4136;3;11344961725;S
20241028;095944;4136;1;11344961726;S
20241028;095944;4136;5;11344961727;S
20241028;095944;4136;1;11344961728;S
20241028;095944;4136;367;11344961729;S
20241028;095944;4136;25;11344961730;S
20241028;095944;4136;130;11344961731;S
20241028;095944;4136;20;11344961732;S
20241028;095944;4136;60;11344961733;S
20241028;095944;4136;1;11344961734;S
20241028;095944;4136;1;11344961735;S
20241028;095944;4136;4;11344961736;S
20241028;095944;4136;1;11344961737;S
20241028;095944;4136;1;11344961738;B
20241028;095944;4136;1;11344961739;S
20241028;095944;4136;1;11344961740;S
20241028;095944;4136;1;11344961741;S
20241028;100000;4133;1;11344973248;S
20241028;100000;4135;1;11344973447;B
20241028;100000;4133;3;11344974085;S
20241028;100000;4132;1;11344974086;S
20241028;100000;4130;1;11344974087;S
20241028;100000;4127;2;11344974088;S
20241028;100000;4125;1;11344974089;S
20241028;100000;4124;13;11344974090;S
20241028;100000;4123;4;11344974091;S
20241028;100000;4123;29;11344974092;S
20241028;100000;4122;12;11344974093;S
20241028;100000;4122;29;11344974094;S
20241028;100000;4121;5;11344974095;S
20241028;100000;4121;8;11344974096;S
20241028;100000;4121;5;11344974097;S
20241028;100000;4121;8;11344974098;S
20241028;100000;4120;1;11344974099;S
20241028;100000;4120;1;11344974100;S
20241028;100000;4120;4;11344974101;S
20241028;100000;4120;60;11344974102;S
20241028;100000;4117;3;11344974103;S
20241028;100000;4114;1;11344974104;S
20241028;100000;4114;1;11344974105;S
20241028;100000;4113;4;11344974106;S
20241028;100000;4111;2;11344974107;S
20241028;100000;4111;10;11344974108;S
20241028;100000;4110;1;11344974109;S
20241028;100000;4110;1;11344974110;S
20241028;100000;4110;1;11344974111;S
20241028;100000;4110;1;11344974112;S
20241028;100000;4107;1;11344974113;S
20241028;100000;4107;13;11344974114;S
20241028;100000;4107;15;11344974115;S
20241028;100000;4106;9;11344974116;S
20241028;100000;4105;50;11344974117;S
20241028;100000;4105;50;11344974118;S
20241028;100000;4103;4;11344974119;S
20241028;100000;4102;100;11344974120;S
20241028;100000;4101;10;11344974121;S
20241028;100000;4101;40;11344974122;S
20241028;100000;4101;100;11344974123;S
20241028;100000;4100;1;11344974124;S
20241028;100000;4100;1;11344974125;S
20241028;100000;4100;1;11344974126;S
20241028;100000;4100;1;11344974127;S
20241028;100000;4100;10;11344974128;S
20241028;100000;4100;1;11344974129;S
20241028;100001;4124;1;11344974772;S
20241028;100001;4124;4;11344974909;S
20241028;100001;4116;5;11344974933;S
20241028;100001;4116;8;11344974934;S
20241028;100001;4115;35;11344974935;S
20241028;100001;4115;5;11344974936;S
20241028;100001;4113;28;11344974937;S
20241028;100001;4112;19;11344974938;S
20241028;100002;4109;25;11344975682;S
20241028;100002;4108;5;11344975683;S
20241028;100002;4108;5;11344975684;S
20241028;100002;4108;7;11344975685;S
20241028;100002;4108;8;11344975686;S
20241028;100002;4108;6;11344976014;S
20241028;100002;4127;10;11344976067;B
20241028;100002;4127;1;11344976084;B
20241028;100002;4108;9;11344976364;S
20241028;100002;4108;10;11344976599;S
20241028;100002;4118;12;11344976878;S
20241028;100002;4118;50;11344977076;S
20241028;100002;4118;8;11344977109;S
20241028;100002;4113;5;11344977110;S
20241028;100002;4112;5;11344977111;S
20241028;100002;4107;5;11344977112;S
20241028;100002;4107;2;11344977113;S
20241028;100003;4108;1;11344977308;S
20241028;100003;4108;9;11344977309;S
20241028;100003;4115;1;11344978254;B
20241028;100004;4113;1;11344978922;B
20241028;100004;4107;1;11344979423;S
20241028;100004;4107;17;11344979744;S
20241028;100004;4105;3;11344979745;S
20241028;100004;4104;3;11344979746;S
20241028;100004;4103;1;11344979747;S
20241028;100004;4102;25;11344979748;S
20241028;100004;4102;60;11344979749;S
20241028;100004;4102;1;11344979750;S
20241028;100004;4101;7;11344979751;S
20241028;100004;4101;2;11344979752;S
20241028;100004;4101;10;11344979808;S
20241028;100005;4107;1;11344979951;B
20241028;100005;4101;15;11344980195;S
20241028;100005;4101;1;11344980196;S
20241028;100005;4100;4;11344980197;S
20241028;100005;4107;1;11344980589;B
20241028;100005;4115;1;11344981833;B
20241028;100006;4102;1;11344982460;S
20241028;100006;4101;2;11344982461;S
20241028;100006;4101;23;11344983044;S
20241028;100006;4101;13;11344983045;S
20241028;100006;4101;5;11344983046;S
20241028;100006;4100;3;11344983047;S
20241028;100006;4100;8;11344983048;S
20241028;100006;4100;1;11344983049;S
20241028;100006;4100;47;11344983050;S
20241028;100006;4109;1;11344983644;B
20241028;100006;4109;2;11344983692;B
20241028;100006;4109;1;11344983736;B
20241028;100006;4109;1;11344984398;B
20241028;100006;4109;3;11344984426;B
20241028;100006;4109;5;11344984445;B
20241028;100006;4110;5;11344984446;B
20241028;100006;4101;1;11344984807;S
20241028;100006;4107;1;11344984841;B
20241028;100006;4107;6;11344984898;B
20241028;100006;4107;4;11344984899;B
20241028;100006;4107;1;11344984929;B
20241028;100006;4107;7;11344984930;B
20241028;100006;4101;1;11344984945;S
20241028;100006;4107;1;11344984960;B
20241028;100006;4108;12;11344984987;B
20241028;100006;4108;1;11344985109;B
20241028;100006;4101;1;11344985142;S
20241028;100006;4108;1;11344985159;B
20241028;100007;4111;2;11344986687;B
20241028;100007;4112;1;11344986688;B
20241028;100007;4113;3;11344986689;B
20241028;100007;4113;4;11344986690;B
20241028;100007;4113;1;11344986711;B
20241028;100007;4113;1;11344986742;B
20241028;100007;4101;7;11344986757;S
20241028;100007;4113;2;11344986818;B
20241028;100007;4101;6;11344987136;S
20241028;100007;4101;25;11344987137;S
20241028;100007;4101;8;11344987138;S
20241028;100007;4101;1;11344987139;S
20241028;100007;4112;1;11344987150;B
20241028;100007;4102;1;11344987159;S
20241028;100007;4101;8;11344987160;S
20241028;100007;4101;1;11344987171;S
20241028;100007;4101;1;11344987184;S
20241028;100007;4101;2;11344987433;S
20241028;100007;4100;10;11344987434;S
20241028;100007;4100;3;11344987571;S
20241028;100007;4101;1;11344989059;B
20241028;100007;4100;24;11344989070;S
20241028;100008;4108;1;11344992269;B
20241028;100008;4100;50;11344993274;S
20241028;100008;4100;5;11344994030;S
20241028;100008;4106;2;11344994046;B
20241028;100008;4100;7;11344994065;S
20241028;100009;4112;1;11344994620;B
20241028;100009;4100;2;11344995822;S
20241028;100009;4100;2;11344995825;S
20241028;100009;4108;6;11344995969;B
20241028;100009;4109;2;11344996953;B
20241028;100010;4103;1;11344999161;S
20241028;100010;4101;3;11344999162;S
20241028;100010;4100;23;11344999163;S
20241028;100010;4100;2;11344999180;S
20241028;100010;4100;1;11344999181;S
20241028;100010;4106;4;11344999186;B
20241028;100010;4100;35;11344999287;S
20241028;100010;4100;1;11344999648;S
20241028;100010;4106;1;11344999651;B
20241028;100010;4100;50;11345001890;S
20241028;100011;4100;4;11345002407;S
20241028;100011;4100;1;11345002976;S
20241028;100011;4104;1;11345002982;B
20241028;100011;4100;68;11345003338;S
20241028;100011;4104;1;11345004110;B
20241028;100011;4104;1;11345004129;B
20241028;100011;4110;2;11345004148;B
20241028;100011;4100;1;11345004173;S
20241028;100011;4101;2;11345004190;S
20241028;100011;4100;5;11345004191;S
20241028;100011;4100;2;11345004224;S
20241028;100011;4110;4;11345005286;B
20241028;100011;4101;3;11345005384;S
20241028;100011;4111;1;11345005394;B
20241028;100012;4108;1;11345006834;B
20241028;100012;4108;10;11345006837;B
20241028;100012;4101;12;11345007420;S
20241028;100012;4100;26;11345007421;S
20241028;100012;4100;1;11345007422;S
20241028;100012;4100;17;11345007423;S
20241028;100012;4100;5;11345007424;S
20241028;100012;4093;15;11345008009;S
20241028;100012;4097;20;11345008241;B
20241028;100012;4097;1;11345008243;B
20241028;100012;4093;4;11345008520;S
20241028;100012;4093;4;11345008521;S
20241028;100012;4092;2;11345008522;S
20241028;100012;4090;1;11345008523;S
20241028;100012;4089;9;11345008524;S
20241028;100012;4089;7;11345008525;S
20241028;100012;4098;1;11345008526;B
20241028;100012;4098;2;11345008529;B
20241028;100012;4089;4;11345008842;S
20241028;100012;4089;4;11345008843;S
20241028;100012;4088;3;11345009023;S
20241028;100012;4097;1;11345009104;B
20241028;100012;4088;7;11345009308;S
20241028;100012;4088;1;11345009309;S
20241028;100012;4087;5;11345009310;S
20241028;100012;4087;12;11345009311;S
20241028;100013;4090;1;11345011163;S
20241028;100014;4094;1;11345012041;S
20241028;100014;4087;8;11345012042;S
20241028;100014;4087;9;11345012043;S
20241028;100014;4086;25;11345012044;S
20241028;100014;4085;60;11345012045;S
20241028;100014;4085;5;11345012046;S
20241028;100014;4085;5;11345012047;S
20241028;100014;4085;4;11345012048;S
20241028;100014;4085;7;11345012049;S
20241028;100014;4085;3;11345012050;S
20241028;100014;4084;100;11345012051;S
20241028;100014;4084;100;11345012052;S
20241028;100014;4083;4;11345012053;S
20241028;100014;4082;15;11345012054;S
20241028;100014;4082;20;11345012055;S
20241028;100014;4082;10;11345012056;S
20241028;100014;4080;100;11345012057;S
20241028;100014;4080;250;11345012058;S
20241028;100014;4078;1;11345012059;S
20241028;100014;4077;1;11345012060;S
20241028;100014;4077;2;11345012061;S
20241028;100014;4077;1;11345012062;S
20241028;100014;4075;5;11345012063;S
20241028;100014;4075;1;11345012064;S
20241028;100014;4073;4;11345012065;S
20241028;100014;4073;4;11345012066;S
20241028;100014;4072;1;11345012067;S
20241028;100014;4072;5;11345012068;S
20241028;100014;4070;50;11345012069;S
20241028;100014;4070;1;11345012070;S
20241028;100014;4070;1;11345012071;S
20241028;100014;4067;1;11345012072;S
20241028;100014;4066;1;11345012073;S
20241028;100014;4065;100;11345012074;S
20241028;100014;4064;1;11345012075;S
20241028;100014;4063;4;11345012076;S
20241028;100014;4063;80;11345012077;S
20241028;100014;4062;1;11345012078;S
20241028;100014;4062;2;11345012079;S
20241028;100014;4062;1;11345012080;S
20241028;100014;4062;100;11345012081;S
20241028;100014;4060;1;11345012082;S
20241028;100014;4060;1;11345012083;S
20241028;100014;4060;500;11345012084;S
20241028;100014;4060;34;11345012085;S
20241028;100014;4058;5;11345012086;S
20241028;100014;4056;1;11345012087;S
20241028;100014;4055;5;11345012088;S
20241028;100014;4055;10;11345012089;S
20241028;100014;4055;2;11345012090;S
20241028;100014;4053;3;11345012091;S
20241028;100014;4051;10;11345012092;S
20241028;100014;4051;1;11345012093;S
20241028;100014;4051;1;11345012094;S
20241028;100014;4051;1;11345012095;S
20241028;100014;4050;100;11345012096;S
20241028;100014;4050;100;11345012097;S
20241028;100014;4050;1;11345012098;S
20241028;100014;4050;3;11345012099;S
20241028;100014;4050;2;11345012100;S
20241028;100014;4050;10;11345012101;S
20241028;100014;4050;50;11345012102;S
20241028;100014;4050;1;11345012103;S
20241028;100014;4050;4;11345012104;S
20241028;100014;4050;2;11345012105;S
20241028;100014;4050;58;11345012106;S
20241028;100014;4094;3;11345012428;B
20241028;100014;4094;1;11345012800;B
20241028;100014;4053;3;11345012985;S
20241028;100014;4085;1;11345013014;S
20241028;100014;4053;1;11345013015;S
20241028;100014;4053;5;11345013016;S
20241028;100014;4053;20;11345013018;S
20241028;100014;4052;40;11345013019;S
20241028;100014;4053;8;11345013022;S
20241028;100014;4089;5;11345013079;B
20241028;100014;4086;8;11345013318;B
20241028;100014;4086;2;11345013319;B
20241028;100014;4086;1;11345013324;B
20241028;100015;4055;1;11345013435;S
20241028;100015;4055;24;11345013436;S
20241028;100015;4055;13;11345013452;S
20241028;100015;4055;25;11345013453;S
20241028;100015;4054;70;11345013454;S
20241028;100015;4050;8;11345013455;S
20241028;100015;4056;5;11345013569;S
20241028;100015;4060;1;11345013579;B
20241028;100015;4060;5;11345013747;B
20241028;100015;4059;70;11345013780;S
20241028;100015;4055;1;11345013781;S
20241028;100015;4055;8;11345013782;S
20241028;100015;4060;2;11345013790;B
20241028;100015;4060;1;11345013818;B
20241028;100015;4060;3;11345013910;B
20241028;100016;4060;25;11345013945;B
20241028;100016;4060;3;11345013968;B
20241028;100016;4060;30;11345013980;B
20241028;100016;4060;1;11345014067;B
20241028;100016;4060;3;11345014084;B
20241028;100016;4059;20;11345014162;S
20241028;100016;4060;10;11345014196;B
20241028;100016;4060;5;11345014221;B
20241028;100016;4060;1;11345014226;B
20241028;100016;4060;50;11345014330;B
20241028;100016;4060;1;11345014427;B
20241028;100017;4060;5;11345014443;B
20241028;100017;4060;50;11345014680;B
20241028;100017;4060;4;11345014683;B
20241028;100017;4071;1;11345014751;B
20241028;100018;4067;3;11345015143;S
20241028;100018;4066;1;11345015466;S
20241028;100020;4063;1;11345016311;S
20241028;100020;4056;19;11345016312;S
20241028;100020;4066;3;11345016314;B
20241028;100020;4067;3;11345016315;B
20241028;100020;4067;13;11345016316;B
20241028;100020;4068;5;11345016317;B
20241028;100020;4068;25;11345016318;B
20241028;100020;4069;5;11345016319;B
20241028;100020;4069;1;11345016320;B
20241028;100020;4069;7;11345016321;B
20241028;100020;4069;24;11345016322;B
20241028;100020;4070;5;11345016323;B
20241028;100020;4070;8;11345016324;B
20241028;100020;4070;1;11345016325;B
20241028;100020;4070;3;11345016569;B
20241028;100021;4071;1;11345017266;B
20241028;100022;4067;3;11345017726;S
20241028;100022;4066;2;11345017727;S
20241028;100022;4062;13;11345017728;S
20241028;100022;4062;25;11345017729;S
20241028;100022;4061;1;11345017730;S
20241028;100022;4069;13;11345017765;B
20241028;100022;4070;2;11345017766;B
20241028;100023;4069;3;11345018326;B
20241028;100023;4069;25;11345018327;B
20241028;100023;4070;2;11345018328;B
20241028;100024;4070;31;11345018546;S
20241028;100024;4070;25;11345018944;S
20241028;100024;4070;4;11345018955;S
20241028;100027;4067;4;11345020608;S
20241028;100027;4066;20;11345020609;S
20241028;100027;4064;24;11345020610;S
20241028;100027;4063;7;11345020611;S
20241028;100027;4064;13;11345020720;S
20241028;100027;4063;13;11345020721;S
20241028;100027;4061;9;11345020722;S
20241028;100027;4069;5;11345020741;B
20241028;100027;4062;5;11345020870;S
20241028;100027;4061;2;11345020871;S
20241028;100027;4061;1;11345020872;S
20241028;100029;4067;1;11345021415;B
20241028;100032;4062;3;11345023041;S
20241028;100032;4062;17;11345023042;S
20241028;100032;4066;1;11345023114;B
20241028;100034;4061;5;11345023710;S
20241028;100034;4060;5;11345023711;S
20241028;100035;4060;57;11345024232;S
20241028;100035;4056;3;11345024233;S
20241028;100035;4055;2;11345024234;S
20241028;100035;4054;8;11345024235;S
20241028;100035;4054;7;11345024284;S
20241028;100035;4054;23;11345024285;S
20241028;100035;4065;3;11345024418;B
20241028;100035;4066;13;11345024419;B
20241028;100035;4066;2;11345024420;B
20241028;100035;4066;25;11345024421;B
20241028;100035;4067;13;11345024422;B
20241028;100035;4067;2;11345024423;B
20241028;100035;4067;13;11345024424;B
20241028;100035;4067;8;11345024425;B
20241028;100035;4068;5;11345024426;B
20241028;100035;4068;24;11345024427;B
20241028;100035;4068;127;11345024428;S
20241028;100035;4068;8;11345024430;S
20241028;100035;4068;5;11345024431;S
20241028;100035;4068;25;11345024449;S
20241028;100036;4068;50;11345024930;S
20241028;100037;4069;2;11345025057;B
20241028;100038;4068;2;11345025589;S
20241028;100038;4068;7;11345025900;S
20241028;100038;4069;12;11345025960;B
20241028;100038;4069;1;11345025977;B
20241028;100039;4069;5;11345026101;B
20241028;100039;4069;3;11345026106;S
20241028;100039;4069;41;11345026172;S
20241028;100039;4068;18;11345026173;S
20241028;100039;4066;41;11345026174;S
20241028;100040;4066;30;11345026406;S
20241028;100040;4066;15;11345027004;S
20241028;100041;4068;5;11345027200;B
20241028;100041;4066;14;11345027202;S
20241028;100041;4062;10;11345027203;S
20241028;100041;4061;13;11345027204;S
20241028;100041;4060;10;11345027205;S
20241028;100041;4060;24;11345027206;S
20241028;100041;4059;9;11345027207;S
20241028;100041;4068;25;11345027303;B
20241028;100041;4068;13;11345027304;B
20241028;100041;4068;7;11345027305;B
20241028;100041;4069;25;11345027306;B
20241028;100041;4069;4;11345027307;B
20241028;100041;4069;3;11345027308;B
20241028;100041;4069;12;11345027309;B
20241028;100041;4070;10;11345027310;B
20241028;100041;4070;5;11345027311;B
20241028;100041;4070;2;11345027312;B
20241028;100041;4070;24;11345027313;B
20241028;100041;4071;20;11345027314;B
20241028;100041;4071;2;11345027349;B
20241028;100041;4071;2;11345027543;B
20241028;100042;4070;2;11345028470;S
20241028;100043;4070;3;11345028712;S
20241028;100044;4070;2;11345029221;S
20241028;100044;4070;13;11345029739;S
20241028;100045;4070;12;11345029800;B
20241028;100045;4070;25;11345030065;S
20241028;100047;4070;13;11345030924;S
20241028;100048;4070;12;11345031212;B
20241028;100048;4071;24;11345031363;B
20241028;100048;4071;3;11345031515;B
20241028;100049;4071;10;11345031608;B
20241028;100049;4071;4;11345031610;B
20241028;100049;4071;10;11345031658;B
20241028;100049;4071;10;11345031685;B
20241028;100049;4071;1;11345031686;B
20241028;100049;4072;12;11345031687;B
20241028;100049;4078;4;11345031755;B
20241028;100051;4080;3;11345032438;B
20241028;100051;4081;10;11345032439;B
20241028;100051;4082;3;11345032440;B
20241028;100051;4082;25;11345032441;B
20241028;100051;4084;25;11345032442;B
20241028;100051;4090;30;11345032443;B
20241028;100051;4090;40;11345032444;B
20241028;100051;4091;4;11345032445;B
20241028;100051;4093;3;11345032446;B
20241028;100051;4095;2;11345032447;B
20241028;100051;4095;60;11345032448;B
20241028;100051;4096;58;11345032449;B
20241028;100051;4096;25;11345032450;B
20241028;100051;4098;20;11345032451;B
20241028;100051;4098;20;11345032452;B
20241028;100051;4099;40;11345032453;B
20241028;100051;4100;123;11345032454;B
20241028;100051;4100;9;11345032455;B
20241028;100052;4088;10;11345033024;B
20241028;100053;4088;5;11345033170;B
20241028;100053;4089;5;11345033307;B
20241028;100053;4084;8;11345033387;S
20241028;100054;4087;25;11345033426;S
20241028;100054;4085;1;11345033427;S
20241028;100054;4085;60;11345033428;S
20241028;100054;4081;20;11345033429;S
20241028;100054;4080;1;11345033430;S
20241028;100054;4079;5;11345033431;S
20241028;100054;4079;5;11345033432;S
20241028;100054;4079;4;11345033433;S
20241028;100054;4079;5;11345033434;S
20241028;100054;4079;24;11345033435;S
20241028;100054;4087;1;11345033820;B
20241028;100054;4088;13;11345033821;B
20241028;100055;4088;2;11345033930;S
20241028;100055;4088;5;11345033982;S
20241028;100055;4089;1;11345034249;B
20241028;100056;4088;20;11345034445;S
20241028;100057;4090;10;11345034796;B
20241028;100058;4094;5;11345035133;B
20241028;100058;4097;3;11345035134;B
20241028;100058;4090;4;11345035222;S
20241028;100059;4097;2;11345035609;B
20241028;100059;4097;25;11345035631;B
20241028;100102;4095;15;11345036600;B
20241028;100102;4096;3;11345036601;B
20241028;100102;4097;3;11345036602;B
20241028;100102;4099;5;11345036603;B
20241028;100102;4100;74;11345036604;B
20241028;100103;4098;3;11345037252;B
20241028;100103;4093;5;11345037460;S
20241028;100103;4092;2;11345037461;S
20241028;100103;4091;2;11345037462;S
20241028;100103;4090;1;11345037463;S
20241028;100104;4097;5;11345037556;B
20241028;100106;4090;1;11345038452;S
20241028;100106;4096;1;11345038726;B
20241028;100106;4096;1;11345038835;B
20241028;100108;4092;13;11345040693;S
20241028;100108;4092;25;11345040694;S
20241028;100108;4091;90;11345040695;S
20241028;100108;4091;4;11345040696;S
20241028;100108;4090;4;11345040697;S
20241028;100108;4090;3;11345040698;S
20241028;100108;4089;5;11345040699;S
20241028;100108;4089;5;11345040700;S
20241028;100108;4089;1;11345040701;S
20241028;100109;4096;3;11345040944;B
20241028;100109;4096;1;11345040945;B
20241028;100110;4094;10;11345041594;B
20241028;100111;4091;1;11345041842;B
20241028;100111;4093;19;11345041843;B
20241028;100111;4096;32;11345041987;B
20241028;100111;4097;5;11345041988;B
20241028;100111;4097;2;11345041989;B
20241028;100111;4098;7;11345041990;B
20241028;100111;4098;2;11345041991;B
20241028;100111;4102;13;11345041992;B
20241028;100111;4103;1;11345041993;B
20241028;100111;4103;10;11345041994;B
20241028;100111;4103;13;11345041995;B
20241028;100111;4103;5;11345041996;B
20241028;100111;4104;10;11345041997;B
20241028;100114;4093;1;11345043219;S
20241028;100115;4093;9;11345043503;S
20241028;100115;4090;10;11345043504;S
20241028;100115;4090;15;11345043529;S
20241028;100115;4090;13;11345043530;S
20241028;100115;4089;5;11345043531;S
20241028;100115;4089;6;11345043532;S
20241028;100115;4089;13;11345043533;S
20241028;100115;4089;8;11345043534;S
20241028;100115;4089;5;11345043535;S
20241028;100115;4089;5;11345043536;S
20241028;100115;4089;8;11345043537;S
20241028;100115;4089;2;11345043538;S
20241028;100116;4090;1;11345043874;S
20241028;100116;4089;5;11345043875;S
20241028;100116;4089;4;11345043876;S
20241028;100117;4096;4;11345044160;S
20241028;100117;4096;4;11345044192;S
20241028;100120;4097;4;11345045232;B
20241028;100120;4097;4;11345045233;B
20241028;100122;4096;1;11345046061;S
20241028;100123;4096;27;11345046550;S
20241028;100123;4095;73;11345046551;S
20241028;100124;4095;8;11345047035;S
20241028;100126;4097;1;11345048088;B
20241028;100126;4097;2;11345048211;B
20241028;100127;4097;3;11345048359;B
20241028;100127;4100;5;11345048360;B
20241028;100127;4101;13;11345048361;B
20241028;100127;4101;5;11345048362;B
20241028;100127;4102;24;11345048363;B
20241028;100127;4102;6;11345048494;B
20241028;100127;4103;6;11345048495;B
20241028;100127;4097;11;11345048553;S
20241028;100130;4099;1;11345049543;B
20241028;100131;4099;19;11345049825;B
20241028;100131;4099;24;11345049826;B
20241028;100131;4100;7;11345049827;B
20241028;100131;4098;1;11345049984;B
20241028;100132;4098;1;11345050153;B
20241028;100133;4098;8;11345050570;B
20241028;100133;4099;11;11345050571;B
20241028;100133;4100;31;11345050572;B
20241028;100136;4098;11;11345051575;S
20241028;100136;4098;1;11345051576;S
20241028;100139;4099;1;11345052227;B
20241028;100139;4100;9;11345052228;B
20241028;100140;4098;5;11345052817;S
20241028;100140;4099;5;11345052925;B
20241028;100141;4099;15;11345053151;S
20241028;100141;4098;5;11345053152;S
20241028;100141;4099;5;11345053264;B
20241028;100141;4100;95;11345053265;B
20241028;100142;4099;1;11345053615;S
20241028;100142;4100;50;11345053699;B
20241028;100142;4100;25;11345053801;B
20241028;100142;4100;50;11345053811;B
20241028;100143;4100;23;11345054002;B
20241028;100143;4100;3;11345054003;B
20241028;100143;4099;1;11345054133;S
20241028;100145;4099;1;11345055125;S
20241028;100146;4100;15;11345055185;B
20241028;100146;4100;19;11345055226;B
20241028;100146;4100;11;11345055227;B
20241028;100146;4100;18;11345055228;B
20241028;100146;4100;2;11345055230;B
20241028;100146;4100;6;11345055231;B
20241028;100146;4103;5;11345055380;B
20241028;100146;4106;15;11345055381;B
20241028;100147;4099;3;11345055711;S
20241028;100147;4098;13;11345055712;S
20241028;100147;4098;4;11345055713;S
20241028;100147;4098;10;11345055714;S
20241028;100148;4097;2;11345055809;S
20241028;100149;4105;9;11345056718;B
20241028;100149;4106;11;11345056719;B
20241028;100151;4100;3;11345057390;S
20241028;100151;4098;11;11345057391;S
20241028;100158;4098;20;11345059937;B
20241028;100200;4098;2;11345060293;S
20241028;100201;4098;3;11345061070;S
20241028;100201;4097;23;11345061071;S
20241028;100201;4097;74;11345061072;S
20241028;100202;4100;20;11345061484;S
20241028;100204;4097;26;11345062212;S
20241028;100204;4097;1;11345062213;S
20241028;100204;4099;4;11345062291;B
20241028;100205;4098;8;11345062504;S
20241028;100212;4099;1;11345065795;B
20241028;100212;4098;12;11345065871;S
20241028;100212;4096;50;11345065872;S
20241028;100212;4096;2;11345065873;S
20241028;100212;4096;10;11345065874;S
20241028;100212;4096;1;11345065875;S
20241028;100212;4095;25;11345065876;S
20241028;100212;4098;1;11345065902;S
20241028;100213;4095;50;11345066019;S
20241028;100214;4099;1;11345066893;B
20241028;100214;4099;4;11345066894;B
20241028;100214;4100;5;11345066895;B
20241028;100215;4095;44;11345067419;S
20241028;100215;4095;1;11345067420;S
20241028;100215;4094;5;11345067421;S
20241028;100215;4091;5;11345067429;S
20241028;100218;4090;4;11345068874;S
20241028;100220;4090;96;11345069426;S
20241028;100220;4089;1;11345069427;S
20241028;100220;4089;2;11345069428;S
20241028;100220;4088;1;11345069429;S
20241028;100220;4088;7;11345069430;S
20241028;100220;4088;50;11345069660;S
20241028;100220;4088;50;11345069722;S
20241028;100221;4088;5;11345069811;S
20241028;100221;4089;10;11345069927;B
20241028;100221;4088;24;11345069948;S
20241028;100225;4089;12;11345071708;B
20241028;100229;4089;1;11345073118;B
20241028;100229;4089;1;11345073139;B
20241028;100229;4089;25;11345073140;B
20241028;100229;4089;10;11345073141;B
20241028;100230;4088;10;11345073561;S
20241028;100232;4088;10;11345074581;S
20241028;100236;4088;6;11345076247;S
20241028;100238;4088;5;11345077177;S
20241028;100239;4088;33;11345077351;S
20241028;100239;4088;3;11345077352;S
20241028;100239;4088;1;11345077353;S
20241028;100239;4082;5;11345077354;S
20241028;100239;4081;43;11345077355;S
20241028;100240;4081;1;11345077903;S
20241028;100240;4087;13;11345077906;B
20241028;100240;4087;25;11345077907;B
20241028;100240;4088;5;11345077908;B
20241028;100240;4088;8;11345077909;B
20241028;100240;4089;1;11345077910;B
20241028;100240;4089;2;11345077911;B
20241028;100240;4089;13;11345077912;B
20241028;100240;4089;2;11345077913;B
20241028;100240;4089;8;11345077914;B
20241028;100240;4089;50;11345077915;B
20241028;100240;4089;5;11345077916;B
20241028;100240;4089;7;11345077917;B
20241028;100240;4089;5;11345077918;B
20241028;100240;4089;8;11345077919;B
20241028;100240;4089;25;11345077920;B
20241028;100240;4090;62;11345077921;B
20241028;100248;4087;1;11345081068;B
20241028;100250;4083;5;11345081673;S
20241028;100254;4085;1;11345083412;S
20241028;100254;4083;2;11345083413;S
20241028;100256;4083;2;11345084000;S
20241028;100256;4081;4;11345084001;S
20241028;100256;4081;9;11345084088;S
20241028;100256;4080;1;11345084089;S
20241028;100256;4080;1;11345084090;S
20241028;100256;4080;10;11345084091;S
20241028;100256;4080;13;11345084092;S
20241028;100256;4079;16;11345084093;S
20241028;100258;4086;5;11345084553;B
20241028;100258;4087;19;11345084554;B
20241028;100258;4087;7;11345084555;B
20241028;100258;4087;2;11345084576;S
20241028;100258;4087;52;11345084759;S
20241028;100259;4087;115;11345084810;S
20241028;100259;4083;5;11345084811;S
20241028;100259;4080;10;11345084877;S
20241028;100259;4080;18;11345084878;S
20241028;100259;4083;12;11345084993;B
20241028;100259;4079;3;11345085063;S
20241028;100301;4079;2;11345085529;S
20241028;100302;4080;1;11345086088;S
20241028;100302;4079;5;11345086089;S
20241028;100302;4079;1;11345086200;S
20241028;100302;4082;1;11345086291;B
20241028;100303;4080;1;11345086403;S
20241028;100303;4079;1;11345086404;S
20241028;100303;4079;1;11345086405;S
20241028;100303;4079;23;11345086594;S
20241028;100303;4079;6;11345086595;S
20241028;100303;4078;3;11345086596;S
20241028;100303;4078;9;11345086597;S
20241028;100303;4077;5;11345086598;S
20241028;100303;4077;7;11345086599;S
20241028;100303;4077;24;11345086600;S
20241028;100303;4077;9;11345086601;S
20241028;100303;4076;50;11345086602;S
20241028;100303;4076;8;11345086603;S
20241028;100303;4075;2;11345086604;S
20241028;100303;4075;56;11345086605;S
20241028;100303;4075;5;11345086606;S
20241028;100303;4074;2;11345086607;S
20241028;100303;4074;5;11345086608;S
20241028;100303;4074;5;11345086609;S
20241028;100303;4074;13;11345086610;S
20241028;100303;4074;8;11345086611;S
20241028;100303;4074;5;11345086612;S
20241028;100303;4074;5;11345086613;S
20241028;100303;4074;7;11345086614;S
20241028;100303;4073;4;11345086615;S
20241028;100303;4073;4;11345086616;S
20241028;100303;4073;1;11345086617;S
20241028;100303;4073;50;11345086618;S
20241028;100303;4073;50;11345086619;S
20241028;100303;4073;5;11345086620;S
20241028;100303;4072;5;11345086621;S
20241028;100303;4072;1;11345086622;S
20241028;100303;4072;150;11345086623;S
20241028;100303;4072;5;11345086624;S
20241028;100303;4071;1;11345086625;S
20241028;100303;4071;100;11345086626;S
20241028;100303;4071;5;11345086627;S
20241028;100303;4071;5;11345086628;S
20241028;100303;4071;25;11345086629;S
20241028;100303;4070;988;11345086630;S
20241028;100303;4070;20;11345086631;S
20241028;100303;4070;3;11345086632;S
20241028;100303;4070;100;11345086633;S
20241028;100303;4070;15;11345086634;S
20241028;100303;4070;5;11345086635;S
20241028;100303;4070;30;11345086636;S
20241028;100303;4070;20;11345086637;S
20241028;100303;4070;1;11345086638;S
20241028;100303;4070;10;11345086639;S
20241028;100303;4070;3;11345086640;S
20241028;100303;4069;1;11345086641;S
20241028;100303;4069;100;11345086642;S
20241028;100303;4066;60;11345086643;S
20241028;100303;4065;60;11345086644;S
20241028;100303;4063;4;11345086645;S
20241028;100303;4062;25;11345086646;S
20241028;100303;4061;40;11345086647;S
20241028;100303;4060;3;11345086648;S
20241028;100303;4060;10;11345086649;S
20241028;100303;4060;1;11345086650;S
20241028;100303;4060;5;11345086651;S
20241028;100303;4060;16;11345086652;S
20241028;100303;4058;5;11345086653;S
20241028;100303;4057;5;11345086654;S
20241028;100303;4056;5;11345086655;S
20241028;100303;4056;1;11345086656;S
20241028;100303;4055;1;11345086657;S
20241028;100303;4055;40;11345086658;S
20241028;100303;4054;50;11345086659;S
20241028;100303;4054;50;11345086660;S
20241028;100303;4054;10;11345086661;S
20241028;100303;4054;10;11345086662;S
20241028;100303;4053;1;11345086663;S
20241028;100303;4053;4;11345086664;S
20241028;100303;4053;20;11345086665;S
20241028;100303;4053;25;11345086666;S
20241028;100303;4052;100;11345086667;S
20241028;100303;4052;300;11345086668;S
20241028;100303;4052;50;11345086669;S
20241028;100303;4051;1;11345086670;S
20241028;100303;4051;64;11345086671;S
20241028;100303;4079;12;11345086695;S
20241028;100303;4053;5;11345086700;S
20241028;100303;4052;25;11345086701;S
20241028;100303;4052;30;11345086702;S
20241028;100303;4077;1;11345086707;B
20241028;100304;4054;1;11345086845;S
20241028;100304;4054;4;11345086920;S
20241028;100304;4054;13;11345086921;S
20241028;100305;4067;1;11345087110;B
20241028;100306;4054;3;11345087517;S
20241028;100306;4054;4;11345087518;S
20241028;100306;4053;1;11345087519;S
20241028;100306;4052;42;11345087520;S
20241028;100307;4058;2;11345087860;S
20241028;100308;4060;1;11345088496;B
20241028;100309;4055;61;11345088759;S
20241028;100309;4054;4;11345088760;S
20241028;100309;4054;100;11345088761;S
20241028;100309;4052;5;11345088762;S
20241028;100309;4051;36;11345088763;S
20241028;100309;4051;1;11345088764;S
20241028;100309;4051;5;11345088765;S
20241028;100309;4051;38;11345088766;S
20241028;100309;4052;10;11345088944;S
20241028;100309;4051;40;11345088945;S
20241028;100310;4051;1;11345089311;S
20241028;100310;4051;21;11345089492;S
20241028;100310;4051;23;11345089493;S
20241028;100310;4050;6;11345089494;S
20241028;100312;4052;11;11345090156;S
20241028;100313;4052;19;11345090609;S
20241028;100313;4051;6;11345090610;S
20241028;100313;4050;23;11345090892;S
20241028;100314;4055;5;11345091024;B
20241028;100314;4055;5;11345091025;B
20241028;100314;4050;1;11345091376;S
20241028;100315;4054;4;11345091493;B
20241028;100315;4054;1;11345091494;S
20241028;100316;4055;1;11345091817;B
20241028;100316;4054;1;11345092016;S
20241028;100316;4055;4;11345092055;B
20241028;100316;4056;3;11345092056;B
20241028;100316;4056;13;11345092057;B
20241028;100316;4057;25;11345092058;B
20241028;100316;4058;4;11345092059;B
20241028;100316;4058;5;11345092060;B
20241028;100316;4059;5;11345092061;B
20241028;100316;4059;8;11345092062;B
20241028;100316;4059;8;11345092063;B
20241028;100316;4059;40;11345092064;B
20241028;100316;4060;3;11345092065;B
20241028;100316;4060;5;11345092066;B
20241028;100316;4060;7;11345092067;B
20241028;100316;4060;5;11345092068;B
20241028;100316;4060;13;11345092069;B
20241028;100317;4062;20;11345092341;B
20241028;100318;4060;93;11345092410;S
20241028;100319;4061;2;11345092735;B
20241028;100319;4062;1;11345092736;B
20241028;100319;4062;19;11345093033;B
20241028;100320;4061;2;11345093582;S
20241028;100321;4065;1;11345093767;B
20241028;100325;4064;1;11345095114;S
20241028;100325;4062;10;11345095115;S
20241028;100325;4061;3;11345095116;S
20241028;100325;4061;13;11345095117;S
20241028;100325;4060;259;11345095118;S
20241028;100325;4060;1;11345095119;S
20241028;100325;4053;1;11345095120;S
20241028;100325;4052;1;11345095121;S
20241028;100325;4052;1;11345095122;S
20241028;100325;4052;25;11345095123;S
20241028;100325;4052;5;11345095124;S
20241028;100325;4052;7;11345095125;S
20241028;100325;4051;8;11345095126;S
20241028;100325;4051;8;11345095127;S
20241028;100325;4051;5;11345095128;S
20241028;100325;4051;5;11345095129;S
20241028;100325;4051;5;11345095130;S
20241028;100325;4051;13;11345095131;S
20241028;100325;4051;8;11345095132;S
20241028;100325;4051;87;11345095133;S
20241028;100325;4062;1;11345095444;B
20241028;100326;4062;1;11345095572;B
20241028;100326;4062;10;11345095573;B
20241028;100327;4064;2;11345095820;B
20241028;100327;4065;5;11345095821;B
20241028;100327;4065;13;11345095822;B
20241028;100327;4065;10;11345095823;B
20241028;100327;4066;35;11345095824;B
20241028;100327;4066;7;11345095825;B
20241028;100327;4066;8;11345095826;B
20241028;100327;4066;5;11345095827;B
20241028;100327;4063;2;11345096143;B
20241028;100327;4064;1;11345096158;B
20241028;100328;4064;19;11345096240;B
20241028;100328;4064;5;11345096241;B
20241028;100328;4067;5;11345096242;B
20241028;100328;4067;25;11345096243;B
20241028;100328;4067;8;11345096244;B
20241028;100328;4067;2;11345096245;B
20241028;100328;4068;36;11345096246;B
20241028;100329;4068;4;11345096587;B
20241028;100329;4065;1;11345096712;S
20241028;100329;4063;25;11345096713;S
20241028;100329;4062;9;11345096714;S
20241028;100329;4062;20;11345096715;S
20241028;100329;4062;13;11345096716;S
20241028;100329;4062;5;11345096717;S
20241028;100329;4061;427;11345096718;S
20241028;100329;4061;4;11345096719;S
20241028;100329;4061;2;11345096720;S
20241028;100329;4067;4;11345096865;B
20241028;100330;4066;5;11345097061;B
20241028;100330;4067;8;11345097062;B
20241028;100331;4061;12;11345097573;S
20241028;100335;4062;12;11345098963;S
20241028;100335;4061;55;11345098964;S
20241028;100335;4061;10;11345098965;S
20241028;100335;4055;5;11345098966;S
20241028;100335;4055;1;11345098967;S
20241028;100335;4055;1;11345098968;S
20241028;100335;4055;1;11345098969;S
20241028;100335;4055;1;11345098970;S
20241028;100335;4055;1;11345098971;S
20241028;100335;4055;1;11345098972;S
20241028;100335;4055;5;11345098973;S
20241028;100335;4055;1;11345098974;S
20241028;100335;4055;1;11345098975;S
20241028;100335;4054;1;11345098976;S
20241028;100335;4054;50;11345098977;S
20241028;100335;4054;5;11345098978;S
20241028;100335;4053;10;11345098979;S
20241028;100335;4053;2;11345098980;S
20241028;100335;4052;12;11345098981;S
20241028;100335;4052;5;11345098982;S
20241028;100335;4052;6;11345098983;S
20241028;100335;4052;5;11345098984;S
20241028;100335;4052;2;11345098985;S
20241028;100335;4052;8;11345098986;S
20241028;100335;4051;191;11345098987;S
20241028;100335;4063;13;11345099053;B
20241028;100335;4063;2;11345099054;B
20241028;100336;4062;5;11345099313;B
20241028;100336;4052;13;11345099367;S
20241028;100336;4052;5;11345099368;S
20241028;100336;4051;2;11345099369;S
20241028;100337;4058;5;11345100001;B
20241028;100338;4057;8;11345100265;B
20241028;100338;4058;2;11345100266;B
20241028;100339;4057;20;11345100314;B
20241028;100339;4059;5;11345100315;B
20241028;100339;4059;13;11345100316;B
20241028;100339;4059;5;11345100397;S
20241028;100339;4059;5;11345100434;S
20241028;100339;4060;8;11345100564;B
20241028;100339;4062;13;11345100565;B
20241028;100339;4062;5;11345100566;B
20241028;100339;4062;7;11345100567;B
20241028;100339;4063;8;11345100568;B
20241028;100339;4063;7;11345100569;B
20241028;100339;4063;5;11345100570;B
20241028;100339;4063;5;11345100571;B
20241028;100339;4064;2;11345100572;B
20241028;100339;4064;5;11345100573;B
20241028;100339;4064;6;11345100574;B
20241028;100339;4065;29;11345100575;B
20241028;100340;4059;2;11345100720;S
20241028;100340;4053;8;11345100721;S
20241028;100340;4064;3;11345100733;B
20241028;100343;4062;1;11345101923;B
20241028;100347;4061;10;11345103487;S
20241028;100348;4060;32;11345103790;S
20241028;100348;4060;10;11345103791;S
20241028;100349;4061;5;11345104022;B
20241028;100350;4055;10;11345104695;S
20241028;100350;4053;8;11345104696;S
20241028;100350;4053;4;11345104697;S
20241028;100350;4053;13;11345104698;S
20241028;100350;4053;2;11345104699;S
20241028;100350;4052;10;11345104700;S
20241028;100350;4052;20;11345104701;S
20241028;100350;4052;8;11345104702;S
20241028;100350;4052;20;11345104703;S
20241028;100350;4052;5;11345104704;S
20241028;100350;4051;20;11345104705;S
20241028;100350;4051;5;11345104706;S
20241028;100350;4051;8;11345104707;S
20241028;100350;4051;7;11345104708;S
20241028;100350;4051;5;11345104709;S
20241028;100350;4051;25;11345104710;S
20241028;100350;4050;154;11345104711;S
20241028;100350;4050;5;11345104712;S
20241028;100350;4050;5;11345104713;S
20241028;100350;4050;5;11345104714;S
20241028;100350;4050;9;11345104715;S
20241028;100350;4051;2;11345104723;S
20241028;100350;4050;28;11345104724;S
20241028;100350;4056;2;11345104841;B
20241028;100351;4055;2;11345104955;B
20241028;100351;4051;2;11345104989;S
20241028;100351;4050;13;11345104990;S
20241028;100352;4056;3;11345105458;B
20241028;100353;4056;5;11345105765;B
20241028;100353;4058;1;11345105989;B
20241028;100354;4058;1;11345106079;B
20241028;100355;4053;2;11345106463;S
20241028;100355;4051;1;11345106464;S
20241028;100355;4057;7;11345106578;B
20241028;100356;4051;1;11345106961;S
20241028;100356;4051;20;11345106962;S
20241028;100356;4051;15;11345106963;S
20241028;100356;4050;1;11345106964;S
20241028;100356;4050;1;11345106965;S
20241028;100356;4050;10;11345106966;S
20241028;100356;4050;5;11345106967;S
20241028;100356;4050;1;11345106968;S
20241028;100356;4050;25;11345106969;S
20241028;100356;4050;15;11345106970;S
20241028;100356;4050;9;11345106971;S
20241028;100357;4050;1;11345107173;S
20241028;100357;4050;19;11345107174;S
20241028;100358;4053;4;11345107523;B
20241028;100358;4051;4;11345107530;S
20241028;100358;4050;1;11345107531;S
20241028;100358;4050;1;11345107532;S
20241028;100358;4050;1;11345107533;S
20241028;100358;4050;5;11345107534;S
20241028;100358;4050;16;11345107535;S
20241028;100358;4050;2;11345107536;S
20241028;100359;4050;5;11345108008;S
20241028;100359;4050;3;11345108074;S
20241028;100359;4050;2;11345108075;S
20241028;100400;4050;20;11345108536;S
20241028;100400;4050;30;11345108687;S
20241028;100401;4052;1;11345108773;B
20241028;100402;4051;15;11345109259;B
20241028;100404;4051;2;11345110045;B
20241028;100404;4051;1;11345110094;B
20241028;100405;4051;22;11345110659;B
20241028;100405;4052;4;11345110951;B
20241028;100405;4052;5;11345110952;B
20241028;100405;4055;1;11345110953;B
20241028;100405;4051;4;11345110993;S
20241028;100405;4050;36;11345110994;S
20241028;100407;4055;65;11345112079;S
20241028;100407;4055;10;11345112247;S
20241028;100408;4055;25;11345112543;S
20241028;100408;4051;5;11345112602;S
20241028;100408;4051;5;11345112603;S
20241028;100410;4051;15;11345113089;S
20241028;100410;4050;85;11345113090;S
20241028;100410;4050;4;11345113237;S
20241028;100413;4050;30;11345114244;S
20241028;100414;4053;5;11345114733;B
20241028;100414;4053;2;11345114799;S
20241028;100414;4053;4;11345114855;S
20241028;100415;4053;1;11345115113;S
20241028;100416;4052;20;11345115481;S
20241028;100416;4055;2;11345115514;B
20241028;100416;4055;25;11345115515;B
20241028;100416;4055;3;11345115565;S
20241028;100416;4053;5;11345115566;S
20241028;100416;4053;10;11345115567;S
20241028;100416;4052;32;11345115568;S
20241028;100417;4055;2;11345115809;S
20241028;100417;4052;53;11345115810;S
20241028;100418;4054;13;11345116309;B
20241028;100419;4053;21;11345116660;S
20241028;100420;4055;1;11345116868;B
20241028;100422;4055;22;11345117384;B
20241028;100423;4055;27;11345117645;B
20241028;100423;4057;35;11345117718;B
20241028;100423;4057;25;11345117719;B
20241028;100423;4058;7;11345117720;B
20241028;100423;4058;5;11345117721;B
20241028;100423;4058;5;11345117722;B
20241028;100423;4059;8;11345117723;B
20241028;100423;4059;5;11345117724;B
20241028;100423;4059;7;11345117725;B
20241028;100423;4059;3;11345117726;B
20241028;100425;4056;4;11345118439;S
20241028;100425;4055;30;11345118440;S
20241028;100427;4055;1;11345119221;S
20241028;100427;4059;1;11345119359;B
20241028;100428;4056;1;11345119748;S
20241028;100429;4059;1;11345120028;B
20241028;100429;4059;5;11345120059;B
20241028;100429;4059;13;11345120060;B
20241028;100429;4059;2;11345120061;B
20241028;100429;4059;1;11345120062;B
20241028;100429;4060;1;11345120063;B
20241028;100429;4060;3;11345120064;B
20241028;100429;4060;5;11345120065;B
20241028;100429;4060;10;11345120066;B
20241028;100429;4061;275;11345120067;B
20241028;100429;4061;2;11345120148;B
20241028;100430;4056;7;11345120358;S
20241028;100432;4060;1;11345120958;B
20241028;100432;4056;4;11345121031;S
20241028;100432;4056;1;11345121104;S
20241028;100433;4060;1;11345121440;B
20241028;100435;4060;5;11345122125;B
20241028;100435;4060;2;11345122126;B
20241028;100435;4061;300;11345122228;B
20241028;100436;4061;50;11345122438;B
20241028;100436;4061;4;11345122439;B
20241028;100436;4061;50;11345122445;B
20241028;100436;4061;2;11345122446;B
20241028;100436;4061;25;11345122491;B
20241028;100436;4061;20;11345122642;B
20241028;100436;4061;40;11345122715;B
20241028;100437;4061;20;11345122855;B
20241028;100438;4060;3;11345123307;S
20241028;100439;4061;45;11345123646;B
20241028;100439;4061;25;11345123736;B
20241028;100439;4061;4;11345123737;B
20241028;100440;4061;50;11345124033;B
20241028;100440;4061;2;11345124066;B
20241028;100441;4061;40;11345124442;B
20241028;100441;4061;3;11345124527;B
20241028;100442;4061;1;11345124647;B
20241028;100442;4061;42;11345124720;B
20241028;100442;4062;8;11345124721;B
20241028;100442;4062;25;11345124722;B
20241028;100442;4061;1;11345124817;B
20241028;100443;4061;1;11345125023;B
20241028;100443;4062;49;11345125024;B
20241028;100443;4061;1;11345125495;S
20241028;100443;4061;2;11345125604;S
20241028;100445;4062;5;11345126249;B
20241028;100445;4062;2;11345126518;B
20241028;100445;4062;43;11345126519;B
20241028;100446;4061;2;11345127232;S
20241028;100446;4061;1;11345127233;S
20241028;100447;4061;4;11345127743;S
20241028;100447;4060;40;11345127744;S
20241028;100447;4060;1;11345127877;B
20241028;100447;4060;10;11345127896;B
20241028;100448;4060;1;11345128145;B
20241028;100449;4060;44;11345128837;B
20241028;100449;4060;20;11345128838;B
20241028;100450;4062;7;11345129295;B
20241028;100450;4064;5;11345129296;B
20241028;100450;4065;38;11345129297;B
20241028;100451;4062;20;11345130015;S
20241028;100451;4061;12;11345130016;S
20241028;100451;4061;8;11345130017;S
20241028;100451;4061;21;11345130018;S
20241028;100453;4065;8;11345130615;B
20241028;100453;4065;4;11345130616;B
20241028;100453;4065;1;11345130617;B
20241028;100453;4067;10;11345130618;B
20241028;100453;4068;4;11345130619;B
20241028;100453;4068;3;11345130620;B
20241028;100453;4063;2;11345130667;S
20241028;100454;4067;2;11345131256;B
20241028;100454;4068;10;11345131257;B
20241028;100454;4068;2;11345131258;B
20241028;100454;4069;31;11345131259;B
20241028;100455;4069;2;11345131688;B
20241028;100456;4069;1;11345132079;B
20241028;100456;4069;4;11345132217;B
20241028;100456;4065;1;11345132310;S
20241028;100457;4064;1;11345132512;S
20241028;100457;4063;13;11345132513;S
20241028;100458;4063;10;11345133076;S
20241028;100459;4063;3;11345133532;S
20241028;100500;4068;6;11345133846;B
20241028;100502;4068;7;11345135329;B
20241028;100503;4065;2;11345136068;S
20241028;100503;4069;2;11345136222;B
20241028;100504;4069;10;11345136637;B
20241028;100504;4070;10;11345136638;B
20241028;100504;4070;1;11345136639;B
20241028;100504;4070;2;11345136640;B
20241028;100505;4072;10;11345137700;B
20241028;100505;4072;12;11345137710;B
20241028;100509;4074;1;11345139717;B
20241028;100510;4074;9;11345139945;B
20241028;100510;4075;10;11345139946;B
20241028;100510;4075;2;11345139947;B
20241028;100510;4075;1;11345139948;B
20241028;100510;4076;10;11345139980;B
20241028;100510;4076;20;11345140036;S
20241028;100510;4076;5;11345140211;S
20241028;100511;4077;1;11345140649;B
20241028;100512;4077;1;11345140867;B
20241028;100512;4077;4;11345140868;B
20241028;100512;4077;50;11345140869;B
20241028;100512;4077;25;11345140870;B
20241028;100512;4078;20;11345140871;B
20241028;100512;4077;1;11345141226;B
20241028;100513;4077;1;11345141499;S
20241028;100514;4078;1;11345141974;B
20241028;100515;4078;10;11345142257;B
20241028;100515;4078;1;11345142260;B
20241028;100516;4078;9;11345142844;B
20241028;100516;4078;9;11345142846;B
20241028;100516;4078;50;11345142847;B
20241028;100516;4078;30;11345142848;B
20241028;100516;4078;10;11345142849;B
20241028;100516;4079;5;11345142850;B
20241028;100516;4079;50;11345142851;B
20241028;100516;4080;40;11345142852;B
20241028;100516;4080;10;11345142853;B
20241028;100516;4080;30;11345142854;B
20241028;100516;4080;8;11345142855;B
20241028;100516;4081;50;11345142856;B
20241028;100516;4081;1;11345142857;B
20241028;100516;4082;7;11345142858;B
20241028;100516;4077;3;11345142992;S
20241028;100516;4082;4;11345143169;B
20241028;100517;4080;5;11345143516;S
20241028;100517;4082;9;11345143597;B
20241028;100517;4082;3;11345143598;B
20241028;100517;4082;1;11345143654;B
20241028;100517;4081;10;11345143711;S
20241028;100518;4082;80;11345143983;B
20241028;100519;4081;10;11345144846;B
20241028;100519;4082;16;11345144847;B
20241028;100519;4082;4;11345144848;B
20241028;100520;4082;1;11345144893;B
20241028;100521;4082;5;11345145756;B
20241028;100521;4082;20;11345145757;B
20241028;100521;4083;98;11345145758;B
20241028;100521;4083;60;11345145759;B
20241028;100521;4081;10;11345145836;S
20241028;100522;4083;4;11345146092;B
20241028;100522;4083;3;11345146187;B
20241028;100523;4083;3;11345146582;B
20241028;100523;4081;3;11345146817;S
20241028;100523;4080;7;11345146818;S
20241028;100526;4083;5;11345148043;B
20241028;100526;4083;3;11345148137;B
20241028;100526;4083;22;11345148169;B
20241028;100527;4083;1;11345148388;S
20241028;100528;4083;2;11345148593;S
20241028;100529;4084;3;11345148976;B
20241028;100529;4083;25;11345149055;S
20241028;100529;4083;8;11345149056;S
20241028;100532;4082;7;11345150035;S
20241028;100532;4081;20;11345150036;S
20241028;100532;4081;3;11345150037;S
20241028;100532;4081;13;11345150038;S
20241028;100532;4081;6;11345150039;S
20241028;100532;4080;51;11345150040;S
20241028;100533;4083;10;11345150488;B
20241028;100535;4081;2;11345151348;B
20241028;100535;4082;20;11345151349;B
20241028;100535;4082;12;11345151350;B
20241028;100535;4083;3;11345151351;B
20241028;100535;4083;12;11345151352;B
20241028;100535;4084;10;11345151353;B
20241028;100535;4084;10;11345151354;B
20241028;100535;4084;11;11345151355;B
20241028;100535;4083;10;11345151439;B
20241028;100535;4084;14;11345151440;B
20241028;100535;4081;13;11345151450;S
20241028;100535;4080;37;11345151451;S
20241028;100535;4078;50;11345151452;S
20241028;100537;4083;2;11345152133;B
20241028;100537;4083;10;11345152220;B
20241028;100539;4083;5;11345152846;B
20241028;100540;4083;5;11345153087;B
20241028;100540;4085;5;11345153088;B
20241028;100540;4085;1;11345153089;B
20241028;100540;4085;2;11345153090;B
20241028;100540;4086;10;11345153091;B
20241028;100540;4086;1;11345153092;B
20241028;100540;4087;4;11345153093;B
20241028;100540;4087;10;11345153094;B
20241028;100540;4087;13;11345153095;B
20241028;100540;4087;13;11345153096;B
20241028;100540;4087;1;11345153097;B
20241028;100540;4088;20;11345153098;B
20241028;100540;4089;24;11345153099;B
20241028;100540;4090;391;11345153100;B
20241028;100544;4083;5;11345154667;S
20241028;100544;4083;6;11345154668;S
20241028;100544;4082;10;11345154669;S
20241028;100544;4082;6;11345154670;S
20241028;100544;4081;2;11345154671;S
20241028;100544;4080;13;11345154672;S
20241028;100544;4080;1;11345154674;B
20241028;100545;4080;11;11345154972;B
20241028;100547;4080;20;11345155481;B
20241028;100547;4080;20;11345155763;B
20241028;100547;4080;4;11345155822;B
20241028;100548;4080;1;11345155917;B
20241028;100548;4080;1;11345156113;B
20241028;100549;4087;5;11345156432;B
20241028;100550;4087;8;11345156918;B
20241028;100550;4088;1;11345156919;B
20241028;100550;4088;12;11345156920;B
20241028;100551;4081;1;11345157286;S
20241028;100551;4081;2;11345157287;S
20241028;100554;4089;1;11345158116;B
20241028;100554;4089;2;11345158117;B
20241028;100554;4090;147;11345158118;B
20241028;100554;4090;1;11345158126;B
20241028;100555;4088;1;11345158611;S
20241028;100555;4082;1;11345158612;S
20241028;100555;4082;13;11345158613;S
20241028;100555;4082;5;11345158614;S
20241028;100555;4081;20;11345158615;S
20241028;100555;4080;6;11345158616;S
20241028;100555;4079;13;11345158617;S
20241028;100555;4079;5;11345158618;S
20241028;100555;4078;12;11345158619;S
20241028;100555;4078;5;11345158620;S
20241028;100555;4078;5;11345158621;S
20241028;100555;4078;5;11345158622;S
20241028;100555;4078;8;11345158623;S
20241028;100555;4078;13;11345158624;S
20241028;100555;4078;8;11345158625;S
20241028;100555;4078;5;11345158626;S
20241028;100555;4078;7;11345158627;S
20241028;100555;4077;168;11345158628;S
20241028;100600;4086;1;11345159992;B
20241028;100600;4086;5;11345160013;B
20241028;100602;4086;1;11345160737;B
20241028;100603;4086;2;11345161137;B
20241028;100604;4086;2;11345161277;B
20241028;100604;4086;9;11345161297;B
20241028;100604;4087;5;11345161298;B
20241028;100604;4088;13;11345161299;B
20241028;100604;4088;6;11345161300;B
20241028;100604;4088;50;11345161301;B
20241028;100604;4089;5;11345161302;B
20241028;100604;4089;8;11345161303;B
20241028;100604;4089;8;11345161304;B
20241028;100604;4089;5;11345161305;B
20241028;100604;4089;7;11345161306;B
20241028;100604;4089;6;11345161307;B
20241028;100604;4090;12;11345161308;B
20241028;100607;4089;10;11345162534;B
20241028;100607;4090;2;11345162535;B
20241028;100608;4089;1;11345162847;B
20241028;100609;4089;9;11345163247;B
20241028;100610;4086;1;11345163425;S
20241028;100611;4090;1;11345163876;B
20241028;100611;4090;33;11345164027;B
20241028;100613;4090;1;11345164444;B
20241028;100616;4090;29;11345165663;B
20241028;100618;4087;1;11345166218;S
20241028;100618;4090;7;11345166300;B
20241028;100620;4090;8;11345166797;B
20241028;100620;4090;3;11345166798;B
20241028;100620;4091;10;11345166851;B
20241028;100620;4091;5;11345166852;B
20241028;100620;4092;5;11345166853;B
20241028;100620;4092;5;11345166854;B
20241028;100620;4093;5;11345166855;B
20241028;100620;4093;1;11345166856;B
20241028;100620;4093;20;11345166857;S
20241028;100624;4093;74;11345168212;S
20241028;100626;4096;1;11345169046;B
20241028;100626;4096;10;11345169048;B
20241028;100627;4095;1;11345169217;S
20241028;100630;4095;1;11345170497;B
20241028;100631;4094;1;11345170887;B
20241028;100631;4094;32;11345170922;B
20241028;100631;4095;17;11345170923;B
20241028;100631;4095;3;11345170924;B
20241028;100631;4096;5;11345170925;B
20241028;100631;4096;3;11345170926;B
20241028;100632;4093;1;11345171114;S
20241028;100632;4091;1;11345171115;S
20241028;100632;4091;3;11345171116;S
20241028;100632;4090;1;11345171140;S
20241028;100632;4090;7;11345171141;S
20241028;100634;4092;10;11345171876;B
20241028;100634;4092;10;11345171954;B
20241028;100634;4092;1;11345172059;B
20241028;100636;4092;1;11345172651;B
20241028;100636;4092;2;11345172659;B
20241028;100636;4092;15;11345172717;B
20241028;100636;4092;1;11345172727;B
20241028;100637;4092;10;11345173200;B
20241028;100637;4092;1;11345173238;B
20241028;100641;4092;1;11345174397;B
20241028;100642;4092;1;11345174624;B
20241028;100642;4092;1;11345174787;B
20241028;100643;4092;2;11345175188;B
20241028;100643;4092;1;11345175207;B
20241028;100644;4092;1;11345175361;B
20241028;100644;4091;1;11345175407;S
20241028;100644;4091;1;11345175408;S
20241028;100644;4091;3;11345175409;S
20241028;100646;4092;8;11345175967;B
20241028;100648;4092;25;11345176631;B
20241028;100648;4092;1;11345176691;B
20241028;100648;4092;10;11345176794;B
20241028;100649;4092;1;11345177042;B
20241028;100649;4092;7;11345177091;B
20241028;100651;4092;1;11345177695;B
20241028;100651;4092;10;11345177865;B
20241028;100651;4092;1;11345177866;B
20241028;100654;4092;10;11345178908;B
20241028;100655;4092;18;11345179097;B
20241028;100655;4092;1;11345179098;B
20241028;100655;4096;2;11345179099;B
20241028;100655;4096;3;11345179100;B
20241028;100655;4096;4;11345179101;B
20241028;100655;4097;4;11345179102;B
20241028;100655;4097;16;11345179103;B
20241028;100655;4097;13;11345179104;B
20241028;100655;4097;5;11345179105;B
20241028;100655;4098;20;11345179106;B
20241028;100655;4098;1;11345179107;B
20241028;100655;4099;9;11345179108;B
20241028;100656;4099;1;11345179253;B
20241028;100658;4099;1;11345179928;B
20241028;100658;4098;1;11345179995;B
20241028;100659;4098;1;11345180083;B
20241028;100659;4098;1;11345180255;B
20241028;100702;4096;1;11345180793;S
20241028;100704;4096;1;11345181347;S
20241028;100704;4095;1;11345181348;S
20241028;100705;4095;1;11345181580;B
20241028;100706;4095;25;11345181874;B
20241028;100707;4094;1;11345181882;S
20241028;100707;4094;1;11345181883;S
20241028;100707;4093;15;11345181884;S
20241028;100707;4093;2;11345181925;S
20241028;100707;4093;1;11345181965;B
20241028;100707;4093;4;11345181987;B
20241028;100708;4091;13;11345182135;S
20241028;100708;4091;7;11345182136;S
20241028;100708;4090;3;11345182137;S
20241028;100708;4090;1;11345182138;S
20241028;100708;4090;26;11345182139;S
20241028;100713;4094;1;11345183475;B
20241028;100714;4091;7;11345183583;S
20241028;100714;4091;1;11345183668;S
20241028;100716;4091;21;11345184097;S
20241028;100716;4091;13;11345184098;S
20241028;100716;4091;10;11345184099;S
20241028;100716;4091;20;11345184100;S
20241028;100716;4090;6;11345184101;S
20241028;100716;4093;5;11345184137;B
20241028;100717;4090;171;11345184286;S
20241028;100717;4090;1;11345184287;S
20241028;100717;4090;1;11345184288;S
20241028;100717;4090;10;11345184289;S
20241028;100717;4090;6;11345184290;S
20241028;100717;4090;2;11345184291;S
20241028;100717;4090;35;11345184292;S
20241028;100717;4090;8;11345184331;S
20241028;100717;4090;4;11345184332;S
20241028;100717;4090;3;11345184333;S
20241028;100717;4090;4;11345184371;B
20241028;100717;4092;6;11345184372;B
20241028;100717;4094;13;11345184373;B
20241028;100717;4094;10;11345184374;B
20241028;100717;4094;10;11345184375;B
20241028;100717;4094;13;11345184376;B
20241028;100717;4094;3;11345184377;B
20241028;100717;4094;19;11345184378;B
20241028;100722;4093;1;11345185611;S
20241028;100725;4094;1;11345186271;B
20241028;100727;4094;4;11345186644;B
20241028;100727;4095;24;11345186645;B
20241028;100727;4095;1;11345186646;B
20241028;100727;4095;15;11345186647;B
20241028;100727;4095;5;11345186648;B
20241028;100727;4095;1;11345186649;B
20241028;100727;4096;1;11345186688;B
20241028;100728;4093;5;11345186984;S
20241028;100728;4093;5;11345186985;S
20241028;100728;4092;13;11345186986;S
20241028;100728;4092;22;11345186987;S
20241028;100730;4093;2;11345187613;B
20241028;100730;4095;12;11345187614;B
20241028;100733;4095;1;11345188823;B
20241028;100733;4096;1;11345188824;B
20241028;100734;4093;7;11345189316;S
20241028;100734;4092;5;11345189317;S
20241028;100734;4092;13;11345189318;S
20241028;100734;4092;7;11345189319;S
20241028;100734;4092;2;11345189320;S
20241028;100734;4091;50;11345189321;S
20241028;100734;4091;2;11345189322;S
20241028;100734;4090;20;11345189323;S
20241028;100734;4089;1;11345189324;S
20241028;100734;4088;1;11345189325;S
20241028;100734;4088;13;11345189326;S
20241028;100734;4088;24;11345189327;S
20241028;100734;4088;8;11345189328;S
20241028;100734;4087;15;11345189329;S
20241028;100735;4094;6;11345189481;B
20241028;100735;4095;13;11345189482;B
20241028;100735;4095;6;11345189483;B
20241028;100735;4095;8;11345189484;B
20241028;100735;4095;13;11345189485;B
20241028;100735;4096;112;11345189486;B
20241028;100735;4096;1;11345189487;B
20241028;100735;4097;1;11345189488;B
20241028;100735;4097;24;11345189489;B
20241028;100735;4098;49;11345189490;B
20241028;100735;4098;5;11345189491;B
20241028;100735;4099;9;11345189492;B
20241028;100735;4099;15;11345189493;B
20241028;100735;4099;10;11345189494;B
20241028;100735;4099;25;11345189495;B
20241028;100735;4100;500;11345189496;B
20241028;100735;4100;500;11345189497;B
20241028;100735;4100;139;11345189498;B
20241028;100735;4095;3;11345189519;B
20241028;100737;4099;1;11345190127;B
20241028;100737;4100;49;11345190128;B
20241028;100737;4100;4;11345190129;B
20241028;100737;4100;7;11345190130;B
20241028;100737;4100;1;11345190201;B
20241028;100737;4105;18;11345190278;B
20241028;100738;4104;1;11345190363;S
20241028;100738;4104;1;11345190426;S
20241028;100738;4104;1;11345190427;S
20241028;100738;4104;1;11345190428;S
20241028;100739;4103;1;11345190762;S
20241028;100743;4105;25;11345191922;B
20241028;100743;4105;11;11345192033;B
20241028;100743;4106;100;11345192034;B
20241028;100743;4106;1;11345192035;B
20241028;100743;4107;4;11345192036;B
20241028;100743;4107;4;11345192037;B
20241028;100744;4116;20;11345192226;S
20241028;100744;4116;3;11345192345;S
20241028;100744;4116;1;11345192346;S
20241028;100744;4115;16;11345192347;S
20241028;100745;4116;1;11345192516;S
20241028;100745;4115;19;11345192517;S
20241028;100745;4116;1;11345192604;S
20241028;100745;4115;56;11345192610;S
20241028;100746;4116;2;11345192739;B
20241028;100748;4116;34;11345193377;B
20241028;100748;4115;20;11345193665;S
20241028;100749;4116;13;11345193717;B
20241028;100749;4116;1;11345193718;B
20241028;100749;4117;4;11345193719;B
20241028;100749;4117;12;11345193720;B
20241028;100749;4118;4;11345193721;B
20241028;100749;4118;4;11345193799;B
20241028;100749;4118;1;11345193800;B
20241028;100749;4118;29;11345193801;B
20241028;100751;4118;6;11345194429;B
20241028;100751;4119;1;11345194430;B
20241028;100751;4119;3;11345194431;B
20241028;100752;4119;6;11345194794;B
20241028;100754;4117;1;11345195378;B
20241028;100754;4117;8;11345195402;B
20241028;100754;4117;4;11345195403;B
20241028;100755;4117;1;11345195949;B
20241028;100756;4117;1;11345196118;B
20241028;100756;4117;6;11345196126;B
20241028;100757;4116;5;11345196555;S
20241028;100757;4116;25;11345196733;S
20241028;100757;4116;10;11345196734;S
20241028;100757;4115;165;11345196735;S
20241028;100757;4115;4;11345196736;S
20241028;100758;4115;43;11345196878;S
20241028;100758;4115;15;11345196882;S
20241028;100758;4115;4;11345196884;S
20241028;100759;4117;3;11345197130;B
20241028;100800;4116;3;11345197391;S
20241028;100800;4116;1;11345197743;B
20241028;100801;4116;1;11345197746;S
20241028;100805;4116;1;11345198943;S
20241028;100805;4116;12;11345198944;S
20241028;100805;4116;3;11345198945;S
20241028;100805;4115;38;11345198946;S
20241028;100805;4115;2;11345198947;S
20241028;100805;4115;20;11345198948;S
20241028;100805;4115;1;11345198949;S
20241028;100805;4109;5;11345198950;S
20241028;100805;4109;5;11345198951;S
20241028;100805;4108;50;11345198952;S
20241028;100805;4108;8;11345198953;S
20241028;100805;4108;8;11345198954;S
20241028;100805;4108;5;11345198955;S
20241028;100805;4108;8;11345198956;S
20241028;100805;4108;5;11345198957;S
20241028;100805;4107;50;11345198958;S
20241028;100805;4107;5;11345198959;S
20241028;100805;4107;13;11345198960;S
20241028;100805;4105;5;11345198961;S
20241028;100805;4105;1;11345198962;S
20241028;100805;4103;7;11345198963;S
20241028;100805;4102;34;11345198964;S
20241028;100805;4096;5;11345198965;S
20241028;100805;4095;4;11345198966;S
20241028;100805;4095;10;11345198967;S
20241028;100805;4094;4;11345198968;S
20241028;100805;4094;13;11345198969;S
20241028;100805;4094;25;11345198970;S
20241028;100805;4093;1;11345198971;S
20241028;100805;4092;1;11345198972;S
20241028;100805;4092;1;11345198973;S
20241028;100805;4092;13;11345198974;S
20241028;100805;4091;10;11345198975;S
20241028;100805;4091;1;11345198976;S
20241028;100805;4091;1;11345198977;S
20241028;100805;4091;1;11345198978;S
20241028;100805;4091;30;11345198979;S
20241028;100805;4091;40;11345198980;S
20241028;100805;4090;4;11345198981;S
20241028;100805;4090;1;11345198982;S
20241028;100805;4090;1;11345198983;S
20241028;100805;4088;5;11345198984;S
20241028;100805;4087;5;11345198985;S
20241028;100805;4086;1;11345198986;S
20241028;100805;4086;1;11345198987;S
20241028;100805;4086;10;11345198988;S
20241028;100805;4086;1;11345198989;S
20241028;100805;4086;30;11345198990;S
20241028;100805;4086;7;11345198991;S
20241028;100805;4085;1;11345198992;S
20241028;100805;4085;311;11345198993;S
20241028;100805;4085;14;11345198994;S
20241028;100805;4084;1;11345198995;S
20241028;100805;4083;4;11345198996;S
20241028;100805;4081;1;11345198997;S
20241028;100805;4080;3;11345198998;S
20241028;100805;4080;4;11345198999;S
20241028;100805;4080;22;11345199000;B
20241028;100805;4080;4;11345199094;B
20241028;100805;4080;5;11345199095;B
20241028;100805;4080;1;11345199098;B
20241028;100806;4080;20;11345199221;B
20241028;100806;4080;50;11345199223;B
20241028;100806;4080;5;11345199253;B
20241028;100806;4080;20;11345199302;B
20241028;100806;4080;1;11345199338;B
20241028;100806;4080;25;11345199372;B
20241028;100806;4080;30;11345199505;B
20241028;100807;4080;30;11345199777;B
20241028;100807;4080;1;11345199858;B
20241028;100807;4080;64;11345199877;B
20241028;100807;4080;1;11345199907;B
20241028;100808;4080;40;11345199966;B
20241028;100808;4080;1;11345199989;B
20241028;100808;4080;1;11345200012;B
20241028;100808;4080;1;11345200325;B
20241028;100808;4080;20;11345200358;B
20241028;100809;4080;10;11345200384;B
20241028;100809;4080;10;11345200420;B
20241028;100809;4080;100;11345200437;B
20241028;100811;4080;30;11345200910;B
20241028;100811;4080;1;11345200917;B
20241028;100811;4080;20;11345201005;B
20241028;100811;4080;20;11345201054;B
20241028;100812;4080;50;11345201104;B
20241028;100812;4080;1;11345201365;B
20241028;100813;4080;100;11345201528;B
20241028;100814;4080;1;11345201844;B
20241028;100815;4080;1;11345202237;B
20241028;100815;4080;14;11345202312;B
20241028;100816;4080;7;11345202525;B
20241028;100817;4080;5;11345202897;B
20241028;100817;4079;1;11345202926;S
20241028;100817;4079;50;11345202927;S
20241028;100817;4079;1;11345202928;S
20241028;100817;4079;1;11345202934;B
20241028;100817;4079;31;11345203004;B
20241028;100818;4079;16;11345203161;B
20241028;100818;4080;4;11345203162;B
20241028;100818;4077;20;11345203233;S
20241028;100818;4076;30;11345203234;S
20241028;100818;4076;4;11345203235;S
20241028;100818;4075;20;11345203236;S
20241028;100818;4075;2;11345203237;S
20241028;100818;4075;1;11345203238;S
20241028;100818;4073;4;11345203239;S
20241028;100818;4072;12;11345203240;S
20241028;100818;4072;5;11345203241;S
20241028;100818;4072;20;11345203242;S
20241028;100818;4072;20;11345203243;S
20241028;100818;4072;1;11345203244;S
20241028;100818;4071;2;11345203245;S
20241028;100818;4071;20;11345203246;S
20241028;100818;4071;1;11345203247;S
20241028;100818;4071;7;11345203248;S
20241028;100818;4071;12;11345203249;S
20241028;100818;4071;1;11345203250;S
20241028;100818;4070;12;11345203251;S
20241028;100818;4070;100;11345203252;S
20241028;100818;4070;24;11345203253;S
20241028;100818;4070;1;11345203254;S
20241028;100818;4070;5;11345203255;S
20241028;100818;4070;5;11345203256;S
20241028;100818;4070;50;11345203257;S
20241028;100818;4070;5;11345203258;S
20241028;100818;4069;1;11345203259;S
20241028;100818;4069;100;11345203260;S
20241028;100818;4068;7;11345203261;S
20241028;100818;4067;30;11345203262;S
20241028;100818;4067;5;11345203263;S
20241028;100818;4066;100;11345203264;S
20241028;100818;4065;100;11345203265;S
20241028;100818;4065;1;11345203266;S
20241028;100818;4064;95;11345203267;S
20241028;100818;4064;5;11345203268;S
20241028;100818;4064;13;11345203269;S
20241028;100818;4064;4;11345203270;S
20241028;100818;4064;30;11345203271;S
20241028;100818;4063;1;11345203272;S
20241028;100818;4063;1;11345203273;S
20241028;100818;4063;4;11345203274;S
20241028;100818;4062;5;11345203275;S
20241028;100818;4062;5;11345203276;S
20241028;100818;4062;50;11345203277;S
20241028;100818;4062;2;11345203278;S
20241028;100818;4062;10;11345203279;S
20241028;100818;4062;1;11345203280;S
20241028;100818;4061;1;11345203281;S
20241028;100818;4061;100;11345203282;S
20241028;100818;4061;5;11345203283;S
20241028;100818;4061;1;11345203284;S
20241028;100818;4061;10;11345203285;S
20241028;100818;4060;4;11345203286;S
20241028;100818;4060;1;11345203287;S
20241028;100818;4060;3;11345203288;S
20241028;100818;4060;21;11345203289;S
20241028;100818;4077;13;11345203296;B
20241028;100818;4077;1;11345203297;S
20241028;100818;4076;13;11345203449;B
20241028;100818;4076;8;11345203450;B
20241028;100818;4076;13;11345203451;B
20241028;100818;4076;5;11345203452;B
20241028;100818;4076;5;11345203453;B
20241028;100818;4076;2;11345203454;B
20241028;100818;4076;3;11345203514;B
20241028;100818;4076;7;11345203515;B
20241028;100818;4076;1;11345203558;B
20241028;100819;4076;8;11345203663;B
20241028;100819;4076;5;11345203664;B
20241028;100819;4076;5;11345203665;B
20241028;100819;4075;5;11345203695;B
20241028;100819;4065;13;11345203718;S
20241028;100819;4065;2;11345203719;S
20241028;100819;4065;5;11345203720;S
20241028;100820;4075;1;11345203854;B
20241028;100820;4070;1;11345204072;S
20241028;100820;4069;9;11345204073;S
20241028;100822;4071;1;11345204421;S
20241028;100822;4068;2;11345204422;S
20241028;100823;4072;3;11345204690;B
20241028;100823;4072;1;11345204761;B
20241028;100823;4072;2;11345204811;B
20241028;100826;4071;1;11345205418;B
20241028;100826;4071;1;11345205419;B
20241028;100827;4071;2;11345205804;B
20241028;100828;4071;1;11345205978;B
20241028;100829;4070;1;11345206389;S
20241028;100829;4070;4;11345206390;S
20241028;100829;4070;39;11345206393;S
20241028;100829;4070;1;11345206394;S
20241028;100829;4069;2;11345206395;S
20241028;100829;4069;4;11345206396;S
20241028;100829;4068;4;11345206397;S
20241028;100830;4067;5;11345206490;S
20241028;100830;4068;1;11345206559;B
20241028;100830;4068;10;11345206643;B
20241028;100830;4068;1;11345206662;B
20241028;100830;4068;8;11345206870;B
20241028;100830;4068;11;11345206871;B
20241028;100831;4068;1;11345207018;B
20241028;100831;4068;38;11345207083;B
20241028;100832;4070;12;11345207258;B
20241028;100832;4070;17;11345207348;B
20241028;100833;4071;2;11345207493;B
20241028;100833;4072;1;11345207494;B
20241028;100833;4072;1;11345207495;B
20241028;100833;4070;10;11345207537;B
20241028;100834;4073;1;11345207660;B
20241028;100834;4072;1;11345207914;B
20241028;100835;4070;3;11345208174;S
20241028;100837;4072;19;11345208596;B
20241028;100839;4073;9;11345209131;B
20241028;100839;4073;10;11345209132;B
20241028;100839;4073;1;11345209133;B
20241028;100839;4074;10;11345209155;B
20241028;100840;4074;20;11345209246;B
20241028;100844;4073;1;11345210305;S
20241028;100845;4074;20;11345210567;B
20241028;100847;4074;50;11345211260;B
20241028;100847;4074;6;11345211261;B
20241028;100850;4075;5;11345211924;B
20241028;100853;4075;25;11345212833;B
20241028;100853;4075;25;11345212834;B
20241028;100853;4075;5;11345212835;B
20241028;100853;4076;5;11345212836;B
20241028;100853;4076;2;11345212837;B
20241028;100853;4076;4;11345212838;B
20241028;100853;4076;12;11345212839;B
20241028;100853;4076;5;11345212840;B
20241028;100854;4074;4;11345212979;S
20241028;100854;4074;1;11345212980;S
20241028;100854;4074;2;11345212981;S
20241028;100854;4074;5;11345212982;S
20241028;100854;4073;5;11345212983;S
20241028;100854;4072;1;11345212984;S
20241028;100854;4072;1;11345212985;S
20241028;100854;4071;2;11345212986;S
20241028;100854;4070;1;11345212987;S
20241028;100854;4068;5;11345212988;S
20241028;100854;4068;3;11345212989;S
20241028;100854;4068;13;11345212990;S
20241028;100854;4068;10;11345212991;S
20241028;100854;4068;5;11345212992;S
20241028;100854;4068;5;11345212993;S
20241028;100854;4067;1;11345212994;S
20241028;100856;4073;2;11345213784;B
20241028;100857;4073;10;11345214233;B
20241028;100859;4073;1;11345214618;B
20241028;100859;4071;1;11345214823;S
20241028;100859;4070;1;11345214824;S
20241028;100859;4070;3;11345214825;S
20241028;100859;4070;1;11345214826;S
20241028;100900;4073;1;11345215060;B
20241028;100901;4073;1;11345215371;B
20241028;100901;4072;1;11345215475;S
20241028;100902;4073;1;11345215747;B
20241028;100903;4073;1;11345215861;B
20241028;100903;4073;8;11345215976;B
20241028;100903;4072;1;11345215985;S
20241028;100906;4074;2;11345216862;B
20241028;100908;4073;1;11345217497;S
20241028;100908;4074;1;11345217609;B
20241028;100910;4074;7;11345218078;B
20241028;100910;4074;3;11345218079;B
20241028;100910;4074;5;11345218080;B
20241028;100911;4074;8;11345218237;B
20241028;100911;4075;12;11345218238;B
20241028;100911;4075;10;11345218455;B
20241028;100912;4075;20;11345218540;B
20241028;100913;4074;1;11345218876;S
20241028;100913;4075;3;11345218961;B
20241028;100913;4075;4;11345218963;B
20241028;100914;4074;2;11345219040;S
20241028;100914;4074;1;11345219041;S
20241028;100914;4074;3;11345219042;S
20241028;100914;4073;1;11345219043;S
20241028;100914;4073;1;11345219044;S
20241028;100914;4075;1;11345219185;B
20241028;100915;4074;1;11345219557;S
20241028;100921;4074;3;11345221448;S
20241028;100922;4075;1;11345221680;B
20241028;100922;4075;1;11345221975;B
20241028;100923;4076;1;11345222238;B
20241028;100925;4076;1;11345222668;S
20241028;100926;4078;1;11345222915;B
20241028;100927;4077;1;11345223185;S
20241028;100927;4078;1;11345223229;B
20241028;100928;4076;5;11345223437;S
20241028;100928;4076;13;11345223438;S
20241028;100928;4076;1;11345223439;S
20241028;100928;4075;62;11345223440;S
20241028;100929;4077;1;11345223669;B
20241028;100929;4077;5;11345223694;B
20241028;100929;4077;7;11345223863;B
20241028;100929;4077;5;11345223864;B
20241028;100929;4078;3;11345223865;B
20241028;100930;4076;1;11345224011;S
20241028;100930;4077;1;11345224094;B
20241028;100932;4077;20;11345224456;B
20241028;100932;4078;1;11345224531;B
20241028;100934;4078;1;11345225210;B
20241028;100934;4078;10;11345225225;B
20241028;100938;4078;2;11345226374;B
20241028;100939;4078;1;11345226614;B
20241028;100940;4077;1;11345226821;S
20241028;100943;4078;1;11345227794;B
20241028;100943;4078;10;11345227809;B
20241028;100943;4078;1;11345227810;B
20241028;100943;4078;7;11345227811;B
20241028;100945;4078;1;11345228402;B
20241028;100946;4077;1;11345228818;S
20241028;100946;4077;4;11345228819;S
20241028;100947;4078;1;11345229221;B
20241028;100948;4077;1;11345229622;S
20241028;100948;4077;1;11345229623;S
20241028;100948;4078;4;11345229788;B
20241028;100949;4078;1;11345229856;B
20241028;100950;4078;5;11345230214;B
20241028;100951;4077;1;11345230566;S
20241028;100951;4078;5;11345230618;B
20241028;100951;4078;13;11345230619;B
20241028;100952;4078;1;11345230775;B
20241028;100955;4077;1;11345232099;S
20241028;100956;4078;25;11345232293;B
20241028;100956;4078;1;11345232420;B
20241028;100957;4078;10;11345232684;B
20241028;100957;4079;1;11345232685;B
20241028;100957;4079;7;11345232686;B
20241028;100957;4080;12;11345232687;B
20241028;100959;4078;1;11345233411;S
20241028;100959;4078;1;11345233412;S
20241028;101002;4079;2;11345234571;B
20241028;101007;4079;3;11345236119;B
20241028;101007;4080;37;11345236120;B
20241028;101008;4080;19;11345236514;B
20241028;101009;4080;6;11345236697;B
20241028;101009;4080;19;11345236704;B
20241028;101009;4080;19;11345236848;B
20241028;101010;4080;19;11345237039;B
20241028;101010;4080;25;11345237172;B
20241028;101013;4079;1;11345238274;S
20241028;101014;4079;6;11345238520;S
20241028;101014;4079;1;11345238521;S
20241028;101014;4079;1;11345238522;S
20241028;101014;4079;5;11345238523;S
20241028;101014;4078;1;11345238524;S
20241028;101014;4078;1;11345238525;S
20241028;101015;4079;3;11345239147;B
20241028;101018;4079;5;11345239889;B
20241028;101019;4079;9;11345240307;B
20241028;101021;4079;5;11345240814;B
20241028;101021;4078;1;11345240869;S
20241028;101023;4079;2;11345241373;B
20241028;101024;4078;3;11345241725;S
20241028;101028;4080;1;11345243245;B
20241028;101030;4080;2;11345243636;B
20241028;101030;4080;270;11345243722;B
20241028;101030;4079;20;11345243938;B
20241028;101031;4080;3;11345244125;B
20241028;101031;4080;95;11345244141;B
20241028;101033;4080;5;11345244760;B
20241028;101033;4079;2;11345244848;B
20241028;101033;4080;13;11345244849;B
20241028;101034;4080;2888;11345245144;B
20241028;101034;4080;1;11345245145;B
20241028;101034;4086;1;11345245147;B
20241028;101034;4086;1;11345245149;B
20241028;101034;4086;1;11345245151;B
20241028;101034;4087;4;11345245152;B
20241028;101034;4088;3;11345245153;B
20241028;101034;4089;13;11345245154;B
20241028;101034;4089;4;11345245155;B
20241028;101034;4089;1;11345245157;B
20241028;101034;4090;3;11345245215;B
20241028;101034;4090;2;11345245216;B
20241028;101034;4090;1;11345245611;B
20241028;101034;4092;2;11345245612;B
20241028;101035;4092;8;11345245627;B
20241028;101035;4093;10;11345245628;B
20241028;101035;4096;1;11345245629;B
20241028;101035;4096;20;11345245630;S
20241028;101036;4097;4;11345245975;B
20241028;101036;4097;6;11345245976;B
20241028;101036;4098;1;11345245977;B
20241028;101037;4096;5;11345246515;B
20241028;101037;4097;12;11345246516;B
20241028;101038;4096;2;11345246869;B
20241028;101038;4096;6;11345247089;B
20241028;101038;4096;10;11345247090;B
20241028;101038;4096;5;11345247091;B
20241028;101038;4098;25;11345247092;B
20241028;101038;4098;5;11345247093;B
20241028;101038;4099;6;11345247094;B
20241028;101038;4099;13;11345247107;B
20241028;101038;4099;7;11345247108;B
20241028;101039;4100;20;11345247153;B
20241028;101039;4093;5;11345247269;S
20241028;101039;4092;3;11345247270;S
20241028;101039;4099;3;11345247459;B
20241028;101039;4100;17;11345247460;B
20241028;101040;4094;16;11345247738;S
20241028;101044;4094;1;11345249308;S
20241028;101045;4096;4;11345249780;B
20241028;101046;4094;13;11345250065;S
20241028;101046;4093;8;11345250095;B
20241028;101046;4095;2;11345250096;B
20241028;101046;4095;10;11345250097;B
20241028;101047;4092;5;11345250406;S
20241028;101049;4090;25;11345250844;B
20241028;101049;4091;35;11345250845;B
20241028;101049;4092;5;11345250846;B
20241028;101049;4093;8;11345250847;B
20241028;101049;4093;40;11345250848;B
20241028;101049;4095;7;11345250849;B
20241028;101049;4095;12;11345250850;B
20241028;101049;4096;1;11345250851;B
20241028;101049;4096;4;11345250852;B
20241028;101049;4096;1;11345250853;B
20241028;101049;4096;12;11345250854;B
20241028;101051;4091;1;11345251490;B
20241028;101051;4091;1;11345251514;B
20241028;101054;4089;5;11345252464;B
20241028;101054;4090;1;11345252865;S
20241028;101055;4091;4;11345252942;B
20241028;101056;4091;1;11345253198;B
20241028;101056;4090;1;11345253457;S
20241028;101057;4092;3;11345253534;B
20241028;101057;4094;1;11345253579;B
20241028;101057;4094;20;11345253580;B
20241028;101058;4095;20;11345253894;B
20241028;101058;4094;12;11345253914;S
20241028;101058;4094;63;11345253993;S
20241028;101058;4093;5;11345253994;S
20241028;101058;4092;1;11345253995;S
20241028;101058;4091;13;11345253996;S
20241028;101059;4090;10;11345254251;S
20241028;101101;4090;2;11345255027;S
20241028;101101;4091;1;11345255028;B
20241028;101101;4092;1;11345255029;B
20241028;101102;4092;4;11345255104;B
20241028;101102;4093;13;11345255105;B
20241028;101102;4094;13;11345255106;B
20241028;101102;4094;13;11345255107;B
20241028;101102;4095;57;11345255108;B
20241028;101102;4095;23;11345255114;B
20241028;101102;4095;18;11345255115;B
20241028;101102;4096;5;11345255116;B
20241028;101102;4096;4;11345255117;B
20241028;101102;4091;25;11345255134;S
20241028;101103;4091;12;11345255556;S
20241028;101105;4091;1;11345256051;S
20241028;101105;4095;1;11345256175;B
20241028;101105;4095;1;11345256271;B
20241028;101105;4097;5;11345256272;B
20241028;101105;4097;3;11345256273;B
20241028;101106;4097;5;11345256384;B
20241028;101107;4097;20;11345256901;B
20241028;101108;4094;1;11345257351;S
20241028;101110;4098;4;11345257651;B
20241028;101110;4098;5;11345257652;B
20241028;101110;4099;41;11345257653;B
20241028;101111;4099;20;11345257777;B
20241028;101111;4099;2;11345257807;B
20241028;101112;4096;4;11345258184;S
20241028;101112;4095;3;11345258185;S
20241028;101114;4095;2;11345258456;S
20241028;101114;4095;1;11345258457;S
20241028;101114;4094;19;11345258458;S
20241028;101114;4092;8;11345258459;S
20241028;101115;4093;6;11345258585;S
20241028;101122;4094;2;11345260010;B
20241028;101122;4093;10;11345260057;S
20241028;101123;4093;1;11345260173;S
20241028;101124;4093;3;11345260418;S
20241028;101125;4094;3;11345260614;B
20241028;101125;4095;3;11345260615;B
20241028;101125;4095;1;11345260616;B
20241028;101125;4096;14;11345260617;B
20241028;101125;4096;4;11345260618;B
20241028;101125;4097;4;11345260619;B
20241028;101125;4099;21;11345260620;B
20241028;101126;4095;3;11345260788;S
20241028;101126;4095;13;11345260789;S
20241028;101126;4094;284;11345260790;S
20241028;101126;4098;3;11345260892;B
20241028;101130;4096;3;11345261654;B
20241028;101130;4097;3;11345261655;B
20241028;101130;4098;17;11345261656;B
20241028;101130;4099;25;11345261657;B
20241028;101130;4099;17;11345261658;B
20241028;101130;4100;13;11345261659;B
20241028;101130;4100;1;11345261660;B
20241028;101131;4104;10;11345261786;B
20241028;101131;4103;20;11345261811;B
20241028;101132;4101;4;11345261965;S
20241028;101133;4104;7;11345262056;B
20241028;101135;4101;10;11345262414;S
20241028;101137;4102;1;11345262928;B
20241028;101137;4102;4;11345262929;B
20241028;101144;4101;3;11345264292;B
20241028;101148;4101;1;11345265360;S
20241028;101150;4102;1;11345265846;B
20241028;101152;4101;6;11345266278;S
20241028;101152;4102;4;11345266279;B
20241028;101153;4101;2;11345266788;S
20241028;101155;4102;3;11345267028;B
20241028;101157;4102;3;11345267568;B
20241028;101159;4102;2;11345268093;S
20241028;101201;4102;1;11345268568;S
20241028;101204;4102;69;11345269365;S
20241028;101204;4102;10;11345269366;S
20241028;101204;4102;4;11345269367;S
20241028;101205;4101;1;11345269486;S
20241028;101205;4101;3;11345269487;S
20241028;101205;4102;4;11345269531;B
20241028;101205;4101;2;11345269696;S
20241028;101205;4101;10;11345269697;S
20241028;101205;4100;28;11345269698;S
20241028;101209;4101;3;11345270501;B
20241028;101209;4101;5;11345270502;B
20241028;101209;4101;10;11345270503;B
20241028;101209;4101;5;11345270504;B
20241028;101210;4102;2;11345270647;B
20241028;101210;4101;2;11345270660;S
20241028;101210;4100;22;11345270661;S
20241028;101210;4100;3;11345270662;S
20241028;101210;4100;10;11345270663;S
20241028;101210;4096;3;11345270664;S
20241028;101212;4096;7;11345271176;S
20241028;101212;4096;1;11345271177;S
20241028;101212;4096;6;11345271178;S
20241028;101216;4096;4;11345271909;S
20241028;101216;4096;5;11345271910;S
20241028;101216;4095;8;11345271911;S
20241028;101216;4095;4;11345271912;S
20241028;101219;4098;1;11345272758;B
20241028;101219;4098;3;11345272759;B
20241028;101219;4098;1;11345272760;B
20241028;101220;4098;2;11345272885;B
20241028;101225;4097;1;11345273972;B
20241028;101227;4097;3;11345274544;S
20241028;101227;4096;3;11345274545;S
20241028;101230;4098;7;11345275157;B
20241028;101230;4098;2;11345275173;B
20241028;101236;4095;1;11345276667;S
20241028;101237;4100;1;11345276950;B
20241028;101237;4101;1;11345276951;B
20241028;101237;4102;10;11345276952;B
20241028;101237;4102;1;11345276953;B
20241028;101237;4102;3;11345276954;B
20241028;101237;4103;5;11345276955;B
20241028;101237;4103;1;11345276956;B
20241028;101237;4103;3;11345276957;B
20241028;101237;4105;13;11345276958;B
20241028;101237;4105;13;11345276959;B
20241028;101239;4100;49;11345277198;S
20241028;101239;4096;13;11345277199;S
20241028;101239;4095;4;11345277200;S
20241028;101239;4095;5;11345277201;S
20241028;101239;4095;10;11345277202;S
20241028;101239;4095;8;11345277203;S
20241028;101239;4095;5;11345277204;S
20241028;101239;4095;7;11345277205;S
20241028;101239;4095;5;11345277206;S
20241028;101239;4095;8;11345277207;S
20241028;101239;4095;5;11345277208;S
20241028;101239;4095;5;11345277209;S
20241028;101239;4095;8;11345277210;S
20241028;101239;4095;13;11345277211;S
20241028;101239;4095;8;11345277212;S
20241028;101239;4094;216;11345277213;S
20241028;101239;4094;5;11345277214;S
20241028;101239;4091;5;11345277215;S
20241028;101239;4091;2;11345277216;S
20241028;101239;4091;5;11345277217;S
20241028;101239;4091;30;11345277218;S
20241028;101239;4091;40;11345277219;S
20241028;101239;4091;7;11345277220;S
20241028;101239;4090;37;11345277221;S
20241028;101241;4091;13;11345277704;S
20241028;101241;4090;229;11345277705;S
20241028;101241;4090;32;11345277706;S
20241028;101241;4090;5;11345277707;S
20241028;101241;4090;5;11345277708;S
20241028;101241;4089;4;11345277709;S
20241028;101241;4087;1;11345277767;S
20241028;101242;4089;3;11345277887;B
20241028;101242;4089;10;11345277920;B
20241028;101243;4090;1;11345278116;S
20241028;101246;4093;1;11345278886;B
20241028;101248;4090;1;11345279257;S
20241028;101252;4093;1;11345280193;B
20241028;101252;4094;13;11345280194;B
20241028;101252;4094;1;11345280195;B
20241028;101252;4094;5;11345280196;B
20241028;101252;4095;1;11345280224;B
20241028;101252;4095;99;11345280238;B
20241028;101252;4096;20;11345280239;B
20241028;101252;4097;5;11345280240;B
20241028;101252;4097;24;11345280241;B
20241028;101252;4098;13;11345280242;B
20241028;101252;4098;3;11345280243;B
20241028;101252;4098;5;11345280244;B
20241028;101252;4099;3;11345280245;B
20241028;101252;4099;5;11345280246;B
20241028;101252;4099;5;11345280247;B
20241028;101252;4099;7;11345280248;B
20241028;101252;4099;30;11345280249;B
20241028;101252;4099;40;11345280250;B
20241028;101252;4100;8;11345280251;B
20241028;101252;4100;8;11345280252;B
20241028;101252;4100;5;11345280253;B
20241028;101252;4100;8;11345280254;B
20241028;101252;4101;1;11345280255;B
20241028;101252;4101;42;11345280256;S
20241028;101252;4101;5;11345280267;S
20241028;101254;4101;50;11345280556;S
20241028;101255;4101;10;11345280714;S
20241028;101255;4101;1;11345280775;S
20241028;101258;4102;1;11345281626;B
20241028;101259;4102;19;11345281688;B
20241028;101259;4105;13;11345281689;B
20241028;101259;4105;7;11345281690;B
20241028;101259;4106;7;11345281691;B
20241028;101259;4096;5;11345281746;S
20241028;101259;4095;2;11345281747;S
20241028;101301;4105;1;11345282109;B
20241028;101306;4097;1;11345283130;S
20241028;101313;4094;5;11345284556;S
20241028;101313;4093;7;11345284557;S
20241028;101317;4098;1;11345285523;B
20241028;101319;4095;6;11345286122;S
20241028;101322;4095;4;11345286812;S
20241028;101328;4098;5;11345288252;B
20241028;101330;4099;5;11345288623;B
20241028;101330;4095;2;11345288765;S
20241028;101335;4099;3;11345289740;B
20241028;101337;4095;1;11345290404;S
20241028;101349;4095;1;11345293244;S
20241028;101354;4099;1;11345294461;B
20241028;101356;4099;4;11345295034;B
20241028;101356;4099;1;11345295035;B
20241028;101408;4095;7;11345297849;S
20241028;101408;4095;2;11345297860;S
20241028;101408;4095;1;11345297861;S
20241028;101409;4095;4;11345298045;S
20241028;101414;4095;2;11345299294;S
20241028;101414;4095;1;11345299295;S
20241028;101414;4095;6;11345299296;S
20241028;101418;4095;1;11345300352;B
20241028;101419;4095;4;11345300537;B
20241028;101419;4098;2;11345300538;B
20241028;101420;4098;11;11345300975;B
20241028;101420;4099;1;11345300976;B
20241028;101420;4099;25;11345300977;B
20241028;101420;4099;13;11345300978;B
20241028;101423;4095;5;11345301834;S
20241028;101423;4095;8;11345301861;S
20241028;101423;4094;12;11345301862;S
20241028;101424;4094;1;11345301886;S
20241028;101427;4098;3;11345302848;B
20241028;101427;4099;7;11345302849;B
20241028;101427;4099;10;11345302850;B
20241028;101428;4099;3;11345302941;B
20241028;101428;4099;25;11345302942;B
20241028;101428;4099;13;11345302943;B
20241028;101428;4100;9;11345302944;B
20241028;101432;4096;1;11345304167;S
20241028;101433;4099;3;11345304357;B
20241028;101433;4100;2;11345304358;B
20241028;101433;4100;9;11345304493;B
20241028;101444;4096;50;11345307808;B
20241028;101444;4097;20;11345307809;B
20241028;101444;4098;25;11345307810;B
20241028;101444;4099;5;11345307811;B
20241028;101445;4097;1;11345308057;B
20241028;101446;4097;5;11345308294;B
20241028;101446;4098;25;11345308295;B
20241028;101446;4098;5;11345308296;B
20241028;101446;4098;9;11345308297;B
20241028;101446;4098;10;11345308298;B
20241028;101446;4099;36;11345308299;B
20241028;101448;4096;5;11345309239;S
20241028;101454;4095;2;11345310896;S
20241028;101456;4097;3;11345312104;B
20241028;101458;4098;5;11345312523;B
20241028;101458;4098;2;11345312524;B
20241028;101458;4098;25;11345312525;B
20241028;101458;4099;9;11345312526;B
20241028;101458;4099;50;11345312527;B
20241028;101458;4099;2;11345312528;B
20241028;101458;4100;380;11345312529;B
20241028;101458;4100;72;11345312530;B
20241028;101458;4100;1;11345312531;B
20241028;101458;4100;129;11345312537;S
20241028;101459;4100;115;11345312832;S
20241028;101500;4096;13;11345313047;S
20241028;101500;4095;2;11345313048;S
20241028;101500;4095;13;11345313049;S
20241028;101500;4095;6;11345313050;S
20241028;101500;4094;1;11345313155;S
20241028;101501;4094;1;11345313428;S
20241028;101502;4095;1;11345313730;B
20241028;101502;4094;35;11345313940;S
20241028;101502;4094;8;11345313941;S
20241028;101502;4093;54;11345313942;S
20241028;101502;4093;3;11345313943;S
20241028;101502;4093;2;11345313946;S
20241028;101503;4092;1;11345314197;S
20241028;101503;4090;9;11345314198;S
20241028;101503;4090;1;11345314199;S
20241028;101503;4090;11;11345314200;S
20241028;101504;4094;2;11345314725;B
20241028;101505;4095;2;11345315276;B
20241028;101506;4095;1;11345315612;B
20241028;101507;4095;1;11345316299;B
20241028;101508;4095;1;11345316436;B
20241028;101508;4095;1;11345316480;B
20241028;101508;4095;9;11345316649;B
20241028;101508;4094;1;11345316779;S
20241028;101509;4095;1;11345317218;B
20241028;101510;4095;27;11345317533;B
20241028;101510;4095;122;11345317645;B
20241028;101512;4100;1;11345318476;B
20241028;101512;4103;1;11345318614;B
20241028;101513;4103;7;11345318668;B
20241028;101513;4103;13;11345318669;B
20241028;101513;4103;1;11345318966;B
20241028;101514;4103;1;11345319125;B
20241028;101514;4103;1;11345319211;B
20241028;101514;4103;10;11345319347;B
20241028;101514;4103;20;11345319348;B
20241028;101514;4104;19;11345319349;B
20241028;101514;4105;18;11345319350;B
20241028;101515;4098;1;11345319559;S
20241028;101516;4104;1;11345320004;B
20241028;101516;4099;1;11345320202;S
20241028;101516;4098;5;11345320203;S
20241028;101517;4103;1;11345320419;B
20241028;101517;4102;1;11345320809;B
20241028;101518;4103;1;11345321210;B
20241028;101519;4103;1;11345321318;B
20241028;101519;4103;2;11345321530;B
20241028;101520;4103;1;11345322059;B
20241028;101521;4104;1;11345322432;B
20241028;101521;4104;1;11345322510;B
20241028;101521;4104;1;11345322515;B
20241028;101521;4104;1;11345322527;B
20241028;101523;4104;2;11345323396;B
20241028;101523;4104;1;11345323513;B
20241028;101524;4102;3;11345323580;S
20241028;101524;4101;3;11345323581;S
20241028;101524;4101;3;11345323582;S
20241028;101524;4100;1;11345323583;S
20241028;101524;4104;1;11345323626;B
20241028;101529;4102;1;11345325959;B
20241028;101531;4098;1;11345327161;S
20241028;101531;4098;2;11345327162;S
20241028;101532;4098;3;11345327272;S
20241028;101532;4098;50;11345327371;S
20241028;101533;4098;56;11345327682;S
20241028;101533;4098;3;11345327962;S
20241028;101533;4098;3;11345328007;S
20241028;101534;4099;9;11345328191;B
20241028;101534;4099;2;11345328304;B
20241028;101537;4099;1;11345329689;B
20241028;101539;4099;1;11345330950;B
20241028;101539;4098;1;11345331194;S
20241028;101541;4098;10;11345331909;S
20241028;101541;4098;4;11345331910;S
20241028;101542;4098;1;11345332177;S
20241028;101542;4098;1;11345332427;S
20241028;101543;4098;3;11345332923;S
20241028;101543;4098;3;11345332959;S
20241028;101544;4099;7;11345333056;B
20241028;101544;4100;10;11345333057;B
20241028;101544;4102;1;11345333297;B
20241028;101545;4100;100;11345333580;S
20241028;101545;4103;1;11345333677;B
20241028;101546;4102;12;11345334437;B
20241028;101546;4103;5;11345334438;B
20241028;101546;4103;3;11345334439;B
20241028;101546;4104;1;11345334440;B
20241028;101546;4104;19;11345334441;B
20241028;101547;4103;5;11345334640;B
20241028;101547;4103;1;11345334656;B
20241028;101548;4101;3;11345335259;S
20241028;101550;4103;1;11345335916;B
20241028;101550;4103;1;11345335922;B
20241028;101555;4100;12;11345337625;S
20241028;101555;4101;1;11345337640;B
20241028;101558;4100;10;11345338882;S
20241028;101558;4100;50;11345338977;S
20241028;101558;4100;11;11345339270;S
20241028;101600;4097;1;11345340487;B
20241028;101601;4097;2;11345340547;B
20241028;101601;4097;20;11345340548;B
20241028;101601;4098;3;11345340549;B
20241028;101601;4099;24;11345340550;B
20241028;101603;4096;1;11345342026;S
20241028;101603;4096;10;11345342027;S
20241028;101603;4095;78;11345342028;S
20241028;101603;4094;7;11345342029;S
20241028;101603;4093;1;11345342030;S
20241028;101603;4093;1;11345342031;S
20241028;101603;4093;7;11345342032;S
20241028;101603;4093;5;11345342033;S
20241028;101603;4093;7;11345342034;S
20241028;101603;4092;6;11345342353;B
20241028;101603;4093;4;11345342354;B
20241028;101604;4093;40;11345342527;B
20241028;101604;4093;4;11345342528;B
20241028;101604;4091;2;11345342771;S
20241028;101604;4091;1;11345342772;S
20241028;101605;4091;12;11345342840;S
20241028;101605;4090;8;11345342841;S
20241028;101607;4091;10;11345343861;S
20241028;101607;4090;10;11345343862;S
20241028;101609;4095;1;11345344507;B
20241028;101610;4096;5;11345344754;B
20241028;101612;4096;1;11345345826;B
20241028;101612;4096;1;11345345911;B
20241028;101612;4096;1;11345345951;B
20241028;101613;4091;1;11345346215;S
20241028;101613;4091;24;11345346216;S
20241028;101613;4090;21;11345346217;S
20241028;101613;4090;10;11345346218;S
20241028;101613;4090;14;11345346219;S
20241028;101614;4096;1;11345346987;B
20241028;101614;4096;1;11345346998;B
20241028;101615;4090;2;11345347137;S
20241028;101615;4096;1;11345347287;B
20241028;101615;4090;4;11345347576;S
20241028;101615;4090;5;11345347577;S
20241028;101615;4090;15;11345347578;S
20241028;101616;4096;4;11345347691;B
20241028;101616;4096;8;11345347692;B
20241028;101616;4097;13;11345347693;B
20241028;101616;4097;25;11345347694;B
20241028;101617;4097;5;11345348226;B
20241028;101617;4092;1;11345348348;S
20241028;101618;4096;1;11345348484;B
20241028;101618;4097;8;11345348485;B
20241028;101618;4097;25;11345348486;B
20241028;101618;4098;20;11345348487;B
20241028;101618;4099;5;11345348488;B
20241028;101618;4099;7;11345348489;B
20241028;101618;4099;24;11345348490;B
20241028;101618;4099;50;11345348491;B
20241028;101618;4100;189;11345348492;B
20241028;101618;4100;1;11345348493;B
20241028;101618;4100;27;11345348494;B
20241028;101620;4100;4;11345349444;S
20241028;101624;4100;40;11345351309;S
20241028;101626;4101;1;11345351919;B
20241028;101626;4101;1;11345352072;B
20241028;101627;4100;100;11345352867;S
20241028;101629;4101;3;11345353988;B
20241028;101629;4102;2;11345353989;B
20241028;101629;4100;1;11345354194;S
20241028;101630;4100;50;11345354456;S
20241028;101631;4102;1;11345354847;B
20241028;101633;4101;3;11345355680;B
20241028;101634;4101;4;11345356080;B
20241028;101634;4102;6;11345356081;B
20241028;101636;4101;1;11345356664;S
20241028;101636;4100;199;11345356665;S
20241028;101636;4100;50;11345356827;S
20241028;101636;4100;100;11345356846;S
20241028;101638;4102;10;11345357608;B
20241028;101640;4100;16;11345358560;S
20241028;101640;4101;1;11345358684;B
20241028;101640;4102;4;11345358685;B
20241028;101640;4103;5;11345358686;B
20241028;101641;4103;1;11345359209;B
20241028;101644;4103;10;11345360517;B
20241028;101644;4102;2;11345360519;S
20241028;101647;4101;4;11345361466;S
20241028;101647;4100;46;11345361467;S
20241028;101649;4102;10;11345362194;B
20241028;101649;4100;100;11345362295;S
20241028;101652;4101;10;11345363452;S
20241028;101654;4101;3;11345364408;S
20241028;101654;4100;12;11345364409;S
20241028;101655;4102;10;11345364678;B
20241028;101655;4102;1;11345364708;B
20241028;101656;4102;1;11345364799;B
20241028;101656;4100;1;11345365085;S
20241028;101658;4101;1;11345365448;B
20241028;101659;4101;1;11345366031;B
20241028;101703;4100;1;11345367599;S
20241028;101704;4101;2;11345368097;B
20241028;101706;4100;20;11345368539;S
20241028;101707;4100;50;11345368947;S
20241028;101707;4101;1;11345368954;B
20241028;101708;4100;3;11345369385;S
20241028;101709;4101;1;11345369565;B
20241028;101709;4101;3;11345369566;B
20241028;101709;4101;16;11345369567;B
20241028;101709;4101;10;11345369568;B
20241028;101709;4101;20;11345369569;B
20241028;101709;4102;16;11345369570;B
20241028;101709;4102;10;11345369814;B
20241028;101711;4102;1;11345370437;B
20241028;101713;4100;22;11345371332;S
20241028;101713;4102;5;11345371342;B
20241028;101714;4100;2;11345371632;S
20241028;101715;4101;14;11345371976;S
20241028;101715;4100;46;11345371977;S
20241028;101715;4100;1;11345372051;S
20241028;101715;4100;2;11345372250;S
20241028;101715;4100;50;11345372361;S
20241028;101718;4101;1;11345373270;B
20241028;101719;4101;2;11345373569;B
20241028;101719;4100;10;11345373640;S
20241028;101720;4100;5;11345373986;S
20241028;101720;4100;10;11345374082;S
20241028;101721;4101;10;11345374466;B
20241028;101722;4100;100;11345374805;S
20241028;101723;4101;7;11345375218;B
20241028;101723;4101;3;11345375219;B
20241028;101724;4100;19;11345375290;S
20241028;101724;4100;1;11345375291;S
20241028;101724;4100;40;11345375651;S
20241028;101727;4100;1;11345376550;S
20241028;101727;4101;2;11345376864;B
20241028;101727;4102;3;11345376865;B
20241028;101728;4102;1;11345377004;B
20241028;101729;4101;3;11345377639;S
20241028;101730;4101;2;11345377679;S
20241028;101731;4102;1;11345378631;B
20241028;101732;4102;1;11345378693;B
20241028;101734;4101;5;11345379600;S
20241028;101734;4101;20;11345379601;S
20241028;101734;4101;25;11345379602;S
20241028;101734;4101;25;11345379859;S
20241028;101734;4100;75;11345379860;S
20241028;101735;4101;20;11345380228;S
20241028;101735;4100;80;11345380229;S
