<DATE>;<TIME>;<LAST>;<VOL>;<ID>;<OPER>
20240408;095957;231.6;10;10058906061;S
20240408;095957;231.6;20;10058906062;B
20240408;095957;231.6;10;10058906063;B
20240408;095957;231.6;10;10058906064;B
20240408;095957;231.6;10;10058906065;B
20240408;095957;231.6;20;10058906066;B
20240408;095957;231.6;90;10058906067;S
20240408;095957;231.6;30;10058906068;S
20240408;095957;231.6;10;10058906069;S
20240408;095957;231.6;10;10058906070;B
20240408;095957;231.6;500;10058906071;B
20240408;095957;231.6;330;10058906072;S
20240408;095957;231.6;10;10058906073;S
20240408;095957;231.6;20;10058906074;B
20240408;095957;231.6;40;10058906075;B
20240408;095957;231.6;150;10058906076;B
20240408;095957;231.6;250;10058906077;B
20240408;095957;231.6;1120;10058906078;B
20240408;095957;231.6;70;10058906079;B
20240408;095957;231.6;20;10058906080;B
20240408;095957;231.6;10;10058906081;B
20240408;095957;231.6;10;10058906082;B
20240408;095957;231.6;10;10058906083;B
20240408;095957;231.6;10;10058906084;B
20240408;095957;231.6;10;10058906085;B
20240408;095957;231.6;20;10058906086;B
20240408;095957;231.6;10;10058906087;B
20240408;095957;231.6;10;10058906088;B
20240408;095957;231.6;10;10058906089;S
20240408;095957;231.6;20;10058906090;B
20240408;095957;231.6;50;10058906091;B
20240408;095957;231.6;80;10058906092;B
20240408;095957;231.6;10;10058906093;B
20240408;095957;231.6;10;10058906094;B
20240408;095957;231.6;30;10058906095;B
20240408;095957;231.6;10;10058906096;B
20240408;095957;231.6;20;10058906097;B
20240408;095957;231.6;30;10058906098;B
20240408;095957;231.6;30;10058906099;B
20240408;095957;231.6;60;10058906100;B
20240408;095957;231.6;10;10058906101;B
20240408;095957;231.6;20;10058906102;B
20240408;095957;231.6;150;10058906103;B
20240408;095957;231.6;10;10058906104;B
20240408;095957;231.6;10;10058906105;B
20240408;095957;231.6;200;10058906106;B
20240408;095957;231.6;250;10058906107;S
20240408;095957;231.6;10;10058906108;B
20240408;095957;231.6;30;10058906109;B
20240408;095957;231.6;30;10058906110;B
20240408;095957;231.6;30;10058906111;B
20240408;095957;231.6;970;10058906112;B
20240408;095957;231.6;10;10058906113;B
20240408;095957;231.6;10;10058906114;S
20240408;095957;231.6;50;10058906115;S
20240408;095957;231.6;380;10058906116;B
20240408;095957;231.6;1090;10058906117;B
20240408;095957;231.6;10;10058906118;S
20240408;095957;231.6;180;10058906119;S
20240408;095957;231.6;10;10058906120;S
20240408;095957;231.6;30;10058906121;S
20240408;095957;231.6;10;10058906122;S
20240408;095957;231.6;10;10058906123;S
20240408;095957;231.6;300;10058906124;B
20240408;095957;231.6;20;10058906125;B
20240408;095957;231.6;30;10058906126;S
20240408;095957;231.6;10;10058906127;S
20240408;095957;231.6;10;10058906128;S
20240408;095957;231.6;100;10058906129;S
20240408;095957;231.6;10;10058906130;S
20240408;095957;231.6;150;10058906131;B
20240408;095957;231.6;20;10058906132;S
20240408;095957;231.6;30;10058906133;S
20240408;095957;231.6;10;10058906134;S
20240408;095957;231.6;170;10058906135;B
20240408;095957;231.6;10;10058906136;B
20240408;095957;231.6;20;10058906137;B
20240408;095957;231.6;300;10058906138;B
20240408;095957;231.6;30;10058906139;B
20240408;095957;231.6;10;10058906140;B
20240408;095957;231.6;160;10058906141;B
20240408;095957;231.6;50;10058906142;B
20240408;100000;231.59;120;10058906947;B
20240408;100000;231.6;600;10058906961;B
20240408;100000;231.6;740;10058907310;B
20240408;100000;231.6;100;10058907311;B
20240408;100000;231.61;10;10058907363;B
20240408;100000;231.61;10;10058907364;B
20240408;100000;231.61;110;10058907365;B
20240408;100000;231.69;10;10058907562;B
20240408;100000;231.7;70;10058907615;B
20240408;100000;231.7;230;10058907621;B
20240408;100000;231.7;500;10058907622;B
20240408;100000;231.71;90;10058907623;B
20240408;100000;231.74;20;10058907624;B
20240408;100000;231.74;30;10058907625;B
20240408;100000;231.75;30;10058907626;B
20240408;100000;231.78;20;10058907627;B
20240408;100000;231.78;200;10058907628;B
20240408;100000;231.78;30;10058907629;B
20240408;100000;231.79;30;10058907630;B
20240408;100000;231.82;320;10058907631;B
20240408;100000;231.82;470;10058907693;B
20240408;100000;231.83;770;10058907784;S
20240408;100000;231.83;770;10058907812;S
20240408;100000;231.84;500;10058907813;B
20240408;100000;231.83;770;10058907826;S
20240408;100000;231.83;770;10058907843;S
20240408;100000;231.82;90;10058907845;S
20240408;100000;231.84;890;10058907913;B
20240408;100000;231.83;10;10058908055;S
20240408;100001;231.83;760;10058908096;S
20240408;100001;231.84;310;10058908107;B
20240408;100001;231.83;770;10058908111;S
20240408;100001;231.83;530;10058908123;B
20240408;100001;231.84;470;10058908124;B
20240408;100001;231.84;160;10058908130;B
20240408;100001;231.84;600;10058908138;B
20240408;100001;231.83;10;10058908394;B
20240408;100001;231.74;30;10058908507;S
20240408;100001;231.83;40;10058908514;B
20240408;100001;231.74;50;10058908531;S
20240408;100001;231.83;20;10058908538;B
20240408;100001;231.83;10;10058908600;B
20240408;100001;231.83;220;10058908739;B
20240408;100001;231.83;10;10058908837;B
20240408;100001;231.74;70;10058908935;S
20240408;100001;231.66;10;10058908965;S
20240408;100002;231.6;60;10058909256;S
20240408;100002;231.57;250;10058909257;S
20240408;100002;231.68;40;10058909290;B
20240408;100002;231.68;10;10058909346;B
20240408;100002;231.57;20;10058909372;S
20240408;100002;231.57;10;10058909561;S
20240408;100002;231.57;10;10058909759;S
20240408;100002;231.57;10;10058909913;S
20240408;100002;231.68;480;10058909919;B
20240408;100002;231.69;10;10058909920;B
20240408;100002;231.69;10;10058909921;B
20240408;100003;231.65;230;10058911354;S
20240408;100005;231.73;40;10058913440;B
20240408;100005;231.73;10;10058913443;B
20240408;100005;231.73;10;10058913676;B
20240408;100005;231.73;10;10058913679;B
20240408;100005;231.65;20;10058913682;S
20240408;100005;231.73;10;10058913726;B
20240408;100006;231.65;10;10058915380;S
20240408;100006;231.65;30;10058915422;S
20240408;100006;231.71;10;10058915708;B
20240408;100006;231.65;60;10058915912;S
20240408;100006;231.71;10;10058916055;B
20240408;100006;231.65;10;10058916061;S
20240408;100006;231.65;10;10058916317;S
20240408;100006;231.72;10;10058916334;B
20240408;100006;231.65;50;10058916353;S
20240408;100006;231.72;90;10058917115;B
20240408;100006;231.77;90;10058917116;B
20240408;100006;231.78;60;10058917117;B
20240408;100006;231.79;870;10058917118;B
20240408;100006;231.79;530;10058917119;B
20240408;100006;231.8;3560;10058917120;B
20240408;100006;231.79;40;10058917141;B
20240408;100006;231.79;20;10058917152;B
20240408;100006;231.69;230;10058917162;S
20240408;100007;231.69;10;10058917231;S
20240408;100007;231.79;10;10058917252;B
20240408;100007;231.69;300;10058917269;S
20240408;100007;231.69;10;10058917279;S
20240408;100007;231.69;10;10058917407;S
20240408;100007;231.78;100;10058917975;B
20240408;100007;231.8;100;10058917976;B
20240408;100007;231.69;20;10058918071;S
20240408;100007;231.69;10;10058918075;S
20240408;100007;231.8;10;10058918078;B
20240408;100007;231.78;10;10058918083;B
20240408;100007;231.69;10;10058918085;S
20240408;100008;231.8;10;10058919651;B
20240408;100008;231.8;10;10058919652;B
20240408;100008;231.8;10;10058919654;B
20240408;100008;231.8;100;10058919656;B
20240408;100008;231.8;400;10058919822;B
20240408;100008;231.81;150;10058919823;B
20240408;100008;231.81;450;10058919824;B
20240408;100008;231.81;10;10058920154;B
20240408;100008;231.81;520;10058920157;B
20240408;100008;231.81;480;10058920158;B
20240408;100008;231.81;10;10058920198;B
20240408;100008;231.81;10;10058920237;B
20240408;100008;231.81;20;10058920265;B
20240408;100008;231.79;10;10058920624;B
20240408;100008;231.69;10;10058920700;S
20240408;100008;231.69;10;10058920709;S
20240408;100009;231.79;10;10058921905;B
20240408;100009;231.69;10;10058921925;S
20240408;100009;231.79;10;10058921935;B
20240408;100009;231.69;100;10058921947;S
20240408;100010;231.81;10;10058922939;B
20240408;100010;231.81;70;10058922940;B
20240408;100010;231.79;10;10058923007;B
20240408;100010;231.69;30;10058923155;S
20240408;100010;231.69;10;10058923788;S
20240408;100010;231.69;90;10058923789;S
20240408;100010;231.68;10;10058923790;S
20240408;100010;231.78;30;10058923803;B
20240408;100010;231.69;40;10058923883;S
20240408;100010;231.79;20;10058924055;B
20240408;100010;231.81;450;10058924511;B
20240408;100011;231.81;50;10058924976;B
20240408;100011;231.72;20;10058925033;S
20240408;100011;231.81;10;10058925034;B
20240408;100011;231.72;10;10058925035;S
20240408;100011;231.81;10;10058925413;B
20240408;100011;231.66;10;10058925679;S
20240408;100011;231.77;10;10058926172;B
20240408;100011;231.78;70;10058926173;B
20240408;100011;231.78;10;10058926470;B
20240408;100011;231.78;10;10058926474;B
20240408;100011;231.78;10;10058926476;B
20240408;100011;231.78;10;10058926477;B
20240408;100011;231.66;10;10058926478;S
20240408;100011;231.78;10;10058926480;B
20240408;100011;231.78;410;10058926481;B
20240408;100011;231.79;60;10058926482;B
20240408;100011;231.79;870;10058926483;B
20240408;100011;231.79;90;10058926484;B
20240408;100011;231.8;1110;10058926485;B
20240408;100011;231.82;250;10058926486;B
20240408;100011;231.84;1420;10058926487;B
20240408;100011;231.85;10;10058926488;B
20240408;100011;231.86;20;10058926489;B
20240408;100011;231.89;790;10058926490;B
20240408;100011;231.9;3000;10058926491;B
20240408;100011;231.9;30;10058926492;B
20240408;100011;231.9;300;10058926493;B
20240408;100011;231.92;20;10058926494;B
20240408;100011;231.93;30;10058926495;B
20240408;100011;231.93;1590;10058926496;B
20240408;100012;231.81;10;10058926917;S
20240408;100012;231.91;10;10058927081;B
20240408;100012;231.92;30;10058927082;B
20240408;100012;231.92;10;10058927112;B
20240408;100012;231.92;10;10058927306;B
20240408;100012;231.81;10;10058927313;S
20240408;100012;231.92;20;10058927315;B
20240408;100012;231.81;10;10058927323;S
20240408;100012;231.92;10;10058927536;B
20240408;100012;231.92;80;10058927574;B
20240408;100012;231.85;70;10058928639;S
20240408;100013;231.85;20;10058928772;S
20240408;100013;231.85;410;10058928774;S
20240408;100015;231.9;80;10058929645;B
20240408;100015;231.9;50;10058929646;B
20240408;100015;231.92;70;10058929647;B
20240408;100016;231.92;30;10058930204;B
20240408;100016;231.92;600;10058930410;B
20240408;100016;231.91;10;10058930442;B
20240408;100018;231.91;30;10058931195;B
20240408;100020;231.9;10;10058931984;B
20240408;100021;231.92;300;10058932298;B
20240408;100021;231.91;10;10058932344;B
20240408;100021;231.9;10;10058932361;S
20240408;100023;231.85;10;10058932951;S
20240408;100023;231.85;10;10058932952;S
20240408;100023;231.84;20;10058932953;S
20240408;100024;231.9;10;10058933469;S
20240408;100025;231.84;40;10058933562;S
20240408;100025;231.83;60;10058933563;S
20240408;100025;231.7;770;10058933642;S
20240408;100025;231.69;30;10058933643;S
20240408;100025;231.69;60;10058933644;S
20240408;100025;231.67;3140;10058933672;B
20240408;100025;231.66;1580;10058933695;S
20240408;100025;231.66;770;10058933696;S
20240408;100025;231.66;60;10058933716;B
20240408;100025;231.66;1590;10058933744;B
20240408;100026;231.76;60;10058934447;B
20240408;100026;231.77;50;10058934448;B
20240408;100026;231.69;50;10058934714;S
20240408;100026;231.69;60;10058934715;S
20240408;100026;231.68;280;10058934716;S
20240408;100026;231.64;1760;10058934717;S
20240408;100026;231.74;250;10058934744;B
20240408;100026;231.65;350;10058934755;S
20240408;100027;231.71;280;10058934925;B
20240408;100027;231.73;530;10058934926;B
20240408;100027;231.74;60;10058934927;B
20240408;100027;231.74;60;10058934928;B
20240408;100027;231.74;160;10058934929;B
20240408;100028;231.73;10;10058935197;B
20240408;100029;231.72;100;10058935551;B
20240408;100029;231.73;50;10058935552;B
20240408;100029;231.74;850;10058935553;B
20240408;100030;231.74;530;10058935700;B
20240408;100030;231.74;470;10058935701;B
20240408;100031;231.74;300;10058936273;B
20240408;100032;231.74;90;10058936725;B
20240408;100032;231.74;10;10058936726;B
20240408;100033;231.74;10;10058936946;B
20240408;100037;231.74;50;10058938404;B
20240408;100040;231.73;100;10058939115;B
20240408;100040;231.66;20;10058939328;S
20240408;100040;231.65;60;10058939368;S
20240408;100040;231.65;10;10058939369;S
20240408;100040;231.65;10;10058939370;S
20240408;100040;231.64;2590;10058939371;S
20240408;100040;231.64;280;10058939372;S
20240408;100040;231.63;90;10058939373;S
20240408;100040;231.62;1560;10058939374;S
20240408;100040;231.69;110;10058939409;B
20240408;100042;231.69;4000;10058940113;S
20240408;100042;231.68;280;10058940114;S
20240408;100042;231.61;60;10058940115;S
20240408;100042;231.61;350;10058940116;S
20240408;100042;231.6;770;10058940117;S
20240408;100042;231.5;250;10058940118;S
20240408;100043;231.46;60;10058940380;B
20240408;100044;231.45;10;10058940628;B
20240408;100044;231.45;20;10058940752;B
20240408;100045;231.45;120;10058940888;B
20240408;100045;231.46;3880;10058940889;B
20240408;100045;231.46;350;10058940923;B
20240408;100045;231.48;60;10058940929;B
20240408;100045;231.62;50;10058941129;B
20240408;100045;231.7;50;10058941130;B
20240408;100046;231.7;30;10058941633;B
20240408;100046;231.71;80;10058941634;B
20240408;100046;231.73;1090;10058941635;B
20240408;100047;231.73;50;10058941738;B
20240408;100047;231.68;20;10058941747;S
20240408;100047;231.68;260;10058942099;S
20240408;100047;231.65;60;10058942100;S
20240408;100047;231.65;80;10058942101;S
20240408;100047;231.64;600;10058942102;S
20240408;100049;231.63;10;10058943172;S
20240408;100050;231.69;60;10058943369;B
20240408;100050;231.69;10;10058943426;B
20240408;100050;231.68;30;10058943611;S
20240408;100053;231.64;770;10058944361;B
20240408;100053;231.65;230;10058944362;B
20240408;100054;231.63;470;10058944625;S
20240408;100054;231.62;60;10058944626;B
20240408;100054;231.63;280;10058944627;B
20240408;100055;231.65;30;10058945020;B
20240408;100055;231.63;200;10058945223;S
20240408;100055;231.63;500;10058945284;S
20240408;100056;231.65;470;10058945429;B
20240408;100056;231.68;50;10058945430;B
20240408;100056;231.68;50;10058945431;B
20240408;100056;231.69;770;10058945432;B
20240408;100056;231.7;810;10058945433;B
20240408;100057;231.65;280;10058945640;S
20240408;100057;231.63;470;10058945641;S
20240408;100057;231.64;770;10058945644;B
20240408;100057;231.66;200;10058945679;S
20240408;100057;231.69;210;10058945848;B
20240408;100057;231.69;560;10058945849;B
20240408;100057;231.7;1690;10058945850;B
20240408;100057;231.71;4000;10058945943;S
20240408;100057;231.71;280;10058945944;S
20240408;100057;231.65;60;10058945945;S
20240408;100057;231.63;60;10058945946;S
20240408;100057;231.57;1580;10058945947;S
20240408;100057;231.51;2600;10058945948;S
20240408;100057;231.5;6480;10058945949;S
20240408;100058;231.51;170;10058946207;S
20240408;100101;231.53;30;10058947364;S
20240408;100102;231.59;770;10058947689;B
20240408;100102;231.6;90;10058947690;B
20240408;100102;231.61;60;10058947691;B
20240408;100102;231.73;20;10058947799;B
20240408;100102;231.74;180;10058947800;B
20240408;100103;231.7;70;10058948322;S
20240408;100104;231.71;10;10058948534;S
20240408;100104;231.7;210;10058948535;S
20240408;100104;231.69;140;10058948536;S
20240408;100104;231.68;4000;10058948537;S
20240408;100104;231.65;70;10058948538;S
20240408;100104;231.65;90;10058948539;S
20240408;100104;231.5;5480;10058948540;S
20240408;100104;231.63;10;10058948550;B
20240408;100106;231.51;40;10058949157;S
20240408;100106;231.6;10;10058949362;B
20240408;100107;231.51;20;10058949633;S
20240408;100107;231.51;10;10058949636;S
20240408;100107;231.5;20;10058949681;S
20240408;100107;231.5;10;10058949687;S
20240408;100108;231.5;20;10058950028;S
20240408;100110;231.51;10;10058951763;S
20240408;100111;231.5;1070;10058952657;S
20240408;100112;231.5;500;10058952872;S
20240408;100112;231.58;770;10058952937;B
20240408;100112;231.59;100;10058952938;B
20240408;100112;231.6;50;10058952939;B
20240408;100112;231.6;280;10058952940;B
20240408;100112;231.64;270;10058952941;B
20240408;100112;231.73;250;10058952942;B
20240408;100112;231.74;10;10058952943;B
20240408;100118;231.57;770;10058955465;B
20240408;100118;231.58;90;10058955466;B
20240408;100118;231.58;100;10058955467;B
20240408;100118;231.62;40;10058955468;B
20240408;100118;231.65;200;10058955575;B
20240408;100119;231.65;90;10058955908;B
20240408;100121;231.65;20;10058956429;B
20240408;100123;231.57;50;10058957215;S
20240408;100123;231.54;100;10058957216;S
20240408;100124;231.54;170;10058957377;B
20240408;100124;231.51;30;10058957502;S
20240408;100125;231.59;100;10058957612;B
20240408;100125;231.6;30;10058957613;B
20240408;100126;231.59;10;10058957883;B
20240408;100128;231.63;10;10058958642;B
20240408;100129;231.63;1000;10058958697;B
20240408;100129;231.63;10;10058958763;B
20240408;100129;231.6;20;10058958875;S
20240408;100132;231.53;20;10058959744;S
20240408;100132;231.64;200;10058959875;B
20240408;100135;231.56;280;10058960820;S
20240408;100135;231.51;70;10058960821;S
20240408;100135;231.51;100;10058960822;S
20240408;100135;231.51;220;10058960823;S
20240408;100135;231.5;520;10058960824;S
20240408;100137;231.62;100;10058961426;B
20240408;100137;231.63;70;10058961427;B
20240408;100137;231.64;20;10058961428;B
20240408;100137;231.54;20;10058961504;S
20240408;100140;231.62;280;10058962241;S
20240408;100140;231.62;210;10058962242;S
20240408;100140;231.61;10;10058962243;S
20240408;100141;231.65;10;10058962350;B
20240408;100142;231.65;90;10058962898;B
20240408;100142;231.65;100;10058962899;B
20240408;100142;231.71;10;10058962900;B
20240408;100142;231.72;80;10058962901;B
20240408;100142;231.73;30;10058962998;B
20240408;100143;231.73;260;10058963109;B
20240408;100145;231.67;280;10058963690;S
20240408;100145;231.66;90;10058963691;S
20240408;100145;231.66;220;10058963692;S
20240408;100145;231.62;10;10058963693;S
20240408;100145;231.62;70;10058963694;S
20240408;100145;231.61;130;10058963695;S
20240408;100146;231.62;10;10058964249;S
20240408;100146;231.61;20;10058964250;S
20240408;100147;231.71;10;10058964336;B
20240408;100148;231.7;20;10058964669;B
20240408;100148;231.7;20;10058964879;B
20240408;100149;231.7;450;10058965161;B
20240408;100151;231.7;60;10058965491;B
20240408;100153;231.67;20;10058966132;S
20240408;100154;231.67;10;10058966306;S
20240408;100154;231.67;260;10058966307;S
20240408;100154;231.66;220;10058966308;S
20240408;100154;231.66;280;10058966309;S
20240408;100154;231.61;240;10058966310;S
20240408;100154;231.7;20;10058966314;B
20240408;100155;231.62;20;10058966644;S
20240408;100156;231.62;10;10058966920;S
20240408;100200;231.67;140;10058968063;B
20240408;100200;231.7;230;10058968064;B
20240408;100202;231.62;30;10058968632;S
20240408;100202;231.7;10;10058968744;B
20240408;100204;231.7;10;10058969089;B
20240408;100206;231.7;20;10058969682;B
20240408;100210;231.69;210;10058970944;B
20240408;100212;231.69;340;10058971228;B
20240408;100212;231.7;40;10058971229;B
20240408;100212;231.7;10;10058971230;B
20240408;100212;231.7;20;10058971231;B
20240408;100212;231.71;20;10058971232;B
20240408;100212;231.71;40;10058971245;B
20240408;100212;231.71;90;10058971246;B
20240408;100212;231.74;70;10058971247;B
20240408;100214;231.67;60;10058972570;S
20240408;100215;231.67;110;10058972792;S
20240408;100215;231.66;90;10058972793;S
20240408;100215;231.66;200;10058972794;S
20240408;100215;231.64;90;10058972795;S
20240408;100215;231.63;1000;10058972796;S
20240408;100215;231.63;280;10058972797;S
20240408;100215;231.61;3230;10058972798;S
20240408;100217;231.62;20;10058973381;S
20240408;100219;231.69;250;10058973806;B
20240408;100221;231.69;10;10058974397;B
20240408;100221;231.69;70;10058974398;B
20240408;100221;231.69;30;10058974466;B
20240408;100221;231.69;20;10058974517;B
20240408;100223;231.62;50;10058975034;S
20240408;100227;231.67;20;10058977470;S
20240408;100227;231.64;40;10058977471;S
20240408;100227;231.63;40;10058977472;S
20240408;100229;231.64;10;10058978033;S
20240408;100232;231.7;90;10058978904;B
20240408;100232;231.7;10;10058978905;B
20240408;100232;231.7;200;10058978992;B
20240408;100233;231.64;10;10058979474;S
20240408;100234;231.7;590;10058979840;B
20240408;100234;231.7;210;10058979841;B
20240408;100236;231.7;10;10058980244;S
20240408;100237;231.72;10;10058980460;B
20240408;100237;231.72;110;10058980740;B
20240408;100238;231.71;10;10058981004;S
20240408;100238;231.7;10;10058981031;S
20240408;100239;231.74;20;10058981461;B
20240408;100241;231.71;30;10058982174;S
20240408;100242;231.74;10;10058982356;B
20240408;100244;231.74;190;10058982733;B
20240408;100244;231.74;30;10058982984;B
20240408;100245;231.72;10;10058983047;B
20240408;100245;231.74;300;10058983314;B
20240408;100245;231.74;10;10058983315;B
20240408;100245;231.74;10;10058983316;B
20240408;100245;231.78;10;10058983317;B
20240408;100247;231.77;190;10058983723;S
20240408;100247;231.76;10;10058983724;S
20240408;100247;231.8;20;10058983856;B
20240408;100247;231.83;20;10058983857;B
20240408;100247;231.84;210;10058983858;B
20240408;100248;231.85;870;10058984265;B
20240408;100248;231.86;280;10058984266;B
20240408;100248;231.86;100;10058984267;B
20240408;100248;231.87;250;10058984268;B
20240408;100249;231.86;40;10058984575;B
20240408;100249;231.79;80;10058984702;S
20240408;100249;231.79;20;10058984711;S
20240408;100250;231.86;170;10058984777;B
20240408;100251;231.86;660;10058985257;B
20240408;100251;231.87;520;10058985258;B
20240408;100251;231.88;20;10058985259;B
20240408;100251;231.88;180;10058985260;B
20240408;100251;231.89;10;10058985261;B
20240408;100251;231.89;280;10058985262;B
20240408;100251;231.9;130;10058985263;B
20240408;100251;231.9;2540;10058985264;B
20240408;100253;231.83;10;10058985819;S
20240408;100253;231.89;10;10058985834;B
20240408;100255;231.89;150;10058986729;B
20240408;100256;231.89;330;10058987057;B
20240408;100257;231.82;30;10058987180;S
20240408;100258;231.87;10;10058987868;B
20240408;100258;231.88;870;10058987869;B
20240408;100258;231.89;120;10058987870;B
20240408;100258;231.88;760;10058987922;B
20240408;100259;231.88;30;10058988084;B
20240408;100300;231.88;20;10058988675;B
20240408;100301;231.82;10;10058989035;B
20240408;100302;231.77;10;10058989124;S
20240408;100302;231.77;60;10058989125;S
20240408;100302;231.75;180;10058989126;S
20240408;100302;231.74;280;10058989127;S
20240408;100302;231.74;70;10058989128;S
20240408;100302;231.71;10;10058989129;S
20240408;100302;231.7;180;10058989130;S
20240408;100302;231.7;200;10058989131;S
20240408;100302;231.7;510;10058989132;S
20240408;100303;231.72;10;10058989506;S
20240408;100303;231.71;60;10058989507;S
20240408;100303;231.71;70;10058989508;S
20240408;100303;231.71;2560;10058989509;S
20240408;100303;231.7;60;10058989510;S
20240408;100304;231.78;10;10058989875;B
20240408;100305;231.78;10;10058990200;B
20240408;100306;231.78;10;10058990357;B
20240408;100307;231.71;10;10058990704;S
20240408;100309;231.78;30;10058991665;B
20240408;100309;231.79;10;10058991666;B
20240408;100310;231.82;20;10058992064;B
20240408;100312;231.83;10;10058992466;B
20240408;100313;231.84;60;10058992707;B
20240408;100313;231.84;190;10058992708;B
20240408;100313;231.85;170;10058992709;B
20240408;100315;231.86;30;10058993450;B
20240408;100318;231.85;10;10058994597;B
20240408;100323;231.86;30;10058996346;B
20240408;100323;231.86;190;10058996347;B
20240408;100323;231.87;40;10058996348;B
20240408;100323;231.78;200;10058996507;S
20240408;100323;231.78;60;10058996508;S
20240408;100323;231.78;60;10058996509;S
20240408;100323;231.77;180;10058996510;S
20240408;100325;231.81;250;10058996850;B
20240408;100325;231.72;50;10058997082;S
20240408;100325;231.72;60;10058997083;S
20240408;100325;231.72;180;10058997084;S
20240408;100325;231.71;10;10058997085;S
20240408;100325;231.71;640;10058997086;S
20240408;100325;231.7;1060;10058997087;S
20240408;100326;231.7;50;10058997290;S
20240408;100327;231.77;20;10058997399;B
20240408;100327;231.78;60;10058997483;B
20240408;100327;231.78;60;10058997484;B
20240408;100327;231.79;280;10058997485;B
20240408;100327;231.81;190;10058997486;B
20240408;100327;231.82;50;10058997487;B
20240408;100328;231.81;40;10058997742;B
20240408;100328;231.81;20;10058997870;B
20240408;100328;231.82;60;10058997871;B
20240408;100328;231.83;190;10058997872;B
20240408;100328;231.83;280;10058997873;B
20240408;100328;231.85;450;10058997874;B
20240408;100329;231.8;20;10058998171;S
20240408;100332;231.81;20;10058998732;S
20240408;100332;231.8;190;10058998733;S
20240408;100332;231.8;50;10058998734;S
20240408;100335;231.79;60;10058999691;S
20240408;100335;231.86;20;10058999760;B
20240408;100336;231.85;10;10058999904;B
20240408;100336;231.86;240;10058999905;B
20240408;100338;231.78;40;10059000556;S
20240408;100341;231.82;100;10059001247;B
20240408;100341;231.82;100;10059001278;B
20240408;100341;231.84;100;10059001314;B
20240408;100341;231.84;100;10059001348;B
20240408;100341;231.84;100;10059001391;B
20240408;100341;231.84;100;10059001430;B
20240408;100342;231.84;100;10059001531;B
20240408;100342;231.84;100;10059001597;B
20240408;100342;231.84;100;10059001638;B
20240408;100342;231.84;100;10059001680;B
20240408;100342;231.84;100;10059001713;B
20240408;100342;231.84;30;10059001750;B
20240408;100348;231.79;10;10059003314;S
20240408;100348;231.78;180;10059003315;S
20240408;100348;231.77;280;10059003316;S
20240408;100348;231.77;630;10059003317;S
20240408;100348;231.77;20;10059003318;S
20240408;100348;231.76;60;10059003319;S
20240408;100348;231.72;70;10059003320;S
20240408;100348;231.71;130;10059003321;S
20240408;100348;231.83;20;10059003322;B
20240408;100349;231.74;10;10059003350;S
20240408;100349;231.73;30;10059003351;S
20240408;100351;231.82;10;10059003976;B
20240408;100352;231.82;10;10059004233;B
20240408;100353;231.82;190;10059004334;B
20240408;100353;231.83;10;10059004335;B
20240408;100354;231.74;10;10059004493;S
20240408;100354;231.74;50;10059004620;S
20240408;100355;231.8;10;10059004847;B
20240408;100355;231.8;260;10059004875;S
20240408;100355;231.78;180;10059004876;S
20240408;100355;231.77;450;10059004877;S
20240408;100355;231.75;110;10059004878;S
20240408;100355;231.73;250;10059004879;S
20240408;100355;231.71;60;10059004880;S
20240408;100355;231.71;320;10059004881;S
20240408;100355;231.7;7720;10059004882;S
20240408;100355;231.7;10;10059004883;S
20240408;100355;231.7;10;10059004884;S
20240408;100355;231.7;50;10059004885;S
20240408;100355;231.69;10;10059004886;S
20240408;100355;231.65;40;10059004887;S
20240408;100355;231.63;110;10059004888;S
20240408;100355;231.62;10;10059004889;S
20240408;100355;231.61;410;10059004890;S
20240408;100356;231.61;1500;10059005111;S
20240408;100357;231.61;1500;10059005475;S
20240408;100358;231.62;20;10059005941;S
20240408;100359;231.68;280;10059005985;B
20240408;100359;231.69;180;10059005986;B
20240408;100359;231.7;60;10059005987;B
20240408;100359;231.7;70;10059005988;B
20240408;100359;231.73;400;10059005989;B
20240408;100359;231.77;460;10059005990;B
20240408;100359;231.78;1580;10059005991;B
20240408;100359;231.83;1580;10059005992;B
20240408;100359;231.83;60;10059005993;B
20240408;100359;231.84;3000;10059005994;B
20240408;100359;231.85;2330;10059005995;B
20240408;100400;231.85;10;10059006431;B
20240408;100401;231.74;10;10059006620;S
20240408;100402;231.85;10;10059006825;B
20240408;100403;231.74;20;10059006970;S
20240408;100405;231.85;10;10059007489;B
20240408;100406;231.72;10;10059007732;S
20240408;100406;231.7;50;10059007853;S
20240408;100406;231.69;280;10059007854;S
20240408;100406;231.68;100;10059007855;S
20240408;100407;231.68;10;10059008129;S
20240408;100407;231.75;160;10059008237;B
20240408;100409;231.68;60;10059008871;S
20240408;100409;231.68;180;10059008872;S
20240408;100409;231.67;110;10059008873;S
20240408;100410;231.64;40;10059009152;S
20240408;100412;231.71;10;10059009538;B
20240408;100412;231.72;20;10059009539;B
20240408;100415;231.64;160;10059010189;S
20240408;100415;231.64;180;10059010190;S
20240408;100415;231.63;100;10059010191;S
20240408;100417;231.64;10;10059010632;S
20240408;100417;231.7;10;10059010726;B
20240408;100419;231.72;60;10059011266;B
20240408;100419;231.73;90;10059011267;B
20240408;100419;231.73;20;10059011268;B
20240408;100419;231.66;10;10059011419;S
20240408;100420;231.66;60;10059011596;S
20240408;100420;231.65;20;10059011597;S
20240408;100420;231.66;40;10059011696;S
20240408;100420;231.65;60;10059011697;S
20240408;100420;231.64;10;10059011698;S
20240408;100423;231.7;10;10059012420;B
20240408;100424;231.65;20;10059012793;S
20240408;100424;231.64;180;10059012794;S
20240408;100424;231.64;10;10059012795;S
20240408;100424;231.63;220;10059012796;S
20240408;100425;231.7;10;10059012982;B
20240408;100425;231.7;490;10059012983;B
20240408;100426;231.64;10;10059013241;S
20240408;100426;231.64;60;10059013242;S
20240408;100426;231.64;230;10059013243;S
20240408;100426;231.73;10;10059013325;B
20240408;100426;231.65;10;10059013378;S
20240408;100427;231.64;10;10059013515;S
20240408;100428;231.73;130;10059013944;B
20240408;100429;231.73;430;10059014127;B
20240408;100429;231.73;10;10059014128;B
20240408;100429;231.73;570;10059014240;B
20240408;100429;231.74;60;10059014241;B
20240408;100429;231.74;80;10059014242;B
20240408;100429;231.74;740;10059014243;B
20240408;100430;231.73;30;10059014475;B
20240408;100431;231.74;10;10059014628;B
20240408;100435;231.7;50;10059015717;S
20240408;100435;231.78;50;10059015755;B
20240408;100435;231.7;10;10059015911;S
20240408;100437;231.77;10;10059016263;B
20240408;100441;231.75;10;10059017560;B
20240408;100442;231.77;80;10059017901;B
20240408;100442;231.77;10;10059017910;B
20240408;100443;231.76;70;10059017970;B
20240408;100446;231.72;50;10059018848;S
20240408;100446;231.7;40;10059018849;S
20240408;100446;231.69;80;10059018850;S
20240408;100446;231.69;30;10059018851;S
20240408;100447;231.67;10;10059019325;S
20240408;100448;231.67;100;10059019580;S
20240408;100448;231.61;10;10059019581;S
20240408;100448;231.6;20;10059019582;S
20240408;100448;231.6;60;10059019583;S
20240408;100448;231.59;30;10059019584;S
20240408;100448;231.58;80;10059019585;S
20240408;100450;231.68;20;10059019986;B
20240408;100450;231.59;20;10059019991;S
20240408;100450;231.58;160;10059019992;S
20240408;100450;231.57;1260;10059019993;S
20240408;100450;231.56;60;10059019994;S
20240408;100450;231.56;40;10059019995;S
20240408;100450;231.54;40;10059019996;S
20240408;100450;231.53;10;10059019997;S
20240408;100450;231.53;50;10059019998;S
20240408;100450;231.53;1350;10059019999;S
20240408;100450;231.52;280;10059020000;S
20240408;100450;231.52;850;10059020001;S
20240408;100450;231.59;10;10059020008;S
20240408;100451;231.52;10;10059020240;S
20240408;100451;231.51;490;10059020241;S
20240408;100451;231.51;40;10059020260;S
20240408;100452;231.56;10;10059020573;B
20240408;100452;231.51;10;10059020597;S
20240408;100455;231.51;150;10059021331;S
20240408;100457;231.56;10;10059021723;B
20240408;100458;231.56;200;10059022311;B
20240408;100459;231.51;20;10059022597;S
20240408;100459;231.51;400;10059022671;S
20240408;100500;231.51;30;10059022959;S
20240408;100500;231.51;20;10059022982;S
20240408;100501;231.57;120;10059023007;B
20240408;100502;231.51;470;10059023502;S
20240408;100502;231.51;400;10059023579;S
20240408;100503;231.56;10;10059023720;B
20240408;100503;231.51;400;10059023767;S
20240408;100503;231.51;700;10059023799;S
20240408;100503;231.56;40;10059023850;B
20240408;100504;231.51;390;10059024092;S
20240408;100505;231.56;170;10059024464;B
20240408;100506;231.51;280;10059024549;S
20240408;100506;231.56;50;10059024718;B
20240408;100509;231.54;20;10059025656;B
20240408;100510;231.54;10;10059025798;B
20240408;100510;231.54;250;10059025876;B
20240408;100510;231.55;3000;10059025877;B
20240408;100510;231.55;200;10059025878;B
20240408;100510;231.56;690;10059025879;B
20240408;100510;231.54;80;10059025922;S
20240408;100510;231.56;440;10059025999;B
20240408;100511;231.53;30;10059026115;S
20240408;100512;231.56;30;10059026654;B
20240408;100513;231.53;200;10059026967;S
20240408;100516;231.56;20;10059027797;B
20240408;100516;231.53;50;10059027873;S
20240408;100516;231.52;100;10059027874;S
20240408;100516;231.56;10;10059027959;B
20240408;100517;231.53;30;10059028009;S
20240408;100517;231.53;40;10059028109;S
20240408;100519;231.56;110;10059028681;B
20240408;100521;231.56;100;10059029084;B
20240408;100524;231.55;10;10059030015;B
20240408;100524;231.56;40;10059030041;B
20240408;100524;231.56;70;10059030086;B
20240408;100524;231.56;10;10059030197;B
20240408;100526;231.56;100;10059030635;B
20240408;100529;231.56;20;10059031283;B
20240408;100532;231.53;100;10059032034;S
20240408;100534;231.56;20;10059032688;B
20240408;100536;231.56;30;10059033019;B
20240408;100537;231.56;460;10059033643;B
20240408;100537;231.56;410;10059033644;B
20240408;100537;231.56;90;10059033645;B
20240408;100537;231.58;20;10059033654;B
20240408;100537;231.59;70;10059033655;B
20240408;100537;231.59;10;10059033656;B
20240408;100538;231.58;10;10059034183;S
20240408;100541;231.66;20;10059035095;B
20240408;100545;231.59;10;10059036302;S
20240408;100545;231.58;90;10059036303;S
20240408;100546;231.56;180;10059036555;S
20240408;100547;231.57;10;10059037045;S
20240408;100547;231.56;200;10059037046;S
20240408;100548;231.56;10;10059037400;S
20240408;100552;231.61;10;10059038585;B
20240408;100552;231.53;10;10059038614;S
20240408;100556;231.53;40;10059039687;S
20240408;100556;231.58;40;10059039692;B
20240408;100558;231.53;20;10059040330;S
20240408;100558;231.57;10;10059040405;B
20240408;100559;231.53;30;10059040666;S
20240408;100559;231.53;30;10059040667;S
20240408;100559;231.53;30;10059040668;S
20240408;100559;231.52;190;10059040669;S
20240408;100559;231.52;10;10059040670;S
20240408;100559;231.51;660;10059040671;S
20240408;100600;231.58;10;10059041175;B
20240408;100601;231.53;30;10059041445;B
20240408;100606;231.56;70;10059042796;S
20240408;100606;231.58;10;10059042867;B
20240408;100608;231.58;20;10059043399;B
20240408;100608;231.59;10;10059043424;B
20240408;100611;231.59;10;10059044028;B
20240408;100611;231.6;80;10059044029;B
20240408;100612;231.6;10;10059044453;B
20240408;100613;231.56;10;10059044804;S
20240408;100616;231.56;10;10059045541;S
20240408;100616;231.59;280;10059045685;B
20240408;100616;231.59;460;10059045686;B
20240408;100616;231.6;40;10059045687;B
20240408;100616;231.6;1740;10059045688;B
20240408;100617;231.59;50;10059045889;B
20240408;100617;231.58;50;10059045947;S
20240408;100618;231.59;10;10059046264;B
20240408;100621;231.59;150;10059046731;B
20240408;100623;231.58;50;10059047357;S
20240408;100628;231.59;20;10059048652;B
20240408;100628;231.59;100;10059048653;B
20240408;100628;231.59;260;10059048654;B
20240408;100629;231.58;20;10059048808;S
20240408;100629;231.56;10;10059048809;S
20240408;100629;231.56;70;10059048810;S
20240408;100632;231.59;10;10059049470;B
20240408;100633;231.59;10;10059049794;B
20240408;100635;231.57;20;10059050127;B
20240408;100637;231.56;320;10059050580;S
20240408;100637;231.54;50;10059050581;S
20240408;100638;231.57;10;10059050738;B
20240408;100638;231.53;50;10059050798;S
20240408;100638;231.53;220;10059050826;B
20240408;100639;231.52;30;10059051039;S
20240408;100639;231.52;170;10059051171;S
20240408;100639;231.53;500;10059051252;B
20240408;100641;231.53;100;10059051638;B
20240408;100642;231.52;250;10059052056;S
20240408;100646;231.52;10;10059053342;S
20240408;100647;231.52;10;10059053627;S
20240408;100648;231.52;10;10059053978;S
20240408;100649;231.52;10;10059054182;S
20240408;100650;231.52;10;10059054354;S
20240408;100651;231.52;10;10059054659;S
20240408;100653;231.53;250;10059055071;B
20240408;100655;231.53;500;10059055615;B
20240408;100655;231.52;50;10059055719;S
20240408;100658;231.52;10;10059056369;S
20240408;100700;231.53;880;10059056848;B
20240408;100700;231.54;120;10059056849;B
20240408;100701;231.52;30;10059057074;S
20240408;100701;231.52;500;10059057186;S
20240408;100701;231.53;40;10059057216;B
20240408;100702;231.53;40;10059057256;B
20240408;100702;231.52;330;10059057317;S
20240408;100703;231.54;100;10059057557;B
20240408;100703;231.54;2400;10059057558;B
20240408;100704;231.55;50;10059057737;S
20240408;100707;231.55;30;10059058566;S
20240408;100708;231.54;20;10059058842;S
20240408;100709;231.56;100;10059059130;B
20240408;100711;231.57;20;10059059662;B
20240408;100712;231.54;40;10059059956;S
20240408;100715;231.55;100;10059060589;S
20240408;100715;231.57;20;10059060792;B
20240408;100717;231.54;150;10059061093;S
20240408;100718;231.57;40;10059061399;B
20240408;100718;231.58;20;10059061400;B
20240408;100718;231.59;40;10059061401;B
20240408;100720;231.56;10;10059061804;S
20240408;100720;231.55;10;10059061867;B
20240408;100724;231.52;510;10059062835;S
20240408;100724;231.52;120;10059062836;S
20240408;100724;231.52;50;10059062837;S
20240408;100724;231.51;10;10059062838;S
20240408;100724;231.51;20;10059062839;S
20240408;100724;231.5;4290;10059062840;S
20240408;100725;231.5;2500;10059062977;S
20240408;100725;231.5;2500;10059063083;S
20240408;100725;231.5;50;10059063137;S
20240408;100726;231.5;1000;10059063249;S
20240408;100726;231.5;2500;10059063274;S
20240408;100727;231.5;30;10059063523;S
20240408;100727;231.5;750;10059063536;S
20240408;100727;231.5;2280;10059063540;S
20240408;100727;231.5;1540;10059063541;S
20240408;100727;231.5;10;10059063642;S
20240408;100729;231.5;450;10059063978;S
20240408;100729;231.5;40;10059063979;S
20240408;100729;231.5;10;10059063980;S
20240408;100730;231.52;20;10059064250;B
20240408;100730;231.52;40;10059064353;B
20240408;100730;231.5;10;10059064356;S
20240408;100730;231.5;10;10059064357;S
20240408;100730;231.5;10;10059064358;S
20240408;100730;231.5;20;10059064359;S
20240408;100730;231.5;10;10059064360;S
20240408;100730;231.5;10;10059064361;S
20240408;100730;231.5;20;10059064362;S
20240408;100730;231.5;10;10059064363;S
20240408;100730;231.5;20;10059064364;S
20240408;100730;231.5;40;10059064365;S
20240408;100730;231.5;20;10059064366;S
20240408;100730;231.5;1000;10059064367;S
20240408;100730;231.5;100;10059064368;S
20240408;100730;231.5;10;10059064369;S
20240408;100730;231.5;10;10059064370;S
20240408;100730;231.5;20;10059064371;S
20240408;100730;231.5;50;10059064372;S
20240408;100730;231.5;100;10059064373;S
20240408;100730;231.5;1000;10059064374;S
20240408;100731;231.41;10;10059064504;S
20240408;100731;231.4;40;10059064505;S
20240408;100731;231.4;50;10059064530;S
20240408;100731;231.4;10;10059064534;S
20240408;100731;231.4;10;10059064627;S
20240408;100732;231.4;80;10059064706;S
20240408;100732;231.43;10;10059064784;B
20240408;100732;231.4;200;10059064795;S
20240408;100737;231.42;10;10059066076;B
20240408;100737;231.42;90;10059066077;B
20240408;100737;231.42;10;10059066092;B
20240408;100737;231.4;10;10059066116;S
20240408;100738;231.44;10;10059066369;B
20240408;100738;231.44;200;10059066422;B
20240408;100740;231.4;20;10059066811;S
20240408;100740;231.4;80;10059066830;S
20240408;100740;231.4;4920;10059066831;S
20240408;100741;231.42;280;10059067026;B
20240408;100741;231.42;240;10059067027;B
20240408;100741;231.42;30;10059067028;B
20240408;100741;231.43;450;10059067029;B
20240408;100741;231.4;80;10059067065;S
20240408;100742;231.4;10;10059067264;B
20240408;100743;231.4;10;10059067506;B
20240408;100743;231.39;10;10059067541;B
20240408;100745;231.38;10;10059067917;S
20240408;100745;231.33;10;10059067918;S
20240408;100745;231.32;10;10059067919;S
20240408;100745;231.32;50;10059067928;S
20240408;100745;231.32;20;10059067929;S
20240408;100746;231.37;200;10059068101;B
20240408;100749;231.3;10;10059068815;S
20240408;100749;231.3;40;10059068816;S
20240408;100749;231.29;100;10059068817;S
20240408;100749;231.3;20;10059068885;S
20240408;100750;231.3;10;10059069044;S
20240408;100752;231.33;50;10059069359;B
20240408;100752;231.34;150;10059069360;B
20240408;100753;231.3;300;10059069571;S
20240408;100753;231.29;200;10059069572;S
20240408;100754;231.24;20;10059070016;S
20240408;100754;231.24;400;10059070017;S
20240408;100754;231.23;230;10059070018;S
20240408;100754;231.23;110;10059070019;S
20240408;100754;231.22;50;10059070020;S
20240408;100754;231.22;10;10059070021;S
20240408;100754;231.21;30;10059070022;S
20240408;100754;231.21;60;10059070023;S
20240408;100754;231.2;100;10059070024;S
20240408;100754;231.2;300;10059070025;S
20240408;100754;231.2;10;10059070026;S
20240408;100754;231.18;280;10059070027;S
20240408;100754;231.18;450;10059070028;S
20240408;100754;231.17;50;10059070029;S
20240408;100754;231.17;770;10059070030;S
20240408;100754;231.17;1200;10059070031;S
20240408;100754;231.16;530;10059070032;S
20240408;100754;231.17;30;10059070094;S
20240408;100755;231.17;40;10059070103;S
20240408;100755;231.17;180;10059070160;S
20240408;100755;231.17;70;10059070161;S
20240408;100755;231.17;250;10059070204;S
20240408;100756;231.17;10;10059070317;S
20240408;100756;231.22;20;10059070399;B
20240408;100757;231.17;50;10059070520;S
20240408;100757;231.17;50;10059070527;S
20240408;100757;231.17;230;10059070528;S
20240408;100757;231.16;220;10059070529;S
20240408;100758;231.17;20;10059070743;S
20240408;100758;231.22;10;10059070894;B
20240408;100759;231.17;10;10059070940;S
20240408;100800;231.19;10;10059071269;S
20240408;100801;231.21;50;10059071464;B
20240408;100802;231.21;10;10059071877;B
20240408;100803;231.21;10;10059072114;B
20240408;100805;231.21;280;10059072561;B
20240408;100805;231.22;20;10059072562;B
20240408;100805;231.22;80;10059072761;B
20240408;100805;231.22;10;10059072762;B
20240408;100806;231.22;30;10059072894;B
20240408;100808;231.2;10;10059073153;S
20240408;100808;231.19;40;10059073154;S
20240408;100808;231.19;10;10059073382;S
20240408;100808;231.19;10;10059073383;S
20240408;100808;231.19;10;10059073384;S
20240408;100808;231.19;10;10059073385;S
20240408;100808;231.18;230;10059073386;S
20240408;100808;231.18;50;10059073387;S
20240408;100808;231.17;2970;10059073388;S
20240408;100808;231.16;250;10059073389;S
20240408;100808;231.16;1000;10059073390;S
20240408;100808;231.16;500;10059073391;S
20240408;100808;231.15;10000;10059073392;S
20240408;100808;231.15;50;10059073393;S
20240408;100808;231.15;100;10059073394;S
20240408;100808;231.15;20;10059073395;S
20240408;100808;231.15;10;10059073396;S
20240408;100808;231.15;40;10059073397;S
20240408;100808;231.15;300;10059073398;S
20240408;100808;231.15;50;10059073399;S
20240408;100808;231.14;5000;10059073400;S
20240408;100808;231.13;280;10059073401;S
20240408;100808;231.12;60;10059073402;S
20240408;100808;231.12;280;10059073403;S
20240408;100808;231.11;120;10059073404;S
20240408;100808;231.1;810;10059073405;S
20240408;100808;231.1;500;10059073406;S
20240408;100808;231.1;100;10059073407;S
20240408;100808;231.05;100;10059073408;S
20240408;100808;231.05;10;10059073409;S
20240408;100808;231.05;10;10059073410;S
20240408;100808;231.04;50;10059073411;S
20240408;100808;231.03;100;10059073412;S
20240408;100808;231.03;770;10059073413;S
20240408;100808;231.01;130;10059073414;S
20240408;100808;231.01;580;10059073415;S
20240408;100809;231.02;40;10059073467;S
20240408;100810;231.03;100;10059073681;S
20240408;100810;231.03;60;10059073721;S
20240408;100811;231.07;40;10059073847;B
20240408;100811;231.07;20;10059073921;B
20240408;100811;231.07;10;10059073983;B
20240408;100811;231.07;50;10059074003;B
20240408;100812;231.07;160;10059074275;B
20240408;100812;231.08;80;10059074276;B
20240408;100812;231.03;20;10059074280;S
20240408;100814;231.05;10;10059074525;S
20240408;100820;231.06;220;10059075787;S
20240408;100820;231.05;400;10059075788;S
20240408;100820;231.03;280;10059075789;S
20240408;100820;231.02;20;10059075790;S
20240408;100820;231.01;4050;10059075791;S
20240408;100820;231.01;120;10059075792;S
20240408;100820;231.01;50;10059075793;S
20240408;100820;231.01;310;10059075794;S
20240408;100820;231;30;10059075795;S
20240408;100820;231;210;10059075796;S
20240408;100820;231;20;10059075797;S
20240408;100820;231;700;10059075798;S
20240408;100820;231;100;10059075799;S
20240408;100820;231;20;10059075800;S
20240408;100820;231;20;10059075801;S
20240408;100820;231;200;10059075802;S
20240408;100820;231;10;10059075803;S
20240408;100820;231;500;10059075804;S
20240408;100820;231;50;10059075805;S
20240408;100820;231;100;10059075806;S
20240408;100820;231;50;10059075807;S
20240408;100820;231;2000;10059075808;S
20240408;100820;231;50;10059075809;S
20240408;100820;231;50;10059075810;S
20240408;100820;230.98;80;10059075811;S
20240408;100820;230.95;100;10059075812;S
20240408;100820;230.93;50;10059075813;S
20240408;100820;230.9;10;10059075814;S
20240408;100820;230.9;410;10059075815;S
20240408;100820;230.9;770;10059075816;S
20240408;100820;230.87;10;10059075817;S
20240408;100820;230.87;30;10059075818;S
20240408;100820;230.86;30;10059075819;S
20240408;100820;230.85;250;10059075820;S
20240408;100820;230.85;4000;10059075821;S
20240408;100820;230.81;50;10059075822;S
20240408;100820;230.8;410;10059075823;S
20240408;100820;230.8;160;10059075824;S
20240408;100820;230.77;100;10059075825;S
20240408;100820;230.73;20;10059075826;S
20240408;100820;230.73;530;10059075827;S
20240408;100820;230.72;10;10059075828;S
20240408;100820;230.72;120;10059075829;S
20240408;100820;230.72;2000;10059075830;S
20240408;100820;230.72;1100;10059075831;S
20240408;100820;230.71;10;10059075832;S
20240408;100820;230.71;10;10059075833;S
20240408;100820;230.71;10;10059075834;S
20240408;100820;230.71;10;10059075835;S
20240408;100820;230.71;10;10059075836;S
20240408;100820;230.71;210;10059075837;S
20240408;100820;230.71;10;10059075838;S
20240408;100820;230.71;30;10059075839;S
20240408;100820;230.71;10;10059075840;S
20240408;100820;230.71;20;10059075841;S
20240408;100820;230.71;40;10059075842;S
20240408;100820;230.71;10;10059075843;S
20240408;100820;230.71;150;10059075844;S
20240408;100820;230.71;40;10059075845;S
20240408;100820;230.71;10;10059075846;S
20240408;100820;230.71;10;10059075847;S
20240408;100820;230.71;10;10059075848;S
20240408;100820;230.71;10;10059075849;S
20240408;100820;230.71;30;10059075850;S
20240408;100820;230.71;40;10059075851;S
20240408;100820;230.71;50;10059075852;S
20240408;100820;230.71;860;10059075853;S
20240408;100820;230.71;40;10059075854;S
20240408;100820;230.71;100;10059075855;S
20240408;100820;230.71;100;10059075856;S
20240408;100820;230.71;10;10059075857;S
20240408;100820;230.71;20;10059075858;S
20240408;100820;230.71;10;10059075859;S
20240408;100820;230.71;40;10059075860;S
20240408;100820;230.71;10;10059075861;S
20240408;100820;230.71;30;10059075862;S
20240408;100820;230.71;100;10059075863;S
20240408;100820;230.71;20;10059075864;S
20240408;100820;230.71;30;10059075865;S
20240408;100820;230.71;10;10059075866;S
20240408;100820;230.71;500;10059075867;S
20240408;100820;230.71;20;10059075868;S
20240408;100820;230.71;10;10059075869;S
20240408;100820;230.71;50;10059075870;S
20240408;100820;230.71;40;10059075871;S
20240408;100820;230.71;50;10059075872;S
20240408;100820;230.71;10;10059075873;S
20240408;100820;230.71;10;10059075874;S
20240408;100820;230.71;10;10059075875;S
20240408;100820;230.71;30;10059075876;S
20240408;100820;230.71;30;10059075877;S
20240408;100820;230.71;10;10059075878;S
20240408;100820;230.71;10;10059075879;S
20240408;100820;230.71;10;10059075880;S
20240408;100820;230.71;430;10059075881;S
20240408;100820;230.71;1000;10059075882;S
20240408;100820;230.71;10;10059075883;S
20240408;100820;230.71;10;10059075884;S
20240408;100820;230.7;390;10059075885;S
20240408;100820;230.7;100;10059075886;S
20240408;100820;230.7;1000;10059075887;S
20240408;100820;230.7;900;10059075888;S
20240408;100820;230.7;300;10059075889;S
20240408;100820;230.7;10;10059075890;S
20240408;100820;230.68;100;10059075891;S
20240408;100820;230.68;20;10059075892;S
20240408;100820;230.68;20;10059075893;S
20240408;100820;230.66;100;10059075894;S
20240408;100820;230.65;880;10059075895;S
20240408;100820;230.63;400;10059075896;S
20240408;100820;230.63;4000;10059075897;S
20240408;100820;230.62;4000;10059075898;S
20240408;100820;230.61;60;10059075899;S
20240408;100820;230.6;150;10059075900;S
20240408;100820;230.6;20;10059075901;S
20240408;100820;230.59;3600;10059075902;S
20240408;100820;230.57;110;10059075903;S
20240408;100820;230.53;960;10059075904;S
20240408;100820;230.52;10;10059075905;S
20240408;100820;230.51;20;10059075906;S
20240408;100820;230.5;10;10059075907;S
20240408;100820;230.5;10;10059075908;S
20240408;100820;230.5;1960;10059075909;S
20240408;100820;231.02;220;10059075918;S
20240408;100820;230.59;180;10059075919;B
20240408;100820;230.62;590;10059075920;B
20240408;100820;230.62;3410;10059075921;B
20240408;100820;230.68;220;10059075922;B
20240408;100820;230.75;130;10059075923;S
20240408;100820;230.75;100;10059075924;S
20240408;100820;230.99;200;10059075925;B
20240408;100820;230.69;400;10059075926;B
20240408;100820;230.61;110;10059075936;S
20240408;100820;230.59;100;10059075951;S
20240408;100820;230.87;940;10059075980;B
20240408;100820;230.68;10;10059076064;B
20240408;100820;230.74;50;10059076065;B
20240408;100820;230.76;10;10059076092;B
20240408;100821;230.76;10;10059076104;B
20240408;100821;230.74;20;10059076169;B
20240408;100821;230.7;10;10059076196;S
20240408;100821;230.74;10;10059076214;B
20240408;100821;230.74;10;10059076222;B
20240408;100821;230.7;50;10059076262;S
20240408;100821;230.67;20;10059076263;S
20240408;100821;230.66;30;10059076264;S
20240408;100821;230.66;40;10059076298;S
20240408;100821;230.73;420;10059076304;B
20240408;100821;230.74;580;10059076305;B
20240408;100821;230.74;200;10059076306;B
20240408;100822;230.74;20;10059076320;B
20240408;100822;230.68;280;10059076321;S
20240408;100822;230.66;2320;10059076322;S
20240408;100822;230.63;200;10059076376;S
20240408;100822;230.69;110;10059076491;S
20240408;100822;230.68;90;10059076492;S
20240408;100822;230.68;20;10059076494;S
20240408;100823;230.69;780;10059076556;S
20240408;100823;230.68;100;10059076557;S
20240408;100824;230.71;10;10059076714;B
20240408;100824;230.71;10;10059076793;B
20240408;100825;230.71;10;10059076949;B
20240408;100825;230.74;10;10059076950;B
20240408;100825;230.7;60;10059077092;S
20240408;100825;230.74;10;10059077094;B
20240408;100825;230.74;80;10059077144;B
20240408;100826;230.74;60;10059077321;B
20240408;100826;230.76;90;10059077322;B
20240408;100826;230.77;50;10059077323;B
20240408;100826;230.84;20;10059077410;B
20240408;100826;230.86;120;10059077411;B
20240408;100826;230.87;640;10059077412;B
20240408;100826;230.87;210;10059077413;B
20240408;100826;230.88;300;10059077414;B
20240408;100826;230.89;210;10059077415;B
20240408;100827;230.99;40;10059077526;B
20240408;100828;231;300;10059077617;B
20240408;100828;231;30;10059077623;B
20240408;100828;231;10;10059077664;B
20240408;100829;230.97;150;10059077930;S
20240408;100829;230.91;120;10059077931;S
20240408;100829;230.9;20;10059077932;S
20240408;100829;230.89;10;10059077955;S
20240408;100829;230.98;280;10059077956;B
20240408;100829;231;220;10059077957;B
20240408;100830;230.99;20;10059078027;B
20240408;100830;230.89;140;10059078033;S
20240408;100830;230.87;360;10059078034;S
20240408;100832;230.98;60;10059078427;B
20240408;100832;230.99;40;10059078428;B
20240408;100832;230.91;180;10059078436;S
20240408;100832;230.98;10;10059078486;B
20240408;100833;230.98;270;10059078605;B
20240408;100833;230.99;200;10059078606;B
20240408;100833;231;30;10059078607;B
20240408;100835;231;2500;10059079105;B
20240408;100835;230.92;10;10059079108;S
20240408;100835;231;20;10059079205;B
20240408;100836;230.92;220;10059079241;S
20240408;100836;230.9;30;10059079318;S
20240408;100837;230.96;10;10059079438;B
20240408;100837;230.96;10;10059079439;B
20240408;100837;231;20;10059079440;B
20240408;100837;231;10;10059079496;B
20240408;100837;230.91;530;10059079603;S
20240408;100837;230.91;210;10059079604;S
20240408;100837;230.9;350;10059079605;S
20240408;100837;230.9;80;10059079606;S
20240408;100837;230.9;100;10059079607;S
20240408;100837;230.89;50;10059079608;S
20240408;100837;230.88;280;10059079609;S
20240408;100837;230.86;150;10059079610;S
20240408;100837;230.86;40;10059079611;S
20240408;100837;230.82;870;10059079612;S
20240408;100837;230.82;1580;10059079613;S
20240408;100837;230.81;500;10059079614;S
20240408;100837;230.8;770;10059079615;S
20240408;100837;230.79;150;10059079616;S
20240408;100837;230.79;400;10059079617;S
20240408;100837;230.71;300;10059079618;S
20240408;100837;230.7;2500;10059079619;S
20240408;100837;230.69;1610;10059079620;S
20240408;100837;230.68;290;10059079621;S
20240408;100837;230.66;150;10059079622;S
20240408;100837;230.64;500;10059079623;S
20240408;100837;230.62;50;10059079624;S
20240408;100837;230.61;50;10059079625;S
20240408;100837;230.61;300;10059079626;S
20240408;100837;230.6;2100;10059079627;S
20240408;100838;230.69;30;10059079661;S
20240408;100841;230.87;40;10059080395;B
20240408;100841;230.88;100;10059080396;B
20240408;100841;230.89;60;10059080397;B
20240408;100842;230.89;60;10059080516;B
20240408;100842;230.91;200;10059080517;B
20240408;100842;230.92;240;10059080518;B
20240408;100842;230.95;50;10059080546;B
20240408;100842;230.95;30;10059080558;B
20240408;100842;230.95;80;10059080564;B
20240408;100842;230.96;10;10059080565;B
20240408;100842;230.96;300;10059080679;B
20240408;100842;230.97;50;10059080700;B
20240408;100846;230.94;10;10059081435;S
20240408;100846;230.93;10;10059081436;S
20240408;100848;231;60;10059081718;B
20240408;100850;231;730;10059082118;B
20240408;100850;230.93;10;10059082143;S
20240408;100852;230.93;20;10059082446;S
20240408;100853;231;30;10059082725;B
20240408;100853;230.93;130;10059082768;S
20240408;100854;231;40;10059082815;B
20240408;100854;230.93;40;10059082875;S
20240408;100854;230.94;10;10059082950;S
20240408;100855;230.97;10;10059083006;B
20240408;100855;230.97;70;10059083187;B
20240408;100855;230.98;150;10059083190;S
20240408;100856;231;10;10059083359;B
20240408;100857;230.98;40;10059083412;S
20240408;100857;230.98;20;10059083483;S
20240408;100857;231;50;10059083508;B
20240408;100900;231;3460;10059084032;B
20240408;100900;231;40;10059084033;B
20240408;100900;230.98;30;10059084046;S
20240408;100902;230.98;30;10059084461;S
20240408;100904;230.97;10;10059084850;S
20240408;100904;230.98;40;10059084859;B
20240408;100904;230.97;10;10059084890;S
20240408;100905;230.99;100;10059085045;B
20240408;100905;230.99;150;10059085146;B
20240408;100906;230.99;40;10059085200;B
20240408;100907;230.99;10;10059085447;B
20240408;100908;230.99;10;10059085648;B
20240408;100913;230.98;40;10059086605;S
20240408;100913;230.99;10;10059086630;B
20240408;100914;230.99;20;10059086724;B
20240408;100914;230.98;190;10059086757;S
20240408;100915;230.98;10;10059086927;S
20240408;100915;230.99;10;10059086965;B
20240408;100915;230.99;150;10059087013;B
20240408;100915;230.99;100;10059087014;B
20240408;100915;230.99;50;10059087015;B
20240408;100915;231;2400;10059087016;B
20240408;100915;231;1880;10059087017;B
20240408;100915;231;10;10059087018;B
20240408;100915;231.03;150;10059087021;B
20240408;100915;231.05;510;10059087022;B
20240408;100915;231.05;260;10059087023;B
20240408;100915;231.06;170;10059087029;B
20240408;100915;231.06;30;10059087030;B
20240408;100915;231.06;150;10059087031;B
20240408;100915;231.07;10;10059087032;B
20240408;100917;231.11;120;10059087333;S
20240408;100922;231.14;10;10059088564;B
20240408;100922;231.14;140;10059088585;B
20240408;100922;231.14;190;10059088586;B
20240408;100922;231.15;400;10059088587;B
20240408;100922;231.17;10;10059088588;B
20240408;100922;231.18;20;10059088589;B
20240408;100922;231.19;20;10059088590;B
20240408;100922;231.19;500;10059088591;B
20240408;100922;231.2;120;10059088592;B
20240408;100922;231.21;10;10059088593;B
20240408;100922;231.22;640;10059088594;B
20240408;100922;231.23;60;10059088606;B
20240408;100922;231.24;140;10059088607;B
20240408;100923;231.24;540;10059088630;B
20240408;100923;231.24;60;10059088672;B
20240408;100923;231.24;30;10059088701;B
20240408;100927;231.24;20;10059089468;B
20240408;100928;231.15;40;10059089589;S
20240408;100930;231.24;130;10059089852;B
20240408;100930;231.25;70;10059089853;B
20240408;100930;231.18;20;10059089966;S
20240408;100932;231.24;10;10059090450;S
20240408;100932;231.2;10;10059090451;S
20240408;100934;231.25;10;10059090756;B
20240408;100935;231.25;30;10059091008;B
20240408;100937;231.23;20;10059091440;B
20240408;100937;231.24;400;10059091441;B
20240408;100937;231.25;660;10059091442;B
20240408;100937;231.25;100;10059091443;B
20240408;100937;231.25;170;10059091444;B
20240408;100937;231.27;40;10059091445;B
20240408;100937;231.28;10;10059091446;B
20240408;100937;231.28;150;10059091447;B
20240408;100937;231.3;180;10059091448;B
20240408;100938;231.21;150;10059091860;S
20240408;100939;231.21;20;10059091918;S
20240408;100940;231.24;500;10059092228;B
20240408;100940;231.25;200;10059092229;B
20240408;100940;231.26;170;10059092230;B
20240408;100940;231.29;30;10059092231;B
20240408;100940;231.3;100;10059092232;B
20240408;100941;231.23;10;10059092360;S
20240408;100942;231.22;30;10059092497;S
20240408;100944;231.3;10;10059092844;B
20240408;100944;231.3;10;10059092882;B
20240408;100945;231.22;90;10059093058;S
20240408;100945;231.22;10;10059093059;S
20240408;100945;231.21;530;10059093060;S
20240408;100945;231.21;80;10059093061;S
20240408;100946;231.28;20;10059093389;B
20240408;100949;231.19;250;10059093961;B
20240408;100951;231.2;30;10059094315;B
20240408;100952;231.2;10;10059094420;B
20240408;100955;231.19;80;10059095210;B
20240408;100955;231.19;150;10059095211;B
20240408;100955;231.19;530;10059095212;B
20240408;100955;231.2;2240;10059095213;B
20240408;100956;231.18;10;10059095284;B
20240408;100956;231.19;1000;10059095285;B
20240408;100956;231.2;730;10059095286;B
20240408;100957;231.29;20;10059095559;B
20240408;100957;231.29;10;10059095560;B
20240408;100957;231.3;20;10059095561;B
20240408;100957;231.3;20;10059095589;B
20240408;100959;231.21;120;10059095904;S
20240408;100959;231.2;10;10059095905;S
20240408;100959;231.29;10;10059095941;B
20240408;100959;231.3;40;10059095942;B
20240408;101000;231.3;40;10059096127;B
20240408;101003;231.3;10;10059096711;B
20240408;101004;231.22;10;10059096828;S
20240408;101004;231.22;140;10059096884;S
20240408;101004;231.22;40;10059096885;S
20240408;101004;231.2;250;10059096886;S
20240408;101004;231.2;10;10059096887;S
20240408;101004;231.2;100;10059096888;S
20240408;101004;231.16;50;10059096889;S
20240408;101004;231.15;10;10059096890;S
20240408;101004;231.15;50;10059096891;S
20240408;101004;231.14;530;10059096892;S
20240408;101004;231.13;100;10059096893;S
20240408;101004;231.12;280;10059096894;S
20240408;101004;231.11;400;10059096895;S
20240408;101004;231.06;410;10059096896;S
20240408;101004;231.05;460;10059096897;S
20240408;101004;231.02;870;10059096898;S
20240408;101004;231.01;50;10059096899;S
20240408;101004;231.01;20;10059096900;S
20240408;101004;231.01;770;10059096901;S
20240408;101004;231;50;10059096902;S
20240408;101004;231;290;10059096903;S
20240408;101004;231;390;10059096904;S
20240408;101005;231.08;10;10059097144;B
20240408;101007;231.01;10;10059097354;S
20240408;101007;231.08;30;10059097424;B
20240408;101008;231.03;40;10059097571;S
20240408;101008;231.03;240;10059097794;S
20240408;101008;231.01;530;10059097795;S
20240408;101008;231;220;10059097796;S
20240408;101011;231.01;20;10059098429;S
20240408;101011;231.02;530;10059098482;S
20240408;101011;231.01;260;10059098483;S
20240408;101011;231;1390;10059098484;S
20240408;101011;231;130;10059098485;S
20240408;101011;231;10;10059098493;B
20240408;101012;231;30;10059098663;B
20240408;101016;230.99;100;10059099269;S
20240408;101018;231;10;10059099707;B
20240408;101026;230.99;20;10059101607;S
20240408;101027;231;10;10059101747;B
20240408;101027;231;1640;10059101894;B
20240408;101028;230.99;1380;10059102140;S
20240408;101028;230.99;30;10059102141;S
20240408;101028;230.98;1760;10059102142;S
20240408;101028;230.98;100;10059102143;S
20240408;101028;230.98;160;10059102144;S
20240408;101028;230.97;1570;10059102145;S
20240408;101028;230.97;40;10059102147;S
20240408;101028;230.97;40;10059102185;S
20240408;101028;230.98;10;10059102211;B
20240408;101028;230.97;30;10059102222;S
20240408;101029;230.97;10;10059102392;S
20240408;101029;230.98;220;10059102499;B
20240408;101029;230.98;280;10059102500;B
20240408;101029;230.99;170;10059102501;B
20240408;101029;230.99;870;10059102502;B
20240408;101029;231;750;10059102503;B
20240408;101029;230.97;1220;10059102521;S
20240408;101029;230.97;20;10059102522;S
20240408;101029;230.97;10;10059102523;S
20240408;101029;230.95;170;10059102524;S
20240408;101029;230.94;30;10059102525;S
20240408;101031;230.95;90;10059102836;B
20240408;101031;230.94;30;10059102919;S
20240408;101031;230.91;10;10059102920;S
20240408;101031;230.95;90;10059102944;B
20240408;101031;230.95;90;10059103096;B
20240408;101031;230.91;400;10059103162;S
20240408;101032;230.94;20;10059103213;B
20240408;101032;230.94;10;10059103403;B
20240408;101033;230.94;250;10059103649;B
20240408;101033;230.96;120;10059103650;B
20240408;101033;230.95;10;10059103677;B
20240408;101034;230.91;30;10059104147;S
20240408;101037;230.94;10;10059104802;B
20240408;101039;230.94;10;10059105465;B
20240408;101039;230.94;280;10059105466;B
20240408;101039;230.95;110;10059105467;B
20240408;101041;230.93;170;10059105766;S
20240408;101041;230.92;10;10059105767;S
20240408;101041;230.91;530;10059105768;S
20240408;101041;230.9;70;10059105769;S
20240408;101041;230.9;2810;10059105770;S
20240408;101041;230.89;280;10059105771;S
20240408;101041;230.87;100;10059105772;S
20240408;101041;230.86;770;10059105773;S
20240408;101041;230.81;70;10059105774;S
20240408;101041;230.81;20;10059105775;S
20240408;101041;230.8;10;10059105776;S
20240408;101041;230.8;160;10059105777;S
20240408;101041;230.88;110;10059105916;B
20240408;101041;230.89;280;10059105917;B
20240408;101041;230.89;10;10059105918;B
20240408;101042;230.81;50;10059105935;S
20240408;101045;230.81;20;10059106718;S
20240408;101047;230.88;60;10059107147;B
20240408;101047;230.88;10;10059107148;B
20240408;101047;230.88;30;10059107149;B
20240408;101049;230.88;30;10059107640;B
20240408;101050;230.83;170;10059107852;S
20240408;101050;230.82;10;10059107853;S
20240408;101050;230.82;530;10059107854;S
20240408;101050;230.81;700;10059107855;S
20240408;101050;230.81;400;10059107856;S
20240408;101050;230.8;340;10059107857;S
20240408;101050;230.73;50;10059107858;S
20240408;101050;230.73;10;10059107859;S
20240408;101050;230.72;10;10059107860;S
20240408;101050;230.72;40;10059107861;S
20240408;101050;230.71;1290;10059107862;S
20240408;101050;230.71;50;10059107863;S
20240408;101050;230.71;280;10059107864;S
20240408;101050;230.69;60;10059107865;S
20240408;101050;230.6;20;10059107866;S
20240408;101050;230.6;10;10059107867;S
20240408;101050;230.6;150;10059107868;S
20240408;101050;230.59;400;10059107869;S
20240408;101050;230.58;480;10059107870;S
20240408;101050;230.66;50;10059107903;S
20240408;101050;230.67;40;10059107923;S
20240408;101051;230.76;10;10059108044;B
20240408;101054;230.72;10;10059108813;B
20240408;101054;230.72;70;10059108841;B
20240408;101055;230.8;10;10059108937;B
20240408;101055;230.7;10;10059108986;S
20240408;101055;230.69;10;10059109108;S
20240408;101058;230.75;10;10059109549;B
20240408;101058;230.75;40;10059109606;B
20240408;101058;230.78;90;10059109607;B
20240408;101058;230.78;70;10059109608;B
20240408;101058;230.8;10;10059109609;B
20240408;101059;230.71;10;10059109847;S
20240408;101100;230.76;10;10059110132;B
20240408;101101;230.76;10;10059110379;B
20240408;101103;230.76;30;10059110913;B
20240408;101103;230.79;70;10059110914;B
20240408;101103;230.79;220;10059110915;B
20240408;101103;230.8;1580;10059110916;B
20240408;101103;230.81;400;10059110917;B
20240408;101103;230.82;670;10059110918;B
20240408;101103;230.83;30;10059110919;B
20240408;101104;230.82;570;10059111123;B
20240408;101104;230.83;10;10059111124;B
20240408;101104;230.84;70;10059111125;B
20240408;101104;230.88;90;10059111126;B
20240408;101104;230.89;110;10059111127;B
20240408;101104;230.9;300;10059111128;B
20240408;101104;230.91;290;10059111129;B
20240408;101104;230.91;560;10059111130;B
20240408;101105;230.9;130;10059111143;B
20240408;101105;230.9;20;10059111278;B
20240408;101108;230.82;530;10059111916;S
20240408;101108;230.82;70;10059111917;S
20240408;101108;230.81;90;10059111918;S
20240408;101108;230.81;280;10059111919;S
20240408;101108;230.76;500;10059111920;S
20240408;101108;230.74;770;10059111921;S
20240408;101108;230.7;10;10059111922;S
20240408;101108;230.67;50;10059111923;S
20240408;101108;230.65;160;10059111924;S
20240408;101108;230.62;1580;10059111925;S
20240408;101108;230.62;870;10059111926;S
20240408;101108;230.61;10;10059111927;S
20240408;101108;230.61;320;10059111928;S
20240408;101108;230.61;90;10059111929;S
20240408;101108;230.6;10;10059111930;S
20240408;101108;230.59;300;10059111931;S
20240408;101108;230.58;20;10059111932;S
20240408;101108;230.58;50;10059111933;S
20240408;101108;230.57;50;10059111934;S
20240408;101108;230.57;1000;10059111935;S
20240408;101108;230.56;10;10059111936;S
20240408;101108;230.55;500;10059111937;S
20240408;101108;230.55;10;10059111938;S
20240408;101108;230.55;20;10059111939;S
20240408;101108;230.51;50;10059111940;S
20240408;101108;230.51;290;10059111941;S
20240408;101108;230.52;770;10059111942;S
20240408;101108;230.51;210;10059111943;S
20240408;101108;230.5;10;10059111944;S
20240408;101108;230.5;610;10059111945;S
20240408;101108;230.62;150;10059111947;S
20240408;101108;230.61;120;10059111948;S
20240408;101108;230.6;870;10059111949;S
20240408;101108;230.52;250;10059111950;S
20240408;101108;230.51;280;10059111951;S
20240408;101108;230.5;4330;10059111952;S
20240408;101108;230.67;70;10059111956;B
20240408;101108;230.71;280;10059111957;B
20240408;101108;230.88;150;10059111958;B
20240408;101108;230.73;20;10059112016;B
20240408;101108;230.74;280;10059112017;B
20240408;101108;230.79;140;10059112018;B
20240408;101109;230.63;10;10059112201;S
20240408;101110;230.79;20;10059112447;B
20240408;101113;230.63;340;10059113415;S
20240408;101115;230.74;50;10059114015;B
20240408;101115;230.77;50;10059114016;B
20240408;101115;230.78;10;10059114017;B
20240408;101115;230.78;190;10059114018;B
20240408;101115;230.68;20;10059114020;S
20240408;101116;230.79;10;10059114413;B
20240408;101116;230.79;50;10059114414;B
20240408;101117;230.67;10;10059114620;S
20240408;101117;230.67;530;10059114621;S
20240408;101117;230.66;90;10059114622;S
20240408;101117;230.66;160;10059114623;S
20240408;101117;230.65;90;10059114624;S
20240408;101117;230.63;50;10059114625;S
20240408;101117;230.63;400;10059114626;S
20240408;101117;230.61;780;10059114627;S
20240408;101117;230.61;280;10059114628;S
20240408;101117;230.58;60;10059114629;S
20240408;101117;230.54;250;10059114630;S
20240408;101117;230.53;870;10059114631;S
20240408;101117;230.52;540;10059114632;S
20240408;101117;230.51;50;10059114633;S
20240408;101117;230.5;60;10059114634;S
20240408;101117;230.5;10;10059114635;S
20240408;101117;230.5;160;10059114636;S
20240408;101117;230.5;610;10059114637;S
20240408;101117;230.67;10;10059114785;B
20240408;101118;230.67;20;10059114832;B
20240408;101119;230.53;10;10059115671;S
20240408;101119;230.52;310;10059115672;S
20240408;101120;230.65;50;10059115850;B
20240408;101120;230.66;10;10059115851;B
20240408;101120;230.67;100;10059115852;B
20240408;101120;230.67;40;10059115853;B
20240408;101121;230.7;10;10059116197;B
20240408;101122;230.71;10;10059116440;B
20240408;101123;230.69;50;10059116755;B
20240408;101123;230.72;50;10059116756;B
20240408;101123;230.73;120;10059116757;B
20240408;101123;230.75;340;10059116758;B
20240408;101123;230.76;1580;10059116759;B
20240408;101123;230.77;400;10059116760;B
20240408;101123;230.77;1580;10059116761;B
20240408;101123;230.79;280;10059116762;B
20240408;101123;230.8;10;10059116763;B
20240408;101123;230.82;300;10059116764;B
20240408;101123;230.82;290;10059116765;B
20240408;101124;230.68;530;10059116818;S
20240408;101124;230.67;130;10059116819;S
20240408;101124;230.66;280;10059116820;S
20240408;101124;230.63;100;10059116821;S
20240408;101124;230.62;400;10059116822;S
20240408;101124;230.58;50;10059116823;S
20240408;101124;230.57;290;10059116824;S
20240408;101124;230.55;10;10059116825;S
20240408;101124;230.54;10;10059116826;S
20240408;101124;230.52;1580;10059116827;S
20240408;101124;230.52;870;10059116828;S
20240408;101124;230.52;1580;10059116829;S
20240408;101124;230.51;780;10059116830;S
20240408;101124;230.5;3390;10059116831;S
20240408;101124;230.5;1000;10059116832;S
20240408;101124;230.5;1400;10059116833;S
20240408;101124;230.5;1600;10059116834;S
20240408;101124;230.51;290;10059116835;S
20240408;101124;230.51;530;10059116836;S
20240408;101124;230.5;2370;10059116837;S
20240408;101124;230.5;1000;10059116838;S
20240408;101124;230.5;10;10059116839;S
20240408;101124;230.5;100;10059116840;B
20240408;101124;230.5;90;10059116841;B
20240408;101124;230.5;1610;10059116842;B
20240408;101125;230.7;10;10059117158;B
20240408;101126;230.68;10;10059117426;B
20240408;101128;230.58;130;10059117782;S
20240408;101129;230.59;280;10059117928;S
20240408;101129;230.57;40;10059117929;S
20240408;101129;230.67;10;10059118000;B
20240408;101130;230.66;570;10059118076;B
20240408;101130;230.67;40;10059118077;B
20240408;101130;230.68;90;10059118078;B
20240408;101130;230.68;130;10059118079;B
20240408;101130;230.68;130;10059118080;B
20240408;101130;230.71;570;10059118083;B
20240408;101130;230.72;280;10059118084;S
20240408;101130;230.7;290;10059118085;S
20240408;101130;230.7;30;10059118087;S
20240408;101130;230.71;10;10059118161;S
20240408;101132;230.81;10;10059118807;B
20240408;101132;230.79;30;10059118817;S
20240408;101132;230.73;10;10059118818;S
20240408;101132;230.73;130;10059118819;S
20240408;101132;230.72;530;10059118820;S
20240408;101132;230.72;10;10059118821;S
20240408;101132;230.71;870;10059118822;S
20240408;101132;230.71;130;10059118823;S
20240408;101132;230.71;100;10059118824;S
20240408;101132;230.7;8190;10059118825;S
20240408;101132;230.7;2400;10059118827;S
20240408;101132;230.7;1600;10059118828;S
20240408;101132;230.7;6000;10059118829;S
20240408;101132;230.76;220;10059118841;B
20240408;101136;230.73;10;10059119664;B
20240408;101137;230.71;100;10059119942;S
20240408;101138;230.71;50;10059120344;S
20240408;101138;230.71;10;10059120359;S
20240408;101140;230.73;10;10059121210;B
20240408;101141;230.72;130;10059121503;S
20240408;101141;230.72;10;10059121504;S
20240408;101141;230.71;340;10059121505;S
20240408;101141;230.71;400;10059121506;S
20240408;101141;230.71;20;10059121507;S
20240408;101141;230.7;9100;10059121508;S
20240408;101141;230.7;2400;10059121509;S
20240408;101141;230.7;1600;10059121510;S
20240408;101141;230.7;6000;10059121512;S
20240408;101143;230.7;10;10059121957;S
20240408;101145;230.73;30;10059122294;B
20240408;101148;230.72;10;10059122823;S
20240408;101148;230.72;10;10059123003;S
20240408;101150;230.72;100;10059123435;B
20240408;101153;230.72;10;10059124199;B
20240408;101153;230.72;200;10059124329;B
20240408;101154;230.72;20;10059124560;B
20240408;101154;230.72;80;10059124561;B
20240408;101155;230.71;10;10059124636;S
20240408;101158;230.7;1460;10059125330;S
20240408;101158;230.7;100;10059125331;S
20240408;101200;230.74;20;10059125774;B
20240408;101200;230.74;10;10059125775;B
20240408;101200;230.74;70;10059125780;B
20240408;101202;230.73;20;10059126267;S
20240408;101203;230.71;20;10059126628;S
20240408;101204;230.76;10;10059126899;B
20240408;101205;230.72;50;10059127610;S
20240408;101206;230.71;40;10059127663;S
20240408;101208;230.71;10;10059128435;S
20240408;101209;230.76;10;10059128556;B
20240408;101209;230.78;10;10059128557;B
20240408;101214;230.71;30;10059129785;S
20240408;101214;230.78;90;10059129849;B
20240408;101214;230.81;130;10059129850;B
20240408;101214;230.83;1060;10059129851;B
20240408;101215;230.76;120;10059129979;S
20240408;101215;230.75;280;10059129980;S
20240408;101215;230.75;30;10059129981;S
20240408;101218;230.82;10;10059130873;S
20240408;101218;230.82;120;10059130874;S
20240408;101218;230.81;530;10059130875;S
20240408;101218;230.81;280;10059130876;S
20240408;101218;230.81;140;10059130877;S
20240408;101220;230.82;10;10059131228;S
20240408;101220;230.84;500;10059131229;B
20240408;101221;230.88;120;10059131564;S
20240408;101221;230.87;130;10059131565;S
20240408;101221;230.87;10;10059131569;S
20240408;101224;230.93;90;10059132266;B
20240408;101224;230.94;30;10059132267;B
20240408;101224;230.94;360;10059132268;B
20240408;101224;230.94;40;10059132363;B
20240408;101228;230.94;370;10059133434;B
20240408;101228;230.95;80;10059133435;B
20240408;101228;230.95;80;10059133436;B
20240408;101228;230.95;690;10059133437;B
20240408;101229;230.95;10;10059133459;S
20240408;101229;230.95;10;10059133679;S
20240408;101230;230.94;30;10059133823;S
20240408;101233;230.95;120;10059134333;S
20240408;101233;230.97;10;10059134413;B
20240408;101233;230.98;150;10059134414;B
20240408;101233;231;390;10059134415;B
20240408;101233;231;10;10059134450;B
20240408;101233;231;10;10059134451;B
20240408;101233;231;10;10059134564;B
20240408;101234;231;10;10059134728;B
20240408;101234;231.01;1600;10059134729;B
20240408;101234;231.02;120;10059134730;B
20240408;101234;231.04;20;10059134731;B
20240408;101234;231.05;770;10059134732;B
20240408;101234;231.08;10;10059134733;B
20240408;101234;231.08;120;10059134734;B
20240408;101234;231.1;460;10059134735;B
20240408;101234;231.11;1580;10059134736;B
20240408;101234;231.12;280;10059134737;B
20240408;101234;231.14;30;10059134738;B
20240408;101235;231.05;10;10059134874;S
20240408;101242;231;120;10059136616;S
20240408;101242;230.99;60;10059136617;S
20240408;101242;231.06;10;10059136706;B
20240408;101243;231.06;220;10059136764;B
20240408;101243;231.06;280;10059136765;B
20240408;101243;231.07;50;10059136766;B
20240408;101245;230.97;120;10059137505;S
20240408;101245;230.96;110;10059137506;S
20240408;101245;230.95;90;10059137507;S
20240408;101245;230.88;30;10059137594;S
20240408;101245;230.88;30;10059137595;S
20240408;101245;230.86;120;10059137596;S
20240408;101245;230.85;530;10059137597;S
20240408;101245;230.85;110;10059137598;S
20240408;101245;230.84;10;10059137599;S
20240408;101245;230.84;100;10059137600;S
20240408;101245;230.84;1090;10059137601;S
20240408;101245;230.84;20;10059137602;S
20240408;101245;230.83;280;10059137603;S
20240408;101245;230.82;90;10059137604;S
20240408;101245;230.82;100;10059137605;S
20240408;101245;230.81;270;10059137606;S
20240408;101248;230.89;20;10059138161;B
20240408;101251;230.89;100;10059138812;B
20240408;101251;230.9;100;10059138813;B
20240408;101251;230.92;110;10059138814;B
20240408;101251;230.93;120;10059138815;B
20240408;101251;230.93;1580;10059138816;B
20240408;101251;230.94;2680;10059138817;B
20240408;101251;230.94;280;10059138818;B
20240408;101251;230.99;770;10059138819;B
20240408;101251;231.04;270;10059138820;B
20240408;101251;231.04;530;10059138821;B
20240408;101251;231.05;160;10059138822;B
20240408;101252;231.05;20;10059139025;B
20240408;101254;231;20;10059139431;S
20240408;101255;230.98;60;10059139685;B
20240408;101255;231;1000;10059139686;B
20240408;101255;231;110;10059139687;B
20240408;101255;231.05;750;10059139688;B
20240408;101255;231.07;440;10059139689;B
20240408;101257;231.02;110;10059139982;S
20240408;101257;231;160;10059139983;S
20240408;101300;231.03;20;10059140845;B
20240408;101300;231.04;10;10059140846;B
20240408;101300;231.04;10;10059140847;B
20240408;101303;231.04;10;10059141442;B
20240408;101304;231.04;10;10059141760;B
20240408;101307;231.02;10;10059142187;B
20240408;101307;231.03;50;10059142188;B
20240408;101307;231.03;10;10059142189;B
20240408;101307;231.05;70;10059142190;B
20240408;101307;231.06;30;10059142191;B
20240408;101312;231.06;10;10059143209;B
20240408;101312;231.06;100;10059143210;B
20240408;101313;231;10;10059143299;S
20240408;101313;230.95;50;10059143300;S
20240408;101313;231.04;10;10059143448;B
20240408;101318;230.95;20;10059144799;S
20240408;101319;231.02;10;10059145011;B
20240408;101320;231.01;10;10059145213;B
20240408;101321;231.01;130;10059145527;B
20240408;101322;231.02;10;10059145805;B
20240408;101327;231.04;10;10059146882;B
20240408;101327;231.04;10;10059146883;B
20240408;101333;231;10;10059148190;S
20240408;101334;231.01;10;10059148474;B
20240408;101335;231.02;10;10059148525;B
20240408;101335;231.02;20;10059148540;B
20240408;101336;231;20;10059148956;S
20240408;101337;231.03;10;10059149305;B
20240408;101338;231.02;40;10059149470;B
20240408;101338;231.03;10;10059149471;B
20240408;101338;231.03;50;10059149472;B
20240408;101341;231.06;10;10059150123;B
20240408;101341;231.06;100;10059150124;B
20240408;101343;231.06;200;10059150574;S
20240408;101345;231.06;10;10059150984;S
20240408;101346;231.07;10;10059151150;B
20240408;101347;231.07;20;10059151366;B
20240408;101349;231.07;500;10059151849;B
20240408;101350;231.06;500;10059151901;S
20240408;101350;231.06;20;10059152071;S
20240408;101352;231.07;20;10059152443;B
20240408;101353;231.07;10;10059152674;B
20240408;101353;231.07;10;10059152733;B
20240408;101355;231.06;150;10059153192;S
20240408;101357;231.07;10;10059153519;B
20240408;101357;231.06;20;10059153618;S
20240408;101358;231.06;10;10059153744;S
20240408;101359;231.06;20;10059154067;S
20240408;101359;231.07;10;10059154184;B
20240408;101400;231.07;100;10059154466;B
20240408;101401;231.06;250;10059154799;S
20240408;101402;231.07;10;10059155139;B
20240408;101404;231.07;2200;10059155727;B
20240408;101404;231.07;530;10059155728;B
20240408;101407;231.07;10;10059156400;B
20240408;101408;231.07;300;10059156630;B
20240408;101409;231.07;40;10059157011;B
20240408;101410;231.07;100;10059157142;B
20240408;101410;231.06;300;10059157328;S
20240408;101412;231.06;30;10059157748;S
20240408;101412;231.07;30;10059157762;B
20240408;101412;231.07;90;10059157790;B
20240408;101412;231.06;50;10059157799;S
20240408;101413;231.07;10;10059157949;B
20240408;101414;231.06;10;10059158173;S
20240408;101417;231.06;20;10059158733;S
20240408;101419;231.07;10;10059159093;B
20240408;101420;231.07;810;10059159249;B
20240408;101420;231.07;50;10059159250;B
20240408;101420;231.06;500;10059159258;S
20240408;101420;231.07;1190;10059159346;B
20240408;101420;231.07;20;10059159347;B
20240408;101420;231.08;2500;10059159348;B
20240408;101420;231.08;1400;10059159349;B
20240408;101420;231.09;80;10059159350;B
20240408;101420;231.09;110;10059159351;B
20240408;101420;231.11;10;10059159352;B
20240408;101420;231.24;20;10059159373;B
20240408;101420;231.26;30;10059159374;B
20240408;101421;231.26;20;10059159442;B
20240408;101421;231.26;160;10059159502;B
20240408;101423;231.26;20;10059160023;B
20240408;101426;231.25;10;10059160813;B
20240408;101430;231.21;10;10059161628;S
20240408;101432;231.2;30;10059162167;B
20240408;101433;231.25;10;10059162348;B
20240408;101433;231.26;30;10059162349;B
20240408;101436;231.26;40;10059162895;B
20240408;101436;231.18;10;10059162959;S
20240408;101438;231.2;10;10059163523;B
20240408;101441;231.2;10;10059164295;B
20240408;101443;231.21;70;10059164666;B
20240408;101443;231.22;100;10059164768;B
20240408;101446;231.21;50;10059165421;S
20240408;101446;231.2;40;10059165503;S
20240408;101451;231.22;10;10059166325;S
20240408;101451;231.21;40;10059166326;S
20240408;101451;231.27;100;10059166387;B
20240408;101451;231.27;10;10059166388;B
20240408;101454;231.26;10;10059167029;B
20240408;101454;231.27;270;10059167030;B
20240408;101454;231.28;10;10059167031;B
20240408;101454;231.28;50;10059167032;B
20240408;101454;231.28;100;10059167033;B
20240408;101454;231.28;420;10059167034;B
20240408;101454;231.24;80;10059167115;S
20240408;101455;231.29;10;10059167341;B
20240408;101455;231.29;40;10059167342;B
20240408;101502;231.29;10;10059168888;B
20240408;101503;231.29;10;10059169217;B
20240408;101503;231.29;140;10059169618;B
20240408;101503;231.29;40;10059169619;B
20240408;101503;231.29;370;10059169620;B
20240408;101504;231.26;10;10059169933;S
20240408;101504;231.23;90;10059169934;S
20240408;101508;231.28;10;10059171394;B
20240408;101509;231.28;10;10059171664;B
20240408;101509;231.29;40;10059171665;B
20240408;101510;231.28;10;10059172090;B
20240408;101510;231.29;10;10059172091;B
20240408;101512;231.28;10;10059172696;B
20240408;101512;231.29;580;10059172697;B
20240408;101512;231.29;280;10059172698;B
20240408;101512;231.29;800;10059172699;B
20240408;101512;231.29;90;10059172700;B
20240408;101512;231.29;50;10059172701;B
20240408;101512;231.3;40;10059172702;B
20240408;101512;231.3;3080;10059172703;B
20240408;101512;231.3;20;10059172768;B
20240408;101512;231.3;10;10059172781;B
20240408;101512;231.3;10;10059172807;B
20240408;101519;231.29;10;10059174963;S
20240408;101526;231.29;40;10059177213;S
20240408;101526;231.29;10;10059177235;S
20240408;101528;231.3;30;10059177945;B
20240408;101528;231.3;600;10059178054;B
20240408;101529;231.3;80;10059178257;B
20240408;101529;231.3;30;10059178480;B
20240408;101530;231.3;10;10059178578;B
20240408;101530;231.29;10;10059178579;S
20240408;101530;231.3;450;10059178640;B
20240408;101531;231.29;10;10059179127;S
20240408;101532;231.3;30;10059179242;B
20240408;101532;231.3;10;10059179311;B
20240408;101532;231.3;100;10059179312;B
20240408;101532;231.3;180;10059179336;B
20240408;101533;231.3;130;10059179560;B
20240408;101534;231.3;100;10059180050;B
20240408;101534;231.3;100;10059180124;B
20240408;101534;231.3;110;10059180125;B
20240408;101534;231.3;10;10059180130;B
20240408;101535;231.3;10;10059180259;B
20240408;101535;231.3;140;10059180282;B
20240408;101537;231.3;950;10059180872;B
20240408;101538;231.29;10;10059181388;S
20240408;101539;231.3;50;10059181671;B
20240408;101540;231.3;570;10059181922;B
20240408;101541;231.3;10;10059182129;B
20240408;101541;231.3;50;10059182190;B
20240408;101541;231.3;10;10059182223;B
20240408;101542;231.3;460;10059182547;B
20240408;101543;231.3;30;10059182721;B
20240408;101543;231.3;10;10059182723;B
20240408;101543;231.3;10;10059182809;B
20240408;101545;231.3;10;10059183309;B
20240408;101545;231.3;10;10059183321;B
20240408;101545;231.3;10;10059183341;B
20240408;101545;231.29;10;10059183434;S
20240408;101545;231.3;10;10059183448;B
20240408;101545;231.3;90;10059183510;B
20240408;101546;231.3;10;10059183731;B
20240408;101547;231.3;10;10059184056;B
20240408;101548;231.29;100;10059184164;S
20240408;101548;231.29;10;10059184219;S
20240408;101548;231.3;670;10059184343;B
20240408;101549;231.3;100;10059184575;B
20240408;101549;231.3;10;10059184595;B
20240408;101549;231.3;10;10059184682;B
20240408;101553;231.3;1040;10059186108;B
20240408;101553;231.3;220;10059186153;B
20240408;101553;231.3;10;10059186161;B
20240408;101554;231.3;10;10059186198;B
20240408;101554;231.3;30;10059186221;B
20240408;101554;231.29;70;10059186292;S
20240408;101554;231.3;270;10059186293;B
20240408;101554;231.3;130;10059186354;B
20240408;101555;231.3;30;10059186484;B
20240408;101555;231.3;20;10059186638;B
20240408;101556;231.3;90;10059186846;B
20240408;101557;231.3;10;10059187050;B
20240408;101558;231.3;30;10059187584;B
20240408;101558;231.3;30;10059187683;B
20240408;101559;231.29;100;10059187795;S
20240408;101559;231.3;60;10059187809;B
20240408;101559;231.3;20;10059187916;B
20240408;101559;231.3;170;10059188177;B
20240408;101601;231.29;1000;10059188663;S
20240408;101602;231.3;570;10059189070;B
20240408;101603;231.3;110;10059189437;B
20240408;101603;231.3;650;10059189548;B
20240408;101604;231.3;100;10059189614;B
20240408;101605;231.3;310;10059190047;B
20240408;101605;231.29;10;10059190120;S
20240408;101605;231.3;570;10059190132;B
20240408;101605;231.3;10;10059190134;B
20240408;101605;231.3;10;10059190151;B
20240408;101606;231.3;30;10059190247;B
20240408;101606;231.3;10;10059190255;B
20240408;101606;231.29;10;10059190470;S
20240408;101606;231.3;170;10059190528;B
20240408;101606;231.3;110;10059190545;B
20240408;101607;231.3;60;10059190698;B
20240408;101607;231.3;30;10059190807;B
20240408;101608;231.3;110;10059190918;B
20240408;101608;231.3;10;10059190932;B
20240408;101608;231.3;790;10059191102;B
20240408;101608;231.3;3000;10059191123;B
20240408;101609;231.3;10;10059191273;B
20240408;101609;231.3;20;10059191447;B
20240408;101609;231.3;290;10059191535;B
20240408;101609;231.3;10;10059191536;B
20240408;101610;231.3;10;10059191715;B
20240408;101611;231.29;600;10059192205;S
20240408;101611;231.29;20;10059192206;S
20240408;101611;231.29;10;10059192207;S
20240408;101611;231.29;10;10059192208;S
20240408;101611;231.29;200;10059192209;S
20240408;101611;231.28;10;10059192210;S
20240408;101611;231.23;190;10059192211;S
20240408;101612;231.26;280;10059192238;B
20240408;101612;231.28;220;10059192239;B
20240408;101612;231.26;10;10059192491;B
20240408;101612;231.23;20;10059192539;S
20240408;101612;231.22;20;10059192540;S
20240408;101613;231.26;40;10059192650;B
20240408;101616;231.22;190;10059193726;S
20240408;101616;231.21;310;10059193727;S
20240408;101617;231.24;280;10059193879;B
20240408;101617;231.24;190;10059193880;B
20240408;101617;231.25;110;10059193881;B
20240408;101617;231.21;30;10059193919;S
20240408;101618;231.24;10;10059194071;B
20240408;101619;231.24;10;10059194287;B
20240408;101620;231.25;90;10059194604;B
20240408;101624;231.21;50;10059195956;S
20240408;101625;231.25;20;10059196355;B
20240408;101627;231.21;120;10059196673;S
20240408;101627;231.21;530;10059196674;S
20240408;101627;231.2;310;10059196675;S
20240408;101627;231.2;20;10059196676;S
20240408;101627;231.2;300;10059196677;S
20240408;101627;231.18;60;10059196678;S
20240408;101627;231.18;60;10059196679;S
20240408;101627;231.15;280;10059196680;S
20240408;101627;231.15;10;10059196681;S
20240408;101627;231.14;210;10059196682;S
20240408;101628;231.22;280;10059196941;B
20240408;101628;231.24;110;10059196942;B
20240408;101628;231.25;10;10059196943;B
20240408;101628;231.25;60;10059196944;B
20240408;101628;231.25;3800;10059196945;B
20240408;101629;231.26;30;10059197278;S
20240408;101629;231.26;10;10059197390;S
20240408;101630;231.28;10;10059197529;B
20240408;101630;231.29;70;10059197530;B
20240408;101632;231.29;10;10059198293;B
20240408;101633;231.3;20;10059198519;B
20240408;101634;231.3;100;10059198719;B
20240408;101634;231.26;260;10059198828;S
20240408;101637;231.28;10;10059199390;B
20240408;101637;231.28;150;10059199429;B
20240408;101638;231.27;10;10059199668;S
20240408;101638;231.27;90;10059199669;S
20240408;101638;231.27;40;10059199714;B
20240408;101639;231.25;250;10059199889;S
20240408;101640;231.27;20;10059200328;B
20240408;101640;231.27;10;10059200347;B
20240408;101643;231.25;10;10059201323;S
20240408;101644;231.25;240;10059201463;S
20240408;101646;231.25;70;10059201945;S
20240408;101646;231.26;10;10059201971;B
20240408;101646;231.27;30;10059202031;B
20240408;101646;231.27;180;10059202032;B
20240408;101646;231.27;40;10059202041;B
20240408;101651;231.25;1940;10059203278;S
20240408;101657;231.25;200;10059204762;S
20240408;101657;231.25;30;10059204811;S
20240408;101657;231.25;20;10059204812;S
20240408;101658;231.17;190;10059205055;S
20240408;101658;231.17;60;10059205056;S
20240408;101658;231.16;410;10059205057;S
20240408;101658;231.15;840;10059205058;S
20240408;101700;231.13;10;10059205598;S
20240408;101700;231.14;40;10059205628;S
20240408;101700;231.13;160;10059205629;S
20240408;101701;231.13;120;10059205867;S
20240408;101701;231.13;20;10059205868;S
20240408;101702;231.2;40;10059206088;B
20240408;101702;231.2;10;10059206114;B
20240408;101703;231.14;200;10059206272;S
20240408;101703;231.14;10;10059206432;S
20240408;101704;231.21;530;10059206559;B
20240408;101704;231.22;60;10059206560;B
20240408;101704;231.22;1200;10059206561;B
20240408;101704;231.23;60;10059206562;B
20240408;101704;231.24;280;10059206563;B
20240408;101704;231.25;50;10059206564;B
20240408;101704;231.26;360;10059206565;B
20240408;101704;231.27;90;10059206566;B
20240408;101704;231.27;3000;10059206567;B
20240408;101704;231.28;20;10059206568;B
20240408;101704;231.29;2800;10059206569;B
20240408;101704;231.3;11390;10059206570;B
20240408;101704;231.3;20;10059206571;B
20240408;101704;231.3;50;10059206572;B
20240408;101704;231.3;20;10059206573;B
20240408;101704;231.3;900;10059206574;B
20240408;101704;231.3;10;10059206575;B
20240408;101704;231.3;10;10059206594;S
20240408;101704;231.3;10;10059206704;S
20240408;101705;231.3;560;10059206750;S
20240408;101705;231.3;200;10059206949;S
20240408;101706;231.31;60;10059207076;B
20240408;101706;231.31;40;10059207105;B
20240408;101706;231.31;100;10059207106;B
20240408;101706;231.31;210;10059207107;B
20240408;101707;231.3;80;10059207297;S
20240408;101707;231.31;160;10059207300;B
20240408;101709;231.3;30;10059207692;S
20240408;101711;231.3;10;10059208432;S
20240408;101713;231.3;50;10059208911;S
20240408;101714;231.31;10;10059209171;B
20240408;101715;231.3;10;10059209409;S
20240408;101720;231.3;200;10059210294;S
20240408;101723;231.31;10;10059210714;B
20240408;101723;231.3;10;10059210915;S
20240408;101726;231.31;90;10059211927;B
20240408;101727;231.31;60;10059212221;B
20240408;101728;231.3;100;10059212765;S
20240408;101731;231.31;360;10059213292;B
20240408;101731;231.31;10000;10059213293;B
20240408;101731;231.31;280;10059213294;B
20240408;101731;231.31;400;10059213295;B
20240408;101731;231.31;3600;10059213296;B
20240408;101731;231.32;200;10059213297;B
20240408;101731;231.32;160;10059213298;B
20240408;101731;231.34;20;10059213383;B
20240408;101731;231.35;80;10059213384;B
20240408;101733;231.35;10;10059213866;B
20240408;101733;231.35;10;10059213975;B
20240408;101734;231.31;10;10059214203;S
20240408;101736;231.32;10;10059215019;S
20240408;101737;231.35;300;10059215060;B
20240408;101738;231.31;10;10059215364;S
20240408;101738;231.38;530;10059215444;B
20240408;101738;231.39;100;10059215445;B
20240408;101738;231.39;200;10059215446;B
20240408;101738;231.39;730;10059215447;B
20240408;101738;231.4;10;10059215503;B
20240408;101739;231.31;270;10059215571;S
20240408;101739;231.31;30;10059215572;S
20240408;101739;231.39;300;10059215704;B
20240408;101739;231.39;10;10059215738;B
20240408;101740;231.39;20;10059215897;B
20240408;101744;231.39;20;10059216736;B
20240408;101745;231.38;500;10059217082;B
20240408;101745;231.32;20;10059217089;S
20240408;101745;231.31;10;10059217144;S
20240408;101746;231.4;10;10059217387;B
20240408;101747;231.31;20;10059217583;S
20240408;101747;231.31;10;10059217584;S
20240408;101749;231.3;100;10059218026;S
20240408;101752;231.3;10;10059218782;S
20240408;101754;231.33;50;10059219103;B
20240408;101756;231.31;90;10059219571;B
20240408;101756;231.32;710;10059219572;B
20240408;101759;231.38;20;10059220387;B
20240408;101759;231.37;60;10059220517;B
20240408;101801;231.37;10;10059221043;B
20240408;101801;231.3;10;10059221218;S
20240408;101802;231.38;30;10059221285;B
20240408;101802;231.39;20;10059221286;B
20240408;101802;231.38;10;10059221458;B
20240408;101803;231.38;30;10059221578;B
20240408;101804;231.38;20;10059221814;B
20240408;101804;231.39;20;10059221829;B
20240408;101805;231.39;20;10059222178;B
20240408;101805;231.39;50;10059222306;B
20240408;101807;231.37;10;10059222824;B
20240408;101807;231.37;10;10059222929;B
20240408;101807;231.37;50;10059222949;B
20240408;101807;231.37;10;10059222968;B
20240408;101808;231.4;10;10059223197;B
20240408;101808;231.38;40;10059223323;B
20240408;101809;231.38;30;10059223399;B
20240408;101809;231.38;10;10059223509;B
20240408;101809;231.32;10;10059223571;S
20240408;101809;231.31;10;10059223572;S
20240408;101809;231.31;10;10059223596;S
20240408;101809;231.31;10;10059223597;S
20240408;101809;231.38;20;10059223635;B
20240408;101810;231.37;60;10059223718;B
20240408;101810;231.38;20;10059223981;B
20240408;101812;231.37;10;10059224360;B
20240408;101812;231.37;20;10059224370;B
20240408;101812;231.37;120;10059224461;B
20240408;101813;231.38;10;10059224614;B
20240408;101813;231.34;80;10059224730;B
20240408;101814;231.34;40;10059225036;B
20240408;101814;231.3;120;10059225123;S
20240408;101814;231.34;490;10059225157;B
20240408;101814;231.35;10;10059225158;B
20240408;101815;231.36;20;10059225283;B
20240408;101815;231.36;20;10059225295;B
20240408;101815;231.4;10;10059225319;B
20240408;101815;231.4;30;10059225407;B
20240408;101816;231.4;30;10059225486;B
20240408;101817;231.4;30;10059225738;B
20240408;101817;231.4;20;10059225739;B
20240408;101817;231.4;10;10059225740;B
20240408;101817;231.4;10;10059225741;B
20240408;101817;231.41;40;10059225742;B
20240408;101817;231.41;10;10059225743;B
20240408;101817;231.41;10;10059225744;B
20240408;101817;231.42;10;10059225895;S
20240408;101817;231.42;20;10059226000;S
20240408;101818;231.45;10;10059226027;B
20240408;101818;231.46;20;10059226028;B
20240408;101818;231.46;10;10059226069;B
20240408;101819;231.46;40;10059226501;B
20240408;101819;231.46;110;10059226502;B
20240408;101820;231.46;310;10059226787;B
20240408;101820;231.46;1000;10059226788;B
20240408;101820;231.46;110;10059226806;B
20240408;101820;231.45;150;10059226837;S
20240408;101820;231.44;280;10059226838;S
20240408;101820;231.39;530;10059226839;S
20240408;101820;231.39;40;10059226840;S
20240408;101821;231.46;110;10059226996;B
20240408;101821;231.46;10;10059227056;B
20240408;101822;231.46;70;10059227128;B
20240408;101822;231.46;130;10059227137;B
20240408;101822;231.47;220;10059227138;B
20240408;101822;231.47;20;10059227139;B
20240408;101822;231.49;60;10059227168;B
20240408;101822;231.49;40;10059227181;B
20240408;101822;231.49;70;10059227182;B
20240408;101822;231.49;30;10059227225;B
20240408;101822;231.49;10;10059227226;B
20240408;101823;231.49;20;10059227438;B
20240408;101823;231.49;110;10059227441;B
20240408;101823;231.49;50;10059227549;B
20240408;101823;231.49;40;10059227673;B
20240408;101824;231.49;50;10059227746;B
20240408;101824;231.49;20;10059227775;B
20240408;101824;231.5;30;10059227776;B
20240408;101824;231.5;10;10059227777;B
20240408;101824;231.5;10;10059227778;B
20240408;101824;231.46;20;10059227803;S
20240408;101824;231.5;30;10059227825;B
20240408;101824;231.49;10;10059227880;B
20240408;101824;231.49;20;10059228009;B
20240408;101825;231.49;10;10059228134;B
20240408;101825;231.49;10;10059228283;B
20240408;101826;231.49;50;10059228301;B
20240408;101828;231.49;10;10059228918;B
20240408;101828;231.44;20;10059228979;S
20240408;101828;231.49;20;10059228987;B
20240408;101829;231.44;50;10059229300;S
20240408;101829;231.49;10;10059229335;B
20240408;101829;231.49;10;10059229378;B
20240408;101830;231.44;20;10059229505;S
20240408;101830;231.45;10;10059229709;S
20240408;101830;231.45;10;10059229752;S
20240408;101830;231.44;150;10059229753;S
20240408;101831;231.44;30;10059229876;S
20240408;101831;231.49;50;10059229899;B
20240408;101831;231.49;60;10059229976;B
20240408;101831;231.49;10;10059229996;B
20240408;101832;231.49;30;10059230208;B
20240408;101832;231.49;100;10059230209;B
20240408;101832;231.5;270;10059230210;B
20240408;101832;231.5;300;10059230211;B
20240408;101832;231.5;50;10059230212;B
20240408;101832;231.5;20;10059230213;B
20240408;101832;231.5;500;10059230214;B
20240408;101832;231.5;100;10059230215;B
20240408;101832;231.5;630;10059230216;B
20240408;101832;231.54;10;10059230305;B
20240408;101832;231.55;50;10059230306;B
20240408;101832;231.55;40;10059230307;B
20240408;101832;231.55;20;10059230308;B
20240408;101832;231.55;180;10059230309;B
20240408;101832;231.56;10;10059230362;B
20240408;101832;231.56;20;10059230363;B
20240408;101832;231.56;20;10059230391;B
20240408;101832;231.57;10;10059230437;B
20240408;101833;231.61;80;10059230457;B
20240408;101833;231.61;20;10059230470;B
20240408;101833;231.61;110;10059230605;B
20240408;101834;231.6;50;10059230908;S
20240408;101834;231.61;500;10059230930;B
20240408;101834;231.61;20;10059230933;B
20240408;101835;231.6;100;10059231136;S
20240408;101835;231.64;10;10059231163;B
20240408;101835;231.64;10;10059231165;B
20240408;101835;231.61;10;10059231276;S
20240408;101836;231.62;10;10059231638;B
20240408;101836;231.64;10;10059231639;B
20240408;101837;231.64;10;10059231740;B
20240408;101837;231.65;90;10059231741;B
20240408;101837;231.65;20;10059231817;B
20240408;101837;231.65;20;10059231840;B
20240408;101838;231.65;20;10059232048;B
20240408;101840;231.65;10;10059232721;B
20240408;101842;231.63;40;10059233219;B
20240408;101842;231.64;10;10059233297;B
20240408;101842;231.64;110;10059233306;B
20240408;101842;231.64;100;10059233344;B
20240408;101843;231.64;20;10059233503;B
20240408;101844;231.61;10;10059233869;S
20240408;101844;231.61;190;10059233870;S
20240408;101844;231.64;10;10059233896;B
20240408;101845;231.61;340;10059234116;S
20240408;101845;231.6;160;10059234117;S
20240408;101846;231.64;100;10059234586;B
20240408;101847;231.64;300;10059234800;B
20240408;101849;231.64;110;10059235308;B
20240408;101849;231.64;10;10059235319;B
20240408;101849;231.65;100;10059235320;B
20240408;101851;231.61;10;10059235959;S
20240408;101851;231.6;10;10059235960;S
20240408;101851;231.63;10;10059236088;B
20240408;101851;231.63;50;10059236238;B
20240408;101852;231.63;100;10059236364;B
20240408;101852;231.63;60;10059236396;B
20240408;101852;231.63;20;10059236397;B
20240408;101852;231.63;20;10059236505;B
20240408;101853;231.61;10;10059236676;S
20240408;101853;231.63;50;10059236688;B
20240408;101855;231.62;10;10059237456;B
20240408;101855;231.62;20;10059237523;B
20240408;101855;231.62;50;10059237607;B
20240408;101857;231.61;10;10059238155;S
20240408;101857;231.61;40;10059238156;S
20240408;101857;231.62;10;10059238315;B
20240408;101900;231.64;110;10059238992;B
20240408;101901;231.63;30;10059239337;S
20240408;101901;231.64;80;10059239500;B
20240408;101905;231.63;10;10059240838;S
20240408;101905;231.61;10;10059240839;S
20240408;101905;231.6;20;10059240840;S
20240408;101906;231.64;40;10059240858;B
20240408;101906;231.64;500;10059241056;B
20240408;101907;231.64;20;10059241184;B
20240408;101907;231.64;80;10059241223;B
20240408;101907;231.65;30;10059241224;B
20240408;101907;231.65;100;10059241225;B
20240408;101908;231.63;10;10059241503;S
20240408;101909;231.63;20;10059241746;S
20240408;101909;231.63;80;10059241747;S
20240408;101909;231.65;110;10059241766;B
20240408;101909;231.65;1000;10059241789;S
20240408;101909;231.66;1000;10059241996;B
20240408;101910;231.66;20;10059242068;B
20240408;101911;231.66;150;10059242505;B
20240408;101911;231.66;20;10059242555;B
20240408;101912;231.66;10;10059242644;B
20240408;101912;231.66;150;10059242646;B
20240408;101912;231.65;180;10059242698;S
20240408;101914;231.66;210;10059243233;B
