<DATE>;<TIME>;<LAST>;<VOL>;<ID>;<OPER>
20241022;095936;133.04;10;11323552852;S
20241022;095936;133.04;30;11323552853;S
20241022;095936;133.04;10;11323552854;S
20241022;095936;133.04;10;11323552855;S
20241022;095936;133.04;10;11323552856;S
20241022;095936;133.04;10;11323552857;S
20241022;095936;133.04;100;11323552858;S
20241022;095936;133.04;10;11323552859;S
20241022;095936;133.04;10;11323552860;B
20241022;095936;133.04;10;11323552861;S
20241022;095936;133.04;30;11323552862;B
20241022;095936;133.04;10;11323552863;B
20241022;095936;133.04;10;11323552864;B
20241022;095936;133.04;20;11323552865;B
20241022;095936;133.04;180;11323552866;B
20241022;095936;133.04;10;11323552867;B
20241022;095936;133.04;450;11323552868;B
20241022;095936;133.04;360;11323552869;B
20241022;095936;133.04;10;11323552870;B
20241022;095936;133.04;200;11323552871;B
20241022;095936;133.04;100;11323552872;B
20241022;095936;133.04;10;11323552873;B
20241022;095936;133.04;40;11323552874;B
20241022;095936;133.04;10;11323552875;B
20241022;095936;133.04;10;11323552876;B
20241022;095936;133.04;50;11323552877;B
20241022;095936;133.04;100;11323552878;B
20241022;095936;133.04;10;11323552879;B
20241022;095936;133.04;10;11323552880;B
20241022;095936;133.04;1000;11323552881;B
20241022;095936;133.04;700;11323552882;S
20241022;095936;133.04;10;11323552883;B
20241022;095936;133.04;10;11323552884;B
20241022;095936;133.04;10;11323552885;B
20241022;095936;133.04;60;11323552886;B
20241022;095936;133.04;10;11323552887;B
20241022;095936;133.04;30;11323552888;B
20241022;095936;133.04;20;11323552889;B
20241022;095936;133.04;80;11323552890;B
20241022;095936;133.04;10;11323552891;B
20241022;095936;133.04;30;11323552892;B
20241022;095936;133.04;990;11323552893;B
20241022;095936;133.04;200;11323552894;B
20241022;095936;133.04;10;11323552895;B
20241022;095936;133.04;10;11323552896;B
20241022;095936;133.04;10;11323552897;B
20241022;095936;133.04;1420;11323552898;B
20241022;095936;133.04;230;11323552899;B
20241022;095936;133.04;10;11323552900;B
20241022;095936;133.04;10;11323552901;S
20241022;095936;133.04;100;11323552902;S
20241022;095936;133.04;300;11323552903;B
20241022;095936;133.04;10;11323552904;S
20241022;095936;133.04;100;11323552905;B
20241022;095936;133.04;100;11323552906;S
20241022;095936;133.04;630;11323552907;B
20241022;095936;133.04;10;11323552908;B
20241022;095936;133.04;10;11323552909;B
20241022;095936;133.04;10;11323552910;S
20241022;095936;133.04;100;11323552911;B
20241022;095936;133.04;2820;11323552912;B
20241022;095936;133.04;80;11323552913;B
20241022;095936;133.04;10;11323552914;B
20241022;095936;133.04;90;11323552915;B
20241022;095936;133.04;10;11323552916;B
20241022;095936;133.04;10;11323552917;B
20241022;095936;133.04;470;11323552918;B
20241022;095936;133.04;10;11323552919;B
20241022;095936;133.04;10;11323552920;B
20241022;095936;133.04;1000;11323552921;B
20241022;095936;133.04;2500;11323552922;B
20241022;095936;133.04;10;11323552923;B
20241022;095936;133.04;10;11323552924;B
20241022;095936;133.04;200;11323552925;B
20241022;095936;133.04;30;11323552926;B
20241022;095936;133.04;10;11323552927;B
20241022;095936;133.04;1140;11323552928;S
20241022;095936;133.04;80;11323552929;S
20241022;095936;133.04;40;11323552930;B
20241022;095936;133.04;20;11323552931;S
20241022;095936;133.04;20;11323552932;B
20241022;095936;133.04;50;11323552933;B
20241022;095936;133.04;10;11323552934;B
20241022;095936;133.04;10;11323552935;B
20241022;095936;133.04;10;11323552936;B
20241022;095936;133.04;10;11323552937;B
20241022;095936;133.04;40;11323552938;B
20241022;095936;133.04;40;11323552939;B
20241022;095936;133.04;1000;11323552940;S
20241022;095936;133.04;250;11323552941;B
20241022;095936;133.04;100;11323552942;B
20241022;095936;133.04;10;11323552943;B
20241022;095936;133.04;370;11323552944;B
20241022;095936;133.04;150;11323552945;B
20241022;095936;133.04;100;11323552946;B
20241022;095936;133.04;1000;11323552947;B
20241022;095936;133.04;100;11323552948;B
20241022;095936;133.04;1090;11323552949;B
20241022;095936;133.04;10;11323552950;B
20241022;095936;133.04;10;11323552951;B
20241022;095936;133.04;100;11323552952;B
20241022;095936;133.04;200;11323552953;B
20241022;095936;133.04;180;11323552954;B
20241022;095936;133.04;10;11323552955;B
20241022;095936;133.04;10;11323552956;B
20241022;095936;133.04;50;11323552957;B
20241022;095936;133.04;120;11323552958;B
20241022;095936;133.04;90;11323552959;B
20241022;095936;133.04;100;11323552960;B
20241022;095936;133.04;10;11323552961;B
20241022;095936;133.04;100;11323552962;B
20241022;095936;133.04;50;11323552963;B
20241022;095936;133.04;120;11323552964;B
20241022;095936;133.04;1160;11323552965;B
20241022;095936;133.04;100;11323552966;B
20241022;095936;133.04;10;11323552967;B
20241022;095936;133.04;160;11323552968;B
20241022;095936;133.04;100;11323552969;B
20241022;095936;133.04;1000;11323552970;B
20241022;095936;133.04;20;11323552971;B
20241022;095936;133.04;10;11323552972;B
20241022;095936;133.04;50;11323552973;B
20241022;095936;133.04;20;11323552974;B
20241022;095936;133.04;100;11323552975;B
20241022;095936;133.04;10;11323552976;B
20241022;095936;133.04;1260;11323552977;S
20241022;100000;133.04;1080;11323560284;B
20241022;100000;133.04;160;11323560285;B
20241022;100000;133.04;1260;11323560286;B
20241022;100000;133.04;30;11323560408;S
20241022;100000;133.1;10;11323560429;B
20241022;100000;133.3;10;11323560430;B
20241022;100000;133.4;100;11323560431;B
20241022;100000;133.02;430;11323560432;S
20241022;100000;133.02;1070;11323560447;S
20241022;100000;133.02;70;11323560448;S
20241022;100000;133.44;10;11323560449;B
20241022;100000;133.78;500;11323560450;B
20241022;100000;133.8;50;11323560451;B
20241022;100000;133.8;240;11323560452;B
20241022;100000;133.22;100;11323560529;S
20241022;100000;133.02;80;11323560530;S
20241022;100000;133.02;50;11323560531;S
20241022;100000;133.04;20;11323560533;S
20241022;100000;133.04;50;11323560535;S
20241022;100000;133.04;20;11323560540;S
20241022;100000;133.78;10;11323560545;B
20241022;100000;133.04;10;11323560549;S
20241022;100000;133.04;170;11323560552;S
20241022;100000;133.02;20;11323560553;S
20241022;100000;133.04;40;11323560597;B
20241022;100000;133.04;40;11323560598;B
20241022;100000;133.04;120;11323560599;B
20241022;100000;133.02;1030;11323560600;S
20241022;100000;133.04;400;11323560609;B
20241022;100000;133.04;320;11323560611;B
20241022;100000;133.04;10;11323560612;B
20241022;100000;133.04;800;11323560636;S
20241022;100000;133.04;200;11323560650;S
20241022;100000;133.04;80;11323560655;S
20241022;100000;133.04;10;11323560661;S
20241022;100000;133.2;30;11323560669;B
20241022;100000;133.2;30;11323560670;B
20241022;100000;133.32;20;11323560679;B
20241022;100000;133.06;50;11323560681;S
20241022;100000;133.32;90;11323560683;B
20241022;100000;133.38;40;11323560684;B
20241022;100001;133.52;670;11323560752;S
20241022;100001;133.52;150;11323560753;S
20241022;100001;133.4;110;11323560754;S
20241022;100001;133.3;70;11323560755;S
20241022;100001;133.28;190;11323560756;S
20241022;100001;133.06;540;11323560757;S
20241022;100001;133.06;540;11323560758;S
20241022;100001;133.04;230;11323560759;S
20241022;100001;133.04;200;11323560800;S
20241022;100001;133.04;50;11323560806;S
20241022;100001;133.04;10;11323560809;S
20241022;100001;133.06;20;11323560829;S
20241022;100001;133.04;30;11323560830;S
20241022;100001;133.5;100;11323560850;B
20241022;100001;133.56;150;11323560851;B
20241022;100001;133.06;150;11323560857;S
20241022;100001;133.04;60;11323560858;S
20241022;100001;133.04;90;11323560859;S
20241022;100001;133.04;180;11323560879;S
20241022;100001;133.02;120;11323560880;S
20241022;100001;133.02;10;11323560885;S
20241022;100001;133.02;1000;11323560886;S
20241022;100001;133.1;20;11323560889;S
20241022;100001;133.1;50;11323560892;S
20241022;100001;133.52;10;11323560896;B
20241022;100001;133.12;10;11323560903;S
20241022;100001;133.1;50;11323560904;S
20241022;100001;133.1;10;11323560913;S
20241022;100001;133.1;40;11323560916;S
20241022;100001;133.2;10;11323560996;B
20241022;100001;133.2;30;11323560998;B
20241022;100001;133.1;10;11323561017;S
20241022;100001;133.1;50;11323561019;S
20241022;100001;133.1;10;11323561027;S
20241022;100001;133.2;20;11323561028;B
20241022;100001;133.1;100;11323561061;S
20241022;100001;133.1;390;11323561062;S
20241022;100001;133.2;10;11323561063;B
20241022;100001;133.2;10;11323561065;B
20241022;100001;133.3;70;11323561066;B
20241022;100001;133.3;30;11323561081;B
20241022;100001;133.58;60;11323561082;B
20241022;100001;133.6;540;11323561083;B
20241022;100001;133.62;100;11323561084;B
20241022;100001;133.62;250;11323561085;B
20241022;100001;133.64;20;11323561086;B
20241022;100001;133.1;100;11323561092;S
20241022;100001;133.1;170;11323561103;S
20241022;100001;133.04;540;11323561104;S
20241022;100001;133.02;40;11323561105;S
20241022;100002;133.02;10;11323561112;S
20241022;100002;133.02;20;11323561129;S
20241022;100002;133.12;10;11323561164;S
20241022;100002;133.02;390;11323561165;S
20241022;100002;133.02;10;11323561176;S
20241022;100002;133.02;2150;11323561196;S
20241022;100002;133.02;160;11323561197;S
20241022;100002;133;10;11323561198;S
20241022;100002;133;1000;11323561199;S
20241022;100002;133;500;11323561200;S
20241022;100002;133;5000;11323561201;S
20241022;100002;133;100;11323561202;S
20241022;100002;133;200;11323561203;S
20241022;100002;133;10;11323561213;S
20241022;100002;133;40;11323561214;S
20241022;100002;133;1000;11323561221;S
20241022;100002;133;750;11323561223;S
20241022;100002;133;250;11323561224;S
20241022;100002;133.38;200;11323561263;B
20241022;100002;133.4;250;11323561264;B
20241022;100002;133.54;540;11323561265;B
20241022;100002;133.56;400;11323561266;B
20241022;100002;133.62;400;11323561267;B
20241022;100002;133.62;100;11323561268;B
20241022;100002;133.64;90;11323561269;B
20241022;100002;133.74;540;11323561270;B
20241022;100002;133.76;1480;11323561271;B
20241022;100002;133.06;90;11323561275;B
20241022;100002;133.02;10;11323561312;S
20241022;100002;133.06;50;11323561321;S
20241022;100002;133.14;20;11323561414;B
20241022;100002;133.06;10;11323561435;S
20241022;100002;133.12;70;11323561467;B
20241022;100002;133.12;30;11323561468;B
20241022;100002;133.08;10;11323561494;S
20241022;100002;133.08;100;11323561500;S
20241022;100002;133.12;10;11323561515;B
20241022;100003;133.1;10;11323561520;S
20241022;100003;133.12;10;11323561524;B
20241022;100003;133.14;230;11323561525;B
20241022;100003;133.16;50;11323561541;S
20241022;100003;133.1;60;11323561542;S
20241022;100003;133.1;190;11323561543;S
20241022;100003;133.08;2390;11323561544;S
20241022;100003;133;250;11323561545;S
20241022;100003;133;10;11323561546;S
20241022;100003;133;640;11323561547;S
20241022;100003;132.92;20;11323561548;S
20241022;100003;132.9;100;11323561549;S
20241022;100003;132.86;1290;11323561550;S
20241022;100003;133.26;70;11323561585;S
20241022;100003;133.26;30;11323561586;S
20241022;100003;133.24;10;11323561687;S
20241022;100003;133.14;10;11323561946;S
20241022;100003;133;10;11323561947;S
20241022;100003;133;100;11323562159;B
20241022;100004;132.82;10;11323563296;S
20241022;100004;133;200;11323564049;B
20241022;100004;133;200;11323564051;B
20241022;100005;133;10;11323565792;B
20241022;100005;132.82;90;11323566072;S
20241022;100005;132.82;10;11323566073;S
20241022;100005;132.76;50;11323566074;S
20241022;100005;132.7;480;11323566075;S
20241022;100005;132.68;400;11323566076;S
20241022;100005;132.68;400;11323566077;S
20241022;100005;132.68;3560;11323566078;B
20241022;100006;132.92;10;11323566367;B
20241022;100006;132.92;10;11323566368;B
20241022;100006;132.92;40;11323566553;B
20241022;100006;132.66;10;11323567065;S
20241022;100006;132.66;20;11323567066;S
20241022;100006;132.86;30;11323567132;B
20241022;100007;132.84;200;11323567211;B
20241022;100007;132.88;510;11323567212;B
20241022;100007;132.9;130;11323567213;B
20241022;100007;132.88;30;11323567326;B
20241022;100008;132.84;10;11323567684;B
20241022;100008;132.86;50;11323567685;B
20241022;100008;132.88;400;11323567686;B
20241022;100008;132.9;120;11323567687;B
20241022;100008;132.94;60;11323567688;B
20241022;100008;132.96;360;11323567689;B
20241022;100009;132.94;20;11323567949;B
20241022;100012;132.84;100;11323569192;S
20241022;100012;132.82;40;11323569193;S
20241022;100013;132.82;1000;11323569357;S
20241022;100013;132.7;200;11323569383;S
20241022;100013;132.64;540;11323569384;S
20241022;100013;132.62;160;11323569385;S
20241022;100013;132.62;260;11323569386;S
20241022;100013;132.62;10;11323569387;S
20241022;100013;132.6;120;11323569388;S
20241022;100013;132.6;90;11323569389;S
20241022;100013;132.62;1000;11323569427;B
20241022;100014;132.56;60;11323569527;S
20241022;100014;132.52;220;11323569542;S
20241022;100014;132.52;60;11323569598;S
20241022;100015;132.52;100;11323569780;S
20241022;100015;132.52;30;11323569781;S
20241022;100015;132.52;90;11323569797;S
20241022;100015;132.44;50;11323569798;S
20241022;100015;132.36;350;11323569799;S
20241022;100015;132.36;300;11323569800;S
20241022;100015;132.3;50;11323569801;S
20241022;100015;132.3;20;11323569802;S
20241022;100015;132.3;140;11323569803;S
20241022;100015;132.32;300;11323569857;S
20241022;100015;132.3;160;11323569858;S
20241022;100015;132.3;540;11323569859;S
20241022;100015;132.28;10;11323569860;S
20241022;100015;132.28;240;11323569861;S
20241022;100016;132.32;250;11323570085;S
20241022;100016;132.3;300;11323570086;S
20241022;100016;132.28;760;11323570087;S
20241022;100016;132.28;10;11323570088;S
20241022;100016;132.28;50;11323570089;S
20241022;100016;132.2;400;11323570090;S
20241022;100016;132.18;230;11323570106;S
20241022;100016;132.38;100;11323570169;B
20241022;100016;132.38;200;11323570170;B
20241022;100016;132.4;10;11323570171;B
20241022;100016;132.44;60;11323570172;B
20241022;100016;132.46;10;11323570173;B
20241022;100016;132.48;540;11323570174;B
20241022;100016;132.5;400;11323570175;B
20241022;100016;132.52;540;11323570176;B
20241022;100016;132.54;3140;11323570177;B
20241022;100016;132.18;70;11323570259;S
20241022;100016;132.18;200;11323570260;S
20241022;100016;132.16;50;11323570261;S
20241022;100016;132.14;180;11323570262;S
20241022;100018;132.36;20;11323570503;B
20241022;100018;132.44;50;11323570664;S
20241022;100019;132.46;10;11323570827;S
20241022;100019;132.44;3930;11323570828;S
20241022;100019;132.32;300;11323570829;S
20241022;100019;132.26;50;11323570830;S
20241022;100019;132.26;10;11323570831;S
20241022;100019;132.24;250;11323570832;S
20241022;100019;132.24;110;11323570833;S
20241022;100019;132.16;340;11323570834;B
20241022;100019;132.5;250;11323570853;S
20241022;100019;132.56;100;11323570854;B
20241022;100020;132.48;10;11323571094;S
20241022;100020;132.48;460;11323571126;S
20241022;100020;132.52;50;11323571149;B
20241022;100023;132.34;10;11323571826;S
20241022;100023;132.3;50;11323571827;S
20241022;100023;132.3;90;11323571828;S
20241022;100023;132.28;50;11323571829;S
20241022;100023;132.28;50;11323571830;S
20241022;100023;132.28;120;11323571831;B
20241022;100023;132.38;250;11323571842;B
20241022;100023;132.5;250;11323571843;B
20241022;100023;132.5;10;11323571844;B
20241022;100023;132.54;10;11323571845;B
20241022;100023;132.6;80;11323571846;B
20241022;100023;132.6;10;11323571847;B
20241022;100023;132.62;390;11323571848;B
20241022;100024;132.54;50;11323572045;B
20241022;100024;132.54;200;11323572046;B
20241022;100024;132.54;50;11323572047;B
20241022;100024;132.6;520;11323572048;B
20241022;100024;132.62;1180;11323572049;B
20241022;100024;132.36;100;11323572110;S
20241022;100024;132.58;100;11323572119;B
20241022;100024;132.58;100;11323572120;B
20241022;100026;132.5;50;11323572446;S
20241022;100026;132.48;50;11323572447;S
20241022;100026;132.44;250;11323572448;S
20241022;100026;132.42;10;11323572449;S
20241022;100026;132.4;250;11323572450;S
20241022;100026;132.38;50;11323572451;S
20241022;100026;132.38;60;11323572452;S
20241022;100026;132.36;280;11323572453;S
20241022;100026;132.52;50;11323572481;S
20241022;100028;132.52;100;11323572857;S
20241022;100028;132.52;100;11323572858;S
20241022;100028;132.48;10;11323572959;B
20241022;100031;132.34;250;11323574222;S
20241022;100031;132.32;20;11323574223;S
20241022;100031;132.28;130;11323574224;S
20241022;100031;132.28;260;11323574225;S
20241022;100031;132.26;250;11323574226;S
20241022;100031;132.26;540;11323574227;S
20241022;100031;132.26;400;11323574228;S
20241022;100031;132.26;290;11323574229;S
20241022;100032;132.44;100;11323574310;B
20241022;100032;132.46;200;11323574311;B
20241022;100032;132.48;40;11323574312;B
20241022;100032;132.48;540;11323574313;B
20241022;100032;132.5;120;11323574314;B
20241022;100032;132.42;1610;11323574382;S
20241022;100034;132.5;50;11323574663;B
20241022;100034;132.46;830;11323574675;S
20241022;100034;132.46;370;11323574710;S
20241022;100034;132.42;630;11323574711;S
20241022;100034;132.42;750;11323574748;S
20241022;100034;132.42;180;11323574755;S
20241022;100034;132.4;180;11323574756;S
20241022;100035;132.38;120;11323574942;S
20241022;100035;132.36;540;11323574943;S
20241022;100035;132.34;340;11323574944;S
20241022;100036;132.36;50;11323575377;S
20241022;100036;132.34;4660;11323575378;S
20241022;100036;132.34;290;11323575379;S
20241022;100036;132.34;120;11323575382;S
20241022;100037;132.34;90;11323575499;S
20241022;100037;132.4;540;11323575504;B
20241022;100037;132.42;880;11323575505;B
20241022;100037;132.42;100;11323575506;B
20241022;100037;132.44;50;11323575507;B
20241022;100037;132.44;540;11323575508;B
20241022;100037;132.46;250;11323575509;B
20241022;100037;132.46;860;11323575510;B
20241022;100037;132.5;50;11323575511;B
20241022;100037;132.5;3370;11323575512;B
20241022;100037;132.3;50;11323575621;S
20241022;100037;132.4;50;11323575622;B
20241022;100037;132.38;50;11323575641;B
20241022;100037;132.4;350;11323575642;B
20241022;100037;132.48;60;11323575643;B
20241022;100037;132.48;50;11323575644;B
20241022;100037;132.5;230;11323575645;B
20241022;100038;132.34;50;11323576045;S
20241022;100038;132.32;60;11323576051;S
20241022;100038;132.28;540;11323576052;S
20241022;100038;132.26;870;11323576053;S
20241022;100038;132.24;10;11323576054;S
20241022;100038;132.24;250;11323576055;S
20241022;100038;132.24;1000;11323576056;S
20241022;100038;132.22;110;11323576057;S
20241022;100038;132.2;300;11323576058;S
20241022;100038;132.2;400;11323576059;S
20241022;100038;132.18;250;11323576060;S
20241022;100038;132.18;20;11323576061;S
20241022;100038;132.18;100;11323576062;S
20241022;100038;132.16;110;11323576063;S
20241022;100038;132.16;500;11323576064;S
20241022;100038;132.14;370;11323576065;S
20241022;100038;132.14;20;11323576066;S
20241022;100038;132.14;1000;11323576067;S
20241022;100038;132.12;110;11323576068;S
20241022;100038;132.12;500;11323576069;S
20241022;100038;132.12;50;11323576070;S
20241022;100038;132.1;500;11323576071;S
20241022;100038;132.1;240;11323576072;S
20241022;100038;132.1;30;11323576073;S
20241022;100038;132.08;3000;11323576074;S
20241022;100038;132.04;1900;11323576075;S
20241022;100039;132.14;490;11323576269;S
20241022;100039;132.12;50;11323576270;S
20241022;100039;132.12;300;11323576271;S
20241022;100039;132.06;410;11323576272;S
20241022;100039;132.14;230;11323576342;S
20241022;100039;132.14;300;11323576343;S
20241022;100039;132.1;200;11323576344;S
20241022;100039;132.04;820;11323576345;S
20241022;100039;132.04;100;11323576346;S
20241022;100039;132.04;500;11323576347;S
20241022;100039;132.04;2850;11323576348;S
20241022;100040;132.16;20;11323576482;B
20241022;100041;132.08;110;11323576668;S
20241022;100041;132.08;300;11323576669;S
20241022;100041;132.04;2440;11323576670;S
20241022;100041;132.02;5000;11323576671;S
20241022;100041;132;5000;11323576672;S
20241022;100041;132;40;11323576673;S
20241022;100041;132;1200;11323576674;S
20241022;100041;132;500;11323576675;S
20241022;100041;132;1140;11323576676;S
20241022;100041;132;50;11323576677;S
20241022;100041;132;10;11323576678;S
20241022;100041;131.9;60;11323576829;S
20241022;100041;131.88;50;11323576830;S
20241022;100041;131.88;190;11323576831;S
20241022;100042;131.98;100;11323576879;B
20241022;100042;132;1420;11323576880;B
20241022;100042;132;1620;11323576904;B
20241022;100042;132.16;100;11323576905;B
20241022;100042;132.02;200;11323576922;S
20241022;100042;132;1200;11323576939;S
20241022;100042;132;180;11323576988;S
20241022;100042;131.98;300;11323576989;S
20241022;100042;131.88;20;11323576990;S
20241022;100044;132;150;11323577306;B
20241022;100045;132.04;10;11323577549;S
20241022;100045;132.02;10;11323577550;S
20241022;100045;132.02;300;11323577593;S
20241022;100045;132.18;60;11323577652;B
20241022;100045;132.2;30;11323577653;B
20241022;100046;132.06;30;11323577775;S
20241022;100046;132.04;100;11323577776;S
20241022;100046;132.04;300;11323577777;S
20241022;100046;132.02;110;11323577778;S
20241022;100046;132;10;11323577779;S
20241022;100046;131.98;20;11323577780;S
20241022;100046;131.96;50;11323577781;S
20241022;100046;131.96;880;11323577782;S
20241022;100046;132.22;200;11323577836;B
20241022;100046;132.24;380;11323577837;B
20241022;100047;132.24;50;11323578023;B
20241022;100047;132.24;200;11323578024;B
20241022;100047;132.28;400;11323578025;B
20241022;100047;132.28;350;11323578026;B
20241022;100048;132.1;10;11323578100;S
20241022;100048;132.1;200;11323578101;S
20241022;100048;132.1;200;11323578102;S
20241022;100048;132.08;1000;11323578103;S
20241022;100048;132.04;300;11323578104;S
20241022;100048;132.04;350;11323578105;S
20241022;100048;132;140;11323578106;B
20241022;100048;132;1310;11323578107;B
20241022;100048;132;1820;11323578108;B
20241022;100048;132;450;11323578109;B
20241022;100048;132;10;11323578110;B
20241022;100048;132;210;11323578131;B
20241022;100048;132;990;11323578132;B
20241022;100048;132;10;11323578191;B
20241022;100048;131.98;200;11323578205;S
20241022;100048;131.98;100;11323578206;S
20241022;100048;131.98;50;11323578207;S
20241022;100048;131.98;150;11323578208;S
20241022;100048;132;400;11323578251;B
20241022;100048;132;30;11323578256;B
20241022;100049;132;100;11323578335;S
20241022;100049;131.98;300;11323578336;S
20241022;100049;131.96;100;11323578337;S
20241022;100049;131.98;60;11323578386;S
20241022;100051;132.14;10;11323578682;B
20241022;100051;132.16;50;11323578683;B
20241022;100051;132.18;10;11323578684;B
20241022;100051;132.28;10;11323578685;B
20241022;100051;132.28;540;11323578686;B
20241022;100051;132.3;100;11323578687;B
20241022;100051;132.3;30;11323578688;B
20241022;100051;132.12;20;11323578785;S
20241022;100051;132.34;200;11323578795;B
20241022;100053;132.2;50;11323579050;S
20241022;100053;132.18;650;11323579051;S
20241022;100054;132.26;20;11323579291;B
20241022;100054;132.28;20;11323579292;B
20241022;100054;132.34;150;11323579293;B
20241022;100054;132.36;250;11323579294;B
20241022;100054;132.38;60;11323579295;B
20241022;100055;132.38;30;11323579314;B
20241022;100055;132.2;20;11323579338;S
20241022;100055;132.2;70;11323579339;S
20241022;100056;132.22;10;11323579542;S
20241022;100056;132.2;90;11323579543;S
20241022;100056;132.22;10;11323579632;S
20241022;100056;132.2;310;11323579633;S
20241022;100058;132.3;600;11323580083;S
20241022;100058;132.26;10;11323580115;S
20241022;100058;132.26;40;11323580144;S
20241022;100058;132.24;100;11323580145;S
20241022;100058;132.24;80;11323580146;S
20241022;100058;132.2;10;11323580147;S
20241022;100058;132.2;10;11323580148;S
20241022;100058;132.2;70;11323580149;S
20241022;100058;132.18;600;11323580150;S
20241022;100058;132.16;20;11323580151;S
20241022;100058;132.14;50;11323580152;S
20241022;100058;132.12;20;11323580153;S
20241022;100059;132.14;50;11323580318;S
20241022;100059;132.12;120;11323580319;S
20241022;100059;132.08;60;11323580320;S
20241022;100059;132.06;190;11323580321;S
20241022;100059;132.06;70;11323580322;S
20241022;100100;132.22;200;11323580473;B
20241022;100100;132.24;50;11323580474;B
20241022;100100;132.26;20;11323580475;B
20241022;100100;132.3;380;11323580476;B
20241022;100100;132.1;30;11323580567;S
20241022;100100;132.08;10;11323580574;S
20241022;100101;132.2;20;11323580820;B
20241022;100102;132.1;10;11323580927;S
20241022;100102;132.1;40;11323580939;S
20241022;100102;132.1;200;11323580940;S
20241022;100102;132.08;370;11323580941;S
20241022;100102;132.08;40;11323580942;S
20241022;100102;132.06;930;11323580943;S
20241022;100102;132.06;420;11323580944;S
20241022;100104;132.1;10;11323581373;S
20241022;100104;132.06;90;11323581374;S
20241022;100105;132.06;50;11323581530;S
20241022;100105;132.14;200;11323581630;B
20241022;100105;132.16;80;11323581631;B
20241022;100105;132.16;50;11323581632;B
20241022;100105;132.18;670;11323581633;B
20241022;100108;132.16;10;11323582243;S
20241022;100108;132.18;290;11323582255;B
20241022;100108;132.12;10;11323582258;S
20241022;100108;132.1;230;11323582259;S
20241022;100111;132.18;10;11323582860;B
20241022;100111;132.12;50;11323582884;S
20241022;100113;132.1;300;11323583279;S
20241022;100114;132.14;10;11323583358;B
20241022;100114;132.18;20;11323583359;B
20241022;100115;132.18;10;11323583556;B
20241022;100115;132.18;10;11323583557;B
20241022;100115;132.18;10;11323583558;B
20241022;100115;132.18;50;11323583559;B
20241022;100115;132.2;20;11323583560;B
20241022;100116;132.16;10;11323583772;B
20241022;100116;132.2;20;11323583773;B
20241022;100117;132.2;30;11323583895;S
20241022;100118;132.2;10;11323584027;S
20241022;100118;132.2;20;11323584215;S
20241022;100118;132.2;30;11323584216;S
20241022;100118;132.12;50;11323584217;S
20241022;100118;132.1;100;11323584218;S
20241022;100119;132.16;10;11323584329;B
20241022;100119;132.2;20;11323584351;S
20241022;100119;132.12;70;11323584352;B
20241022;100119;132.12;60;11323584353;B
20241022;100120;132.18;40;11323584611;S
20241022;100120;132.18;30;11323584703;B
20241022;100121;132.18;10;11323584820;B
20241022;100121;132.2;20;11323584821;B
20241022;100121;132.2;30;11323584868;B
20241022;100121;132.22;90;11323584869;B
20241022;100121;132.22;60;11323584870;B
20241022;100121;132.22;540;11323584871;B
20241022;100121;132.24;500;11323584872;B
20241022;100121;132.26;10;11323584873;B
20241022;100121;132.26;170;11323584874;B
20241022;100123;132.24;20;11323585230;S
20241022;100123;132.22;30;11323585309;S
20241022;100124;132.14;50;11323585452;S
20241022;100124;132.14;50;11323585453;S
20241022;100125;132.14;150;11323585722;S
20241022;100125;132.14;200;11323585723;S
20241022;100125;132.12;30;11323585724;S
20241022;100125;132.12;540;11323585725;S
20241022;100125;132.12;60;11323585726;B
20241022;100125;132.12;20;11323585727;B
20241022;100126;132.1;140;11323585888;S
20241022;100126;132.1;10;11323585966;S
20241022;100126;132.1;2500;11323585967;S
20241022;100126;132.1;200;11323585968;S
20241022;100126;132.08;50;11323585969;S
20241022;100126;132.06;310;11323585970;S
20241022;100126;132.06;500;11323585971;S
20241022;100126;132.06;80;11323585972;S
20241022;100126;132.04;100;11323585973;S
20241022;100126;132.02;80;11323585974;S
20241022;100126;132.02;250;11323585975;S
20241022;100126;132.02;50;11323585976;S
20241022;100126;132.02;20;11323585977;S
20241022;100126;132.02;10;11323585978;S
20241022;100126;132.02;40;11323585979;S
20241022;100126;132.02;60;11323585980;S
20241022;100126;132;740;11323585981;S
20241022;100127;132;300;11323586315;S
20241022;100128;132.06;50;11323586333;B
20241022;100128;132.06;180;11323586334;B
20241022;100128;132;300;11323586340;S
20241022;100128;132;600;11323586342;S
20241022;100128;132;60;11323586423;S
20241022;100128;132;240;11323586424;S
20241022;100128;132.04;10;11323586521;B
20241022;100129;132;1210;11323586724;S
20241022;100129;132;10;11323586725;S
20241022;100129;132;280;11323586726;S
20241022;100130;132;1720;11323586775;S
20241022;100130;131.9;10;11323586776;S
20241022;100130;131.88;400;11323586777;S
20241022;100130;131.86;50;11323586778;S
20241022;100130;131.86;100;11323586779;S
20241022;100130;131.84;10;11323586780;S
20241022;100130;131.84;350;11323586781;S
20241022;100130;131.84;100;11323586782;S
20241022;100130;131.82;100;11323586783;S
20241022;100130;131.8;4000;11323586784;S
20241022;100130;131.8;300;11323586785;S
20241022;100130;131.78;960;11323586786;S
20241022;100131;131.76;40;11323587053;S
20241022;100131;131.86;50;11323587136;B
20241022;100132;131.8;600;11323587229;B
20241022;100132;131.84;10;11323587230;B
20241022;100132;131.86;390;11323587231;B
20241022;100133;131.74;10;11323587559;S
20241022;100134;131.84;100;11323587585;B
20241022;100134;131.96;50;11323587586;B
20241022;100134;131.88;100;11323587726;B
20241022;100135;131.78;10;11323587780;S
20241022;100135;131.78;10;11323587867;S
20241022;100136;131.96;60;11323587983;B
20241022;100136;131.98;90;11323587984;B
20241022;100136;132;10;11323587985;B
20241022;100136;132.04;20;11323587986;B
20241022;100136;132.04;70;11323587987;B
20241022;100137;131.8;90;11323588178;S
20241022;100138;131.94;100;11323588428;B
20241022;100140;131.88;5000;11323588734;S
20241022;100140;131.88;90;11323588735;S
20241022;100140;131.82;120;11323588736;B
20241022;100140;131.82;150;11323588737;B
20241022;100140;131.82;260;11323588738;B
20241022;100141;131.82;500;11323588885;B
20241022;100141;131.82;380;11323588942;B
20241022;100141;131.8;40;11323588943;S
20241022;100142;131.8;10;11323589096;B
20241022;100146;131.82;100;11323590072;B
20241022;100146;131.82;2000;11323590080;B
20241022;100146;131.82;20;11323590081;B
20241022;100146;131.82;20;11323590082;B
20241022;100146;131.82;20;11323590083;B
20241022;100147;131.82;970;11323590109;B
20241022;100147;131.82;30;11323590110;B
20241022;100147;131.82;10;11323590111;B
20241022;100147;131.9;10;11323590112;B
20241022;100147;131.82;40;11323590303;S
20241022;100148;131.82;200;11323590311;S
20241022;100148;131.82;80;11323590348;S
20241022;100148;131.8;40;11323590349;S
20241022;100148;131.8;380;11323590350;S
20241022;100148;131.82;20;11323590445;S
20241022;100148;131.8;1480;11323590446;S
20241022;100148;131.88;10;11323590450;B
20241022;100149;131.8;150;11323590780;S
20241022;100150;131.82;20;11323590882;B
20241022;100150;131.82;20;11323590883;B
20241022;100150;131.82;20;11323590884;B
20241022;100150;131.82;580;11323590920;B
20241022;100150;131.88;40;11323590921;B
20241022;100150;131.88;40;11323590922;B
20241022;100152;131.96;500;11323591264;B
20241022;100153;131.96;60;11323591477;B
20241022;100153;131.9;340;11323591523;S
20241022;100153;131.82;10;11323591524;S
20241022;100153;131.8;150;11323591525;S
20241022;100153;131.8;20;11323591554;S
20241022;100200;131.82;100;11323592865;S
20241022;100200;131.82;20;11323592901;S
20241022;100202;131.82;880;11323593282;S
20241022;100202;131.82;500;11323593283;S
20241022;100202;131.82;170;11323593284;S
20241022;100202;131.8;720;11323593285;S
20241022;100202;131.8;150;11323593286;S
20241022;100202;131.8;210;11323593287;S
20241022;100202;131.8;10;11323593288;S
20241022;100202;131.8;170;11323593289;S
20241022;100202;131.8;500;11323593290;S
20241022;100202;131.78;500;11323593291;S
20241022;100202;131.78;10;11323593292;S
20241022;100202;131.74;2300;11323593293;S
20241022;100202;131.7;100;11323593294;S
20241022;100202;131.7;60;11323593295;S
20241022;100202;131.68;350;11323593296;S
20241022;100202;131.68;500;11323593297;S
20241022;100202;131.68;1040;11323593298;S
20241022;100202;131.66;70;11323593299;S
20241022;100202;131.66;350;11323593300;S
20241022;100202;131.64;300;11323593301;S
20241022;100202;131.6;3100;11323593302;S
20241022;100203;131.6;30;11323593589;S
20241022;100203;131.72;860;11323593595;B
20241022;100203;131.74;40;11323593596;B
20241022;100204;131.72;540;11323593667;B
20241022;100204;131.74;460;11323593668;B
20241022;100205;131.8;10;11323593960;B
20241022;100212;131.78;100;11323595883;B
20241022;100212;131.72;10;11323595886;S
20241022;100213;131.7;10;11323596233;S
20241022;100213;131.7;10;11323596234;S
20241022;100213;131.68;230;11323596239;S
20241022;100213;131.68;70;11323596316;S
20241022;100213;131.66;430;11323596317;S
20241022;100213;131.66;40;11323596318;S
20241022;100213;131.64;520;11323596319;S
20241022;100214;131.64;20;11323596450;S
20241022;100214;131.64;210;11323596451;S
20241022;100214;131.62;200;11323596452;S
20241022;100214;131.62;210;11323596453;S
20241022;100214;131.64;110;11323596468;S
20241022;100214;131.68;140;11323596555;B
20241022;100214;131.64;50;11323596557;S
20241022;100214;131.62;790;11323596606;S
20241022;100214;131.6;870;11323596615;S
20241022;100214;131.6;50;11323596616;S
20241022;100214;131.6;70;11323596617;S
20241022;100215;131.6;60;11323596659;S
20241022;100215;131.6;50;11323596906;S
20241022;100215;131.6;320;11323597043;S
20241022;100215;131.6;1780;11323597044;S
20241022;100215;131.6;30;11323597045;S
20241022;100215;131.6;190;11323597065;S
20241022;100215;131.54;50;11323597071;S
20241022;100215;131.52;50;11323597072;S
20241022;100215;131.52;30;11323597073;S
20241022;100215;131.5;20;11323597074;S
20241022;100215;131.5;70;11323597075;S
20241022;100217;131.52;10;11323597763;S
20241022;100217;131.5;490;11323597764;S
20241022;100221;131.64;200;11323598673;B
20241022;100221;131.66;540;11323598674;B
20241022;100221;131.66;100;11323598675;B
20241022;100221;131.68;160;11323598676;B
20241022;100221;131.56;10;11323598677;S
20241022;100221;131.54;540;11323598678;S
20241022;100221;131.52;320;11323598679;S
20241022;100222;131.6;500;11323599075;B
20241022;100223;131.6;200;11323599386;S
20241022;100227;131.68;10;11323600177;B
20241022;100230;131.66;10;11323600692;S
20241022;100230;131.68;500;11323600741;B
20241022;100231;131.62;10;11323600890;S
20241022;100231;131.62;190;11323600958;B
20241022;100232;131.6;250;11323601121;S
20241022;100232;131.68;90;11323601222;B
20241022;100232;131.7;60;11323601223;B
20241022;100232;131.7;540;11323601224;B
20241022;100232;131.72;210;11323601225;B
20241022;100233;131.62;10;11323601358;S
20241022;100233;131.78;20;11323601403;B
20241022;100235;131.74;640;11323601835;S
20241022;100235;131.66;200;11323601836;S
20241022;100235;131.64;100;11323601837;S
20241022;100235;131.62;540;11323601838;S
20241022;100235;131.62;20;11323601839;S
20241022;100236;131.76;30;11323601959;B
20241022;100237;131.7;150;11323602159;S
20241022;100238;131.7;490;11323602291;S
20241022;100238;131.66;50;11323602292;S
20241022;100238;131.66;100;11323602293;B
20241022;100238;131.66;100;11323602294;B
20241022;100238;131.66;40;11323602295;B
20241022;100240;131.66;10;11323602578;B
20241022;100240;131.66;40;11323602611;B
20241022;100240;131.66;50;11323602683;B
20241022;100242;131.66;10;11323602935;B
20241022;100242;131.66;10;11323602936;B
20241022;100243;131.68;10;11323603346;S
20241022;100244;131.68;100;11323603551;S
20241022;100246;131.76;10;11323603932;B
20241022;100246;131.76;50;11323603933;B
20241022;100246;131.78;280;11323603934;B
20241022;100246;131.78;10;11323603935;B
20241022;100246;131.8;800;11323603936;B
20241022;100246;131.82;10;11323603937;B
20241022;100246;131.82;280;11323603938;B
20241022;100246;131.84;20;11323603939;B
20241022;100246;131.86;400;11323603940;B
20241022;100246;131.88;40;11323603941;B
20241022;100246;131.7;10;11323603989;S
20241022;100246;131.88;10;11323604031;B
20241022;100248;131.78;30;11323604531;B
20241022;100251;131.76;50;11323605024;B
20241022;100251;131.76;350;11323605025;B
20241022;100251;131.76;150;11323605237;B
20241022;100255;131.72;20;11323606132;S
20241022;100255;131.72;20;11323606133;S
20241022;100255;131.72;10;11323606134;S
20241022;100256;131.7;1000;11323606177;S
20241022;100256;131.74;200;11323606188;B
20241022;100256;131.74;10;11323606189;S
20241022;100258;131.74;10;11323606570;S
20241022;100258;131.74;10;11323606571;S
20241022;100259;131.76;100;11323606597;B
20241022;100259;131.74;10;11323606770;S
20241022;100300;131.74;20;11323606944;S
20241022;100301;131.76;650;11323606996;B
20241022;100301;131.76;90;11323606997;B
20241022;100301;131.78;260;11323606998;B
20241022;100302;131.78;10;11323607191;B
20241022;100305;131.76;30;11323607594;S
20241022;100305;131.74;20;11323607595;S
20241022;100306;131.76;10;11323607729;S
20241022;100306;131.74;190;11323607730;S
20241022;100308;131.78;20;11323607910;B
20241022;100311;131.78;10;11323608392;B
20241022;100311;131.78;10;11323608482;B
20241022;100312;131.78;1000;11323608664;B
20241022;100313;131.78;500;11323608797;B
20241022;100314;131.78;50;11323608890;B
20241022;100314;131.76;10;11323608907;S
20241022;100314;131.76;80;11323608908;S
20241022;100314;131.76;50;11323608909;S
20241022;100314;131.76;50;11323608910;S
20241022;100314;131.76;100;11323608911;S
20241022;100314;131.76;200;11323608912;S
20241022;100314;131.76;50;11323608913;B
20241022;100314;131.76;50;11323608962;B
20241022;100315;131.76;500;11323609056;B
20241022;100315;131.76;50;11323609057;B
20241022;100318;131.76;50;11323609961;B
20241022;100319;131.74;90;11323610119;S
20241022;100319;131.76;10;11323610173;B
20241022;100322;131.76;10;11323610955;B
20241022;100327;131.74;100;11323611893;S
20241022;100327;131.74;40;11323611969;S
20241022;100328;131.74;500;11323612130;S
20241022;100329;131.76;40;11323612174;B
20241022;100329;131.76;60;11323612175;B
20241022;100329;131.76;20;11323612183;B
20241022;100331;131.76;40;11323612479;B
20241022;100333;131.74;3800;11323612992;S
20241022;100333;131.74;150;11323612993;S
20241022;100333;131.74;50;11323612994;S
20241022;100334;131.72;140;11323613323;B
20241022;100336;131.7;10;11323613679;S
20241022;100336;131.7;40;11323613680;S
20241022;100336;131.7;200;11323613698;S
20241022;100336;131.7;220;11323613718;S
20241022;100336;131.68;80;11323613744;S
20241022;100337;131.62;60;11323614060;S
20241022;100337;131.6;50;11323614061;S
20241022;100337;131.6;160;11323614062;S
20241022;100337;131.6;30;11323614063;S
20241022;100339;131.64;170;11323614281;B
20241022;100339;131.66;90;11323614282;B
20241022;100339;131.68;460;11323614283;B
20241022;100339;131.68;90;11323614284;B
20241022;100339;131.7;190;11323614285;B
20241022;100339;131.6;10;11323614301;S
20241022;100339;131.7;1610;11323614327;B
20241022;100339;131.72;1140;11323614328;B
20241022;100339;131.72;100;11323614329;B
20241022;100339;131.74;100;11323614330;B
20241022;100339;131.76;280;11323614331;B
20241022;100339;131.76;350;11323614332;B
20241022;100339;131.78;1110;11323614333;B
20241022;100339;131.78;100;11323614334;B
20241022;100339;131.78;10;11323614335;B
20241022;100339;131.78;10;11323614336;B
20241022;100339;131.78;190;11323614337;B
20241022;100340;131.62;100;11323614384;S
20241022;100345;131.76;100;11323615106;B
20241022;100345;131.76;10;11323615107;B
20241022;100345;131.78;10;11323615108;B
20241022;100345;131.78;10;11323615155;B
20241022;100347;131.78;240;11323615343;B
20241022;100348;131.78;900;11323615475;B
20241022;100348;131.78;120;11323615476;B
20241022;100349;131.78;10;11323615649;B
20241022;100350;131.78;60;11323615840;B
20241022;100350;131.78;10;11323615911;B
20241022;100351;131.84;50;11323615937;B
20241022;100351;131.86;60;11323615938;B
20241022;100351;131.9;740;11323615939;B
20241022;100351;131.68;10;11323615946;S
20241022;100356;131.84;30;11323616707;B
20241022;100359;131.68;190;11323617210;S
20241022;100359;131.68;40;11323617211;S
20241022;100359;131.68;30;11323617212;S
20241022;100359;131.68;150;11323617213;S
20241022;100359;131.68;10;11323617214;S
20241022;100400;131.68;10;11323617286;S
20241022;100401;131.68;60;11323617399;S
20241022;100401;131.68;190;11323617400;S
20241022;100401;131.66;10;11323617401;S
20241022;100401;131.66;60;11323617402;S
20241022;100401;131.64;50;11323617403;S
20241022;100401;131.64;30;11323617404;S
20241022;100406;131.78;50;11323618391;B
20241022;100406;131.78;140;11323618392;B
20241022;100408;131.66;50;11323618729;S
20241022;100408;131.66;40;11323618730;S
20241022;100408;131.76;50;11323618735;B
20241022;100408;131.78;360;11323618736;B
20241022;100408;131.8;10;11323618737;B
20241022;100408;131.8;40;11323618738;B
20241022;100408;131.82;30;11323618739;B
20241022;100408;131.84;30;11323618740;B
20241022;100408;131.64;100;11323618779;S
20241022;100410;131.68;50;11323618981;S
20241022;100410;131.66;90;11323618982;S
20241022;100410;131.66;50;11323618983;S
20241022;100410;131.64;540;11323618984;S
20241022;100410;131.64;50;11323618985;S
20241022;100410;131.62;550;11323618986;S
20241022;100410;131.62;50;11323618987;S
20241022;100410;131.6;150;11323618988;S
20241022;100410;131.58;10;11323618989;S
20241022;100410;131.56;200;11323618990;S
20241022;100410;131.56;200;11323618991;S
20241022;100410;131.56;400;11323618992;S
20241022;100410;131.54;200;11323618993;S
20241022;100410;131.54;50;11323618994;S
20241022;100410;131.54;200;11323618995;S
20241022;100410;131.54;10;11323618996;S
20241022;100410;131.52;20;11323618997;S
20241022;100410;131.52;30;11323619052;S
20241022;100416;131.54;10;11323619845;S
20241022;100416;131.52;650;11323619846;S
20241022;100416;131.52;100;11323619847;S
20241022;100416;131.5;2440;11323619848;S
20241022;100416;131.5;20;11323619849;S
20241022;100416;131.5;10;11323619850;S
20241022;100416;131.5;10;11323619851;S
20241022;100416;131.5;210;11323619852;B
20241022;100416;131.5;250;11323619853;B
20241022;100416;131.5;40;11323619860;B
20241022;100416;131.5;10;11323619889;B
20241022;100417;131.5;10;11323619956;B
20241022;100421;131.48;10;11323620779;B
20241022;100422;131.5;150;11323620875;B
20241022;100423;131.5;50;11323620968;B
20241022;100423;131.46;150;11323621020;S
20241022;100424;131.46;80;11323621161;S
20241022;100424;131.44;10;11323621162;S
20241022;100424;131.44;10;11323621163;S
20241022;100424;131.4;50;11323621164;S
20241022;100424;131.36;200;11323621165;S
20241022;100424;131.36;500;11323621166;S
20241022;100424;131.34;50;11323621167;S
20241022;100424;131.5;20;11323621195;B
20241022;100424;131.34;10;11323621198;S
20241022;100424;131.4;40;11323621232;B
20241022;100424;131.4;180;11323621233;B
20241022;100424;131.4;120;11323621236;B
20241022;100425;131.5;150;11323621415;B
20241022;100425;131.5;700;11323621429;B
20241022;100426;131.5;170;11323621482;B
20241022;100426;131.52;170;11323621496;B
20241022;100426;131.52;40;11323621541;B
20241022;100426;131.54;20;11323621542;B
20241022;100427;131.58;640;11323621559;S
20241022;100427;131.5;830;11323621560;S
20241022;100427;131.42;50;11323621561;S
20241022;100427;131.4;10;11323621562;S
20241022;100427;131.4;300;11323621563;S
20241022;100427;131.38;770;11323621564;S
20241022;100427;131.38;100;11323621565;S
20241022;100427;131.36;20;11323621566;S
20241022;100427;131.36;200;11323621567;S
20241022;100427;131.34;1110;11323621568;S
20241022;100428;131.48;50;11323621844;B
20241022;100428;131.5;140;11323621845;B
20241022;100428;131.5;100;11323621846;B
20241022;100428;131.64;60;11323621847;B
20241022;100428;131.66;50;11323621848;B
20241022;100428;131.66;540;11323621849;B
20241022;100428;131.66;770;11323621850;B
20241022;100428;131.68;50;11323621851;B
20241022;100428;131.68;860;11323621852;B
20241022;100428;131.7;10;11323621853;B
20241022;100428;131.7;400;11323621854;B
20241022;100428;131.7;400;11323621855;B
20241022;100428;131.72;300;11323621856;B
20241022;100428;131.78;100;11323621857;B
20241022;100428;131.8;10;11323621858;B
20241022;100428;131.82;540;11323621859;B
20241022;100428;131.84;390;11323621860;B
20241022;100428;131.84;1610;11323621861;B
20241022;100429;131.6;360;11323621993;S
20241022;100430;131.58;80;11323622174;S
20241022;100431;131.78;50;11323622358;B
20241022;100431;131.78;200;11323622359;B
20241022;100431;131.8;10;11323622360;B
20241022;100431;131.86;80;11323622361;B
20241022;100431;131.88;160;11323622362;B
20241022;100433;131.66;90;11323622632;S
20241022;100441;131.7;50;11323624124;S
20241022;100441;131.7;200;11323624125;S
20241022;100441;131.68;50;11323624126;S
20241022;100441;131.68;50;11323624127;S
20241022;100441;131.68;50;11323624128;S
20241022;100441;131.66;20;11323624129;S
20241022;100442;131.8;300;11323624245;B
20241022;100442;131.8;600;11323624246;B
20241022;100442;131.8;100;11323624247;B
20241022;100443;131.84;40;11323624319;B
20241022;100443;131.86;300;11323624320;B
20241022;100443;131.86;40;11323624321;B
20241022;100443;131.9;60;11323624322;B
20241022;100443;131.9;30;11323624323;B
20241022;100443;131.9;10;11323624324;B
20241022;100443;131.92;250;11323624325;B
20241022;100443;131.96;170;11323624326;B
20241022;100445;131.8;20;11323624774;B
20241022;100446;131.86;50;11323624940;B
20241022;100446;131.88;100;11323624941;B
20241022;100446;131.88;100;11323624942;B
20241022;100447;131.88;100;11323625050;B
20241022;100447;131.9;300;11323625051;B
20241022;100447;131.9;40;11323625052;B
20241022;100447;131.92;40;11323625053;B
20241022;100447;131.96;20;11323625054;B
20241022;100447;131.94;250;11323625094;B
20241022;100448;131.94;50;11323625210;B
20241022;100448;131.96;60;11323625211;B
20241022;100448;131.98;20;11323625212;B
20241022;100448;131.98;50;11323625213;B
20241022;100448;131.98;660;11323625214;B
20241022;100448;132;30;11323625215;B
20241022;100448;132;80;11323625216;B
20241022;100448;132;50;11323625217;B
20241022;100449;131.92;100;11323625430;B
20241022;100449;131.98;20;11323625431;B
20241022;100450;131.98;50;11323625612;B
20241022;100452;131.84;10;11323625892;B
20241022;100452;131.84;10;11323625893;B
20241022;100457;131.94;40;11323626672;B
20241022;100458;131.9;30;11323626903;B
20241022;100459;131.9;20;11323627036;B
20241022;100502;131.9;10;11323627695;B
20241022;100504;131.9;40;11323627947;B
20241022;100504;131.94;250;11323627948;B
20241022;100504;131.94;20;11323627949;B
20241022;100504;131.96;300;11323627950;B
20241022;100504;131.98;380;11323627951;B
20241022;100505;131.92;100;11323628199;B
20241022;100505;131.94;150;11323628200;B
20241022;100505;131.96;300;11323628201;B
20241022;100505;131.96;30;11323628202;B
20241022;100505;131.98;100;11323628203;B
20241022;100507;131.84;50;11323628484;S
20241022;100507;131.84;100;11323628485;S
20241022;100507;131.82;60;11323628486;S
20241022;100507;131.8;180;11323628487;S
20241022;100507;131.78;110;11323628488;S
20241022;100511;131.9;200;11323629411;S
20241022;100512;131.9;10;11323629502;S
20241022;100513;131.9;710;11323629838;S
20241022;100515;131.9;80;11323630198;S
20241022;100515;131.86;50;11323630199;S
20241022;100515;131.82;50;11323630200;S
20241022;100515;131.78;70;11323630201;S
20241022;100515;131.78;70;11323630202;S
20241022;100522;131.78;20;11323631300;S
20241022;100522;131.78;30;11323631301;S
20241022;100522;131.76;90;11323631302;S
20241022;100522;131.76;50;11323631303;S
20241022;100522;131.74;180;11323631304;S
20241022;100522;131.72;50;11323631305;S
20241022;100522;131.72;50;11323631306;S
20241022;100522;131.72;470;11323631307;S
20241022;100522;131.7;620;11323631308;S
20241022;100522;131.84;200;11323631448;B
20241022;100522;131.86;100;11323631449;B
20241022;100522;131.86;200;11323631450;B
20241022;100524;131.82;50;11323631775;B
20241022;100526;131.78;40;11323632061;B
20241022;100528;131.78;40;11323632400;B
20241022;100531;131.78;280;11323632867;B
20241022;100535;131.78;540;11323633558;B
20241022;100535;131.84;50;11323633559;B
20241022;100535;131.84;30;11323633560;B
20241022;100535;131.86;280;11323633561;B
20241022;100535;131.88;100;11323633562;B
20241022;100539;131.76;10;11323634319;S
20241022;100541;131.76;10;11323634670;S
20241022;100541;131.76;190;11323634671;S
20241022;100546;131.86;140;11323635519;B
20241022;100546;131.86;30;11323635520;B
20241022;100546;131.88;10;11323635521;B
20241022;100548;131.76;190;11323635784;S
20241022;100550;131.8;10;11323636111;S
20241022;100553;131.8;40;11323636588;S
20241022;100554;131.86;10;11323636730;B
20241022;100555;131.8;450;11323636826;S
20241022;100555;131.8;200;11323636827;S
20241022;100555;131.8;10;11323636828;S
20241022;100555;131.78;40;11323636829;S
20241022;100555;131.76;620;11323636830;S
20241022;100555;131.76;10;11323636831;S
20241022;100555;131.76;100;11323636832;S
20241022;100555;131.76;40;11323636833;S
20241022;100555;131.76;140;11323636834;S
20241022;100558;131.7;300;11323637273;S
20241022;100558;131.7;80;11323637274;S
20241022;100558;131.7;20;11323637275;S
20241022;100558;131.7;60;11323637276;S
20241022;100558;131.68;40;11323637277;S
20241022;100607;131.7;20;11323638912;B
20241022;100610;131.66;30;11323639541;S
20241022;100610;131.66;20;11323639542;B
20241022;100610;131.66;160;11323639543;B
20241022;100611;131.64;250;11323639656;S
20241022;100611;131.66;80;11323639693;B
20241022;100612;131.64;50;11323639884;S
20241022;100614;131.66;60;11323640047;B
20241022;100619;131.64;200;11323640856;S
20241022;100620;131.62;100;11323641008;S
20241022;100620;131.6;20;11323641009;S
20241022;100620;131.6;100;11323641010;S
20241022;100620;131.6;30;11323641011;S
20241022;100620;131.6;200;11323641012;S
20241022;100620;131.56;110;11323641013;S
20241022;100620;131.56;100;11323641014;S
20241022;100621;131.58;10;11323641206;B
20241022;100624;131.58;10;11323641657;B
20241022;100628;131.62;20;11323642107;B
20241022;100636;131.62;50;11323643410;B
20241022;100642;131.62;90;11323644638;B
20241022;100642;131.62;10;11323644639;B
20241022;100642;131.62;510;11323644640;B
20241022;100642;131.64;800;11323644641;B
20241022;100642;131.64;300;11323644642;B
20241022;100642;131.66;100;11323644643;B
20241022;100642;131.66;20;11323644644;B
20241022;100642;131.7;80;11323644645;B
20241022;100642;131.7;1000;11323644646;B
20241022;100642;131.7;20;11323644647;B
20241022;100642;131.7;70;11323644648;B
20241022;100642;131.72;100;11323644649;B
20241022;100642;131.76;1890;11323644650;B
20241022;100642;131.76;10;11323644651;B
20241022;100646;131.76;150;11323645235;B
20241022;100646;131.84;120;11323645236;B
20241022;100646;131.84;60;11323645237;B
20241022;100646;131.86;520;11323645238;B
20241022;100646;131.88;20;11323645239;B
20241022;100646;131.88;30;11323645240;B
20241022;100649;131.86;60;11323645717;B
20241022;100649;131.88;970;11323645718;B
20241022;100649;131.9;940;11323645719;B
20241022;100651;131.9;60;11323646157;B
20241022;100651;131.9;200;11323646158;B
20241022;100653;131.88;20;11323646294;S
20241022;100655;131.9;300;11323646655;B
20241022;100657;131.96;60;11323646909;B
20241022;100657;131.98;310;11323646910;B
20241022;100657;131.98;210;11323646979;B
20241022;100657;131.98;70;11323646980;B
20241022;100657;131.98;220;11323646981;B
20241022;100658;131.98;30;11323647039;B
20241022;100658;132;10;11323647040;B
20241022;100658;132;100;11323647041;B
20241022;100658;132;20;11323647042;B
20241022;100658;132;40;11323647043;B
20241022;100658;132;430;11323647044;B
20241022;100658;132;30;11323647045;B
20241022;100704;131.98;20;11323648240;S
20241022;100704;131.98;80;11323648284;S
20241022;100704;131.98;100;11323648285;S
20241022;100704;131.98;10;11323648286;S
20241022;100705;132;540;11323648435;B
20241022;100705;132;20;11323648436;B
20241022;100705;132;210;11323648437;B
20241022;100705;132;870;11323648438;B
20241022;100706;132;130;11323648548;B
20241022;100706;132;240;11323648549;B
20241022;100708;131.98;90;11323649028;S
20241022;100708;131.98;210;11323649029;S
20241022;100708;131.94;140;11323649030;S
20241022;100708;131.92;100;11323649031;S
20241022;100708;131.9;700;11323649032;S
20241022;100708;131.9;180;11323649033;S
20241022;100708;131.9;10;11323649034;B
20241022;100709;131.9;20;11323649120;B
20241022;100711;131.9;550;11323649421;B
20241022;100711;131.94;140;11323649422;B
20241022;100711;131.96;140;11323649423;B
20241022;100711;131.98;250;11323649424;B
20241022;100711;132;740;11323649425;B
20241022;100712;132;20;11323649640;B
20241022;100712;132;10;11323649641;B
20241022;100712;132;1000;11323649642;B
20241022;100712;132;10;11323649643;B
20241022;100712;132.02;70;11323649644;B
20241022;100712;132.02;30;11323649645;B
20241022;100712;132.02;300;11323649646;B
20241022;100712;132.08;60;11323649647;B
20241022;100714;132.06;120;11323650135;B
20241022;100718;132.06;50;11323651001;B
20241022;100726;132.06;60;11323652605;B
20241022;100731;131.96;10;11323653404;S
20241022;100731;131.94;10;11323653405;S
20241022;100731;131.92;50;11323653406;S
20241022;100731;131.92;10;11323653407;S
20241022;100740;132.04;250;11323654720;B
20241022;100740;132.04;200;11323654721;B
20241022;100740;132.04;80;11323654722;B
20241022;100740;132.06;20;11323654723;B
20241022;100740;132.06;500;11323654724;B
20241022;100740;132.06;200;11323654725;B
20241022;100740;132.06;80;11323654726;B
20241022;100740;132.08;100;11323654727;B
20241022;100740;132.08;40;11323654728;B
20241022;100740;132.08;780;11323654729;B
20241022;100740;132.08;170;11323654730;B
20241022;100744;131.96;50;11323655335;S
20241022;100744;131.96;140;11323655336;S
20241022;100748;132.06;50;11323656248;B
20241022;100748;132.06;50;11323656249;B
20241022;100748;132.08;30;11323656267;B
20241022;100748;132.08;300;11323656400;B
20241022;100748;132.08;200;11323656401;B
20241022;100749;132.12;20;11323656437;B
20241022;100749;132.16;100;11323656438;B
20241022;100749;132.16;200;11323656439;B
20241022;100749;132.16;180;11323656440;B
20241022;100753;132.08;10;11323657175;B
20241022;100753;132.1;10;11323657176;B
20241022;100753;132;40;11323657199;S
20241022;100753;132;10;11323657200;S
20241022;100801;131.98;10;11323658746;B
20241022;100803;131.96;10;11323659124;S
20241022;100803;131.98;40;11323659208;B
20241022;100803;132;10;11323659209;B
20241022;100803;132;30;11323659210;B
20241022;100803;132.02;20;11323659211;B
20241022;100803;132.02;10;11323659212;B
20241022;100803;132.02;30;11323659213;B
20241022;100803;132.06;50;11323659214;B
20241022;100803;132.06;100;11323659215;B
20241022;100803;132.08;50;11323659216;B
20241022;100803;132.1;160;11323659217;B
20241022;100810;132;10;11323660868;S
20241022;100811;132;40;11323660980;S
20241022;100811;132;1960;11323660981;S
20241022;100811;132;380;11323661130;S
20241022;100814;132.02;40;11323661576;B
20241022;100814;132.02;300;11323661577;B
20241022;100814;132.02;140;11323661578;B
20241022;100814;132.04;40;11323661579;B
20241022;100814;131.98;50;11323661617;S
20241022;100814;131.98;300;11323661626;B
20241022;100814;132;5700;11323661627;B
20241022;100814;132;100;11323661628;B
20241022;100814;132;130;11323661629;B
20241022;100814;132.02;130;11323661630;B
20241022;100814;132.04;10;11323661631;B
20241022;100814;132.04;350;11323661632;B
20241022;100814;132.06;3780;11323661633;B
20241022;100814;132.06;10;11323661634;B
20241022;100814;132.08;20;11323661635;B
20241022;100814;132.08;2000;11323661636;B
20241022;100814;132.1;330;11323661637;B
20241022;100814;132.1;1000;11323661638;B
20241022;100814;132.14;3000;11323661639;B
20241022;100814;132.16;250;11323661640;B
20241022;100814;132.16;100;11323661641;B
20241022;100814;132.16;40;11323661642;B
20241022;100814;132.18;200;11323661643;B
20241022;100814;132.18;50;11323661644;B
20241022;100814;132.2;170;11323661645;B
20241022;100814;132.2;10;11323661646;B
20241022;100814;132.2;10;11323661647;B
20241022;100814;132.2;300;11323661648;B
20241022;100814;132.2;2620;11323661649;S
20241022;100814;132.2;3080;11323661650;S
20241022;100814;132.2;3540;11323661651;S
20241022;100814;132.2;700;11323661652;S
20241022;100814;132.2;200;11323661653;S
20241022;100816;132.22;40;11323661813;B
20241022;100819;132.2;1870;11323662180;S
20241022;100819;132.16;250;11323662181;S
20241022;100819;132.14;250;11323662182;S
20241022;100819;132;60;11323662183;S
20241022;100819;132;50;11323662184;S
20241022;100819;131.98;540;11323662185;S
20241022;100819;131.96;40;11323662186;S
20241022;100819;131.96;180;11323662187;S
20241022;100819;131.94;50;11323662188;S
20241022;100819;131.94;210;11323662189;S
20241022;100820;132.14;160;11323662365;B
20241022;100820;132.16;540;11323662366;B
20241022;100820;132.16;80;11323662367;B
20241022;100820;132.16;300;11323662368;B
20241022;100820;132.18;100;11323662369;B
20241022;100820;132.2;210;11323662370;B
20241022;100820;132.22;10;11323662371;B
20241022;100820;132.22;90;11323662372;B
20241022;100823;132.18;90;11323662771;B
20241022;100826;132.18;10;11323663181;B
20241022;100830;132.16;10;11323663754;B
20241022;100837;132.06;20;11323664788;S
20241022;100838;132.06;180;11323664918;S
20241022;100838;132.06;540;11323664919;S
20241022;100838;132.04;60;11323664920;S
20241022;100838;132.04;10;11323664921;S
20241022;100838;132.04;860;11323664922;S
20241022;100838;132.02;60;11323664923;S
20241022;100838;132;200;11323664924;S
20241022;100838;131.98;2090;11323664925;S
20241022;100840;132.1;10;11323665061;B
20241022;100842;132;180;11323665247;S
20241022;100844;132.04;50;11323665515;B
20241022;100844;132.06;350;11323665516;B
20241022;100844;132.06;80;11323665517;B
20241022;100844;132.08;40;11323665518;B
20241022;100844;132.1;40;11323665519;B
20241022;100844;132.1;150;11323665520;B
20241022;100844;132.1;50;11323665521;B
20241022;100844;132.12;50;11323665522;B
20241022;100844;132.14;230;11323665523;B
20241022;100844;132.04;10;11323665545;B
20241022;100848;132.14;310;11323666198;B
20241022;100848;132.16;100;11323666199;B
20241022;100848;132.16;420;11323666200;B
20241022;100857;132.08;50;11323667933;S
20241022;100857;132.04;50;11323667934;S
20241022;100857;132.04;320;11323667935;S
20241022;100901;132.1;10;11323668510;B
20241022;100901;132.04;230;11323668597;S
20241022;100901;132.02;540;11323668598;S
20241022;100901;132.02;50;11323668599;S
20241022;100901;132;10;11323668600;S
20241022;100901;132;70;11323668601;S
20241022;100904;132.08;100;11323669205;B
20241022;100910;132.04;50;11323670341;B
20241022;100910;132.04;10;11323670342;B
20241022;100910;132.06;50;11323670343;B
20241022;100910;132.06;100;11323670344;B
20241022;100910;132.06;190;11323670345;B
20241022;100918;132.06;350;11323671965;B
20241022;100918;132.08;50;11323671966;B
20241022;100918;132.02;150;11323671992;S
20241022;100918;132.02;370;11323671993;S
20241022;100918;132;390;11323671994;S
20241022;100918;132.1;150;11323671995;B
20241022;100919;132;40;11323672136;S
20241022;100919;132;400;11323672137;S
20241022;100928;132;40;11323673328;S
20241022;100928;132.02;50;11323673412;S
20241022;100929;132.02;140;11323673581;S
20241022;100929;132;60;11323673582;S
20241022;100930;132.02;20;11323673736;S
20241022;100933;132;250;11323674162;S
20241022;100933;132;140;11323674357;S
20241022;100934;132;240;11323674470;S
20241022;100934;132;10;11323674471;S
20241022;100935;132;1000;11323674529;S
20241022;100936;132;400;11323674765;B
20241022;100936;132;300;11323674766;B
20241022;100936;132;100;11323674767;B
20241022;100937;132.04;30;11323674849;B
20241022;100937;132;600;11323674861;S
20241022;100938;132.04;70;11323674968;B
20241022;100938;132;100;11323675055;S
20241022;100939;132;100;11323675139;S
20241022;100939;132;100;11323675155;S
20241022;100940;132;100;11323675168;S
20241022;100940;132;100;11323675205;S
20241022;100940;132;100;11323675230;S
20241022;100940;132;50;11323675281;S
20241022;100941;132;100;11323675342;S
20241022;100941;132;100;11323675356;S
20241022;100942;132;100;11323675467;S
20241022;100942;132;100;11323675561;S
20241022;100943;132;100;11323675647;S
20241022;100947;132.06;100;11323676204;B
20241022;100947;132.06;110;11323676205;B
20241022;100947;132.08;540;11323676206;B
20241022;100947;132.1;250;11323676207;B
20241022;100948;132.1;10;11323676231;B
20241022;100949;132.04;190;11323676321;S
20241022;100949;132.04;130;11323676322;S
20241022;100949;132.02;50;11323676323;S
20241022;100949;132.02;300;11323676431;S
20241022;100950;132.02;90;11323676475;S
20241022;100950;132.08;170;11323676484;B
20241022;100950;132.1;80;11323676485;B
20241022;100951;132.02;10;11323676642;S
20241022;100952;132.02;20;11323676764;S
20241022;100954;132.1;510;11323677107;B
20241022;100954;132.1;20;11323677108;B
20241022;100954;132.12;20;11323677109;B
20241022;100954;132.12;420;11323677110;B
20241022;100954;132.14;50;11323677111;B
20241022;100954;132.14;730;11323677112;B
20241022;100954;132.14;60;11323677113;B
20241022;100954;132.16;2000;11323677114;B
20241022;100954;132.16;100;11323677115;B
20241022;100954;132.16;100;11323677116;B
20241022;100954;132.18;150;11323677117;B
20241022;100954;132.18;300;11323677118;B
20241022;100954;132.18;100;11323677119;B
20241022;100954;132.2;10;11323677120;B
20241022;100954;132.2;200;11323677121;B
20241022;100954;132.2;20;11323677122;B
20241022;100954;132.2;100;11323677123;B
20241022;100954;132.2;20;11323677124;B
20241022;100954;132.2;1090;11323677125;B
20241022;100955;132.18;60;11323677383;B
20241022;100957;132.08;200;11323677552;S
20241022;100957;132.08;100;11323677553;S
20241022;100957;132.06;200;11323677554;S
20241022;101002;132.06;40;11323678602;S
20241022;101007;132.16;80;11323679131;B
20241022;101011;132.06;300;11323679780;S
20241022;101011;132.04;460;11323679781;S
20241022;101011;132.04;80;11323679782;S
20241022;101011;132.02;200;11323679783;S
20241022;101011;132.02;540;11323679784;S
20241022;101011;132.02;60;11323679785;S
20241022;101011;132.02;80;11323679786;S
20241022;101011;132;2450;11323679787;S
20241022;101011;132;830;11323679788;S
20241022;101011;132;170;11323679790;S
20241022;101011;132;470;11323679791;S
20241022;101011;131.98;460;11323679792;S
20241022;101011;132.02;460;11323679793;S
20241022;101011;131.98;340;11323679794;S
20241022;101011;131.98;1110;11323679795;S
20241022;101011;131.98;10;11323679796;S
20241022;101011;131.96;80;11323679797;S
20241022;101011;131.94;400;11323679798;S
20241022;101011;131.94;80;11323679799;S
20241022;101011;131.92;200;11323679800;S
20241022;101011;131.9;50;11323679801;S
20241022;101011;131.9;10;11323679802;S
20241022;101011;131.9;1160;11323679803;S
20241022;101015;132.02;50;11323680996;B
20241022;101015;132.02;150;11323680997;B
20241022;101015;132.04;400;11323680998;B
20241022;101015;132.04;150;11323680999;B
20241022;101015;132.06;860;11323681000;B
20241022;101015;132.08;60;11323681001;B
20241022;101015;132.1;300;11323681002;B
20241022;101015;132.14;50;11323681003;B
20241022;101015;132.14;540;11323681004;B
20241022;101015;132.14;100;11323681005;B
20241022;101015;132.16;50;11323681006;B
20241022;101015;132.18;390;11323681007;B
20241022;101015;132.2;1910;11323681008;B
20241022;101015;132.2;1500;11323681009;B
20241022;101015;132.2;500;11323681010;B
20241022;101015;132.22;910;11323681011;B
20241022;101015;132.22;10;11323681012;B
20241022;101015;132.22;140;11323681013;B
20241022;101015;132.22;50;11323681014;B
20241022;101015;132.22;1000;11323681015;B
20241022;101015;132.24;4400;11323681016;B
20241022;101015;132.24;250;11323681017;B
20241022;101015;132.24;20;11323681018;B
20241022;101015;132.24;10;11323681019;B
20241022;101015;132.26;10;11323681020;B
20241022;101015;132.26;100;11323681021;B
20241022;101015;132.3;40;11323681022;B
20241022;101015;132.3;30;11323681023;B
20241022;101015;132.3;10;11323681024;B
20241022;101015;132.32;1000;11323681025;B
20241022;101015;132.34;50;11323681026;B
20241022;101015;132.34;50;11323681027;B
20241022;101015;132.36;100;11323681028;B
20241022;101015;132.4;30;11323681029;B
20241022;101015;132.4;50;11323681030;B
20241022;101015;132.4;10;11323681031;S
20241022;101015;132.4;340;11323681032;S
20241022;101015;132.4;230;11323681033;S
20241022;101026;132.04;50;11323682570;S
20241022;101026;132.02;50;11323682571;S
20241022;101026;132;3280;11323682572;B
20241022;101026;132;620;11323682573;B
20241022;101028;132.2;150;11323682781;B
20241022;101028;132.02;150;11323682929;S
20241022;101028;132.02;100;11323682930;S
20241022;101028;132;50;11323682931;S
20241022;101028;132;100;11323682932;S
20241022;101028;132;2660;11323682933;B
20241022;101028;132;940;11323682934;B
20241022;101030;132;3510;11323683126;B
20241022;101030;132;10;11323683170;B
20241022;101030;132;10;11323683171;B
20241022;101030;132;10;11323683172;B
20241022;101032;132;90;11323683511;B
20241022;101039;132;30;11323684583;B
20241022;101047;132;340;11323685649;B
20241022;101047;132;260;11323685650;B
20241022;101051;132;30;11323686097;B
20241022;101058;131.94;60;11323687280;S
20241022;101058;131.92;190;11323687281;S
20241022;101058;131.9;1920;11323687282;S
20241022;101058;131.9;170;11323687283;S
20241022;101058;131.84;60;11323687284;S
20241022;101105;131.82;60;11323688295;S
20241022;101105;131.8;10;11323688296;S
20241022;101105;131.8;10;11323688297;S
20241022;101112;131.8;40;11323689583;S
20241022;101112;131.8;40;11323689584;S
20241022;101116;131.72;100;11323690180;S
20241022;101116;131.7;430;11323690181;S
20241022;101116;131.7;100;11323690182;S
20241022;101116;131.68;200;11323690183;S
20241022;101116;131.68;10;11323690184;S
20241022;101116;131.68;340;11323690185;S
20241022;101116;131.68;300;11323690186;S
20241022;101116;131.66;280;11323690187;S
20241022;101116;131.64;200;11323690188;S
20241022;101116;131.64;250;11323690189;S
20241022;101116;131.62;250;11323690190;S
20241022;101116;131.62;660;11323690191;S
20241022;101116;131.6;10;11323690192;S
20241022;101116;131.6;10;11323690193;S
20241022;101116;131.6;400;11323690194;S
20241022;101116;131.58;90;11323690195;S
20241022;101116;131.58;80;11323690196;S
20241022;101132;131.78;10;11323692434;B
20241022;101134;131.68;40;11323692631;S
20241022;101134;131.66;10;11323692632;S
20241022;101140;131.8;10;11323693197;B
20241022;101151;131.8;110;11323694718;B
20241022;101151;131.82;50;11323694719;B
20241022;101152;131.88;30;11323694855;B
20241022;101152;131.82;50;11323694921;S
20241022;101152;131.8;10;11323694922;S
20241022;101159;131.74;300;11323695836;S
20241022;101159;131.74;150;11323695837;S
20241022;101200;131.88;10;11323696016;B
20241022;101208;131.88;40;11323697167;B
20241022;101210;131.8;30;11323697464;B
20241022;101211;131.8;10;11323697662;B
20241022;101212;131.74;10;11323697719;S
20241022;101212;131.74;40;11323697720;S
20241022;101213;131.8;60;11323697919;B
20241022;101216;131.74;90;11323698173;S
20241022;101216;131.74;60;11323698174;S
20241022;101229;131.8;320;11323700377;B
20241022;101231;131.76;70;11323700699;S
20241022;101231;131.74;240;11323700700;S
20241022;101231;131.74;50;11323700701;S
20241022;101231;131.74;40;11323700702;S
20241022;101234;131.76;30;11323700992;S
20241022;101234;131.74;300;11323700993;S
20241022;101234;131.74;40;11323700994;B
20241022;101234;131.74;30;11323700995;B
20241022;101237;131.76;50;11323701460;B
20241022;101237;131.76;10;11323701461;B
20241022;101251;131.76;220;11323703067;B
20241022;101254;131.76;120;11323703416;B
20241022;101254;131.76;10;11323703417;B
20241022;101254;131.76;220;11323703418;B
20241022;101255;131.78;10;11323703468;S
20241022;101307;131.8;20;11323704844;S
20241022;101317;131.88;10;11323706336;B
20241022;101345;131.88;50;11323710243;B
20241022;101352;131.88;80;11323711025;S
20241022;101353;131.88;920;11323711124;S
20241022;101353;131.86;70;11323711125;S
20241022;101353;131.84;60;11323711126;S
20241022;101355;131.82;50;11323711518;S
20241022;101358;131.8;100;11323711803;S
20241022;101403;131.82;50;11323712438;S
20241022;101403;131.8;400;11323712439;S
20241022;101403;131.8;50;11323712440;S
20241022;101404;131.84;10;11323712523;B
20241022;101407;131.82;40;11323713142;B
20241022;101408;131.8;30;11323713153;S
20241022;101408;131.78;20;11323713154;S
20241022;101408;131.88;20;11323713232;B
20241022;101413;131.88;10;11323713930;B
20241022;101414;131.88;170;11323713964;S
20241022;101416;131.9;40;11323714245;B
20241022;101417;131.88;100;11323714502;S
20241022;101422;131.9;10;11323715043;B
20241022;101423;131.88;50;11323715178;S
20241022;101423;131.9;610;11323715180;B
20241022;101423;131.94;40;11323715181;B
20241022;101423;131.96;40;11323715182;B
20241022;101423;131.98;400;11323715183;B
20241022;101423;132;300;11323715184;B
20241022;101423;132;500;11323715185;B
20241022;101423;132;20;11323715186;B
20241022;101423;132;10;11323715187;B
20241022;101423;132;200;11323715188;B
20241022;101423;132.04;460;11323715189;B
20241022;101423;132.06;100;11323715190;B
20241022;101423;132.06;3000;11323715191;B
20241022;101423;132.1;40;11323715192;B
20241022;101423;132.12;100;11323715193;B
20241022;101423;132.12;300;11323715194;B
20241022;101423;132.16;100;11323715195;B
20241022;101423;132.16;100;11323715196;B
20241022;101423;132.2;20;11323715197;B
20241022;101423;132.24;100;11323715198;B
20241022;101423;132.26;100;11323715199;B
20241022;101423;132.28;1500;11323715200;B
20241022;101423;132.36;100;11323715201;B
20241022;101423;132.36;460;11323715202;B
20241022;101423;132.38;840;11323715203;B
20241022;101423;132.4;20;11323715204;B
20241022;101423;132.4;20;11323715205;B
20241022;101423;132.4;50;11323715206;B
20241022;101423;132.4;100;11323715207;B
20241022;101423;132.4;370;11323715208;B
20241022;101425;132.04;40;11323715367;S
20241022;101427;132.08;420;11323715640;S
20241022;101427;132.08;50;11323715641;S
20241022;101427;132.06;50;11323715642;S
20241022;101427;132.06;310;11323715643;S
20241022;101435;132.24;10;11323717002;B
20241022;101437;132.08;210;11323717267;S
20241022;101437;132.04;160;11323717268;B
20241022;101437;132.02;10;11323717269;S
20241022;101442;132.18;10;11323717884;B
20241022;101442;132.24;10;11323717885;B
20241022;101442;132.24;130;11323717886;B
20241022;101442;132.18;10;11323717972;S
20241022;101443;132.26;100;11323718015;B
20241022;101443;132.3;70;11323718016;B
20241022;101443;132.32;70;11323718017;B
20241022;101443;132.34;10;11323718018;B
20241022;101443;132.36;100;11323718019;B
20241022;101443;132.36;760;11323718020;B
20241022;101443;132.38;50;11323718021;B
20241022;101443;132.38;50;11323718022;B
20241022;101443;132.38;290;11323718023;B
20241022;101443;132.22;10;11323718138;S
20241022;101445;132.26;10;11323718436;S
20241022;101445;132.26;10;11323718568;S
20241022;101451;132.38;10;11323719588;B
20241022;101451;132.38;380;11323719589;B
20241022;101451;132.38;110;11323719590;B
20241022;101454;132.36;200;11323720196;B
20241022;101454;132.38;50;11323720197;B
20241022;101454;132.38;30;11323720198;B
20241022;101454;132.38;300;11323720199;B
20241022;101454;132.4;1080;11323720200;B
20241022;101454;132.42;250;11323720201;B
20241022;101454;132.42;200;11323720202;B
20241022;101454;132.42;50;11323720203;B
20241022;101454;132.44;20;11323720204;B
20241022;101454;132.44;240;11323720205;B
20241022;101454;132.44;400;11323720206;B
20241022;101454;132.46;10;11323720207;B
20241022;101454;132.46;10;11323720208;B
20241022;101454;132.48;180;11323720209;B
20241022;101454;132.5;10;11323720210;B
20241022;101454;132.5;1970;11323720211;B
20241022;101455;132.32;20;11323720412;S
20241022;101500;132.46;100;11323721228;B
20241022;101500;132.48;300;11323721229;B
20241022;101500;132.5;30;11323721230;B
20241022;101500;132.52;70;11323721231;B
20241022;101507;132.34;30;11323722565;S
20241022;101508;132.46;30;11323722794;B
20241022;101508;132.46;50;11323722795;B
20241022;101508;132.46;180;11323722796;S
20241022;101508;132.46;140;11323722797;S
20241022;101509;132.46;20;11323722949;B
20241022;101509;132.48;100;11323722950;B
20241022;101509;132.48;180;11323722951;B
20241022;101514;132.46;50;11323724893;B
20241022;101515;132.4;10;11323725266;S
20241022;101516;132.44;10;11323725493;B
20241022;101516;132.46;150;11323725494;B
20241022;101516;132.46;50;11323725495;B
20241022;101516;132.48;40;11323725496;B
20241022;101516;132.48;50;11323725497;B
20241022;101524;132.34;10;11323727880;S
20241022;101525;132.44;250;11323728256;B
20241022;101527;132.4;10;11323728841;S
20241022;101529;132.36;10;11323729481;S
20241022;101530;132.36;60;11323729633;S
20241022;101531;132.38;10;11323729763;B
20241022;101531;132.4;50;11323729764;B
20241022;101531;132.44;10;11323729765;B
20241022;101531;132.46;300;11323729766;B
20241022;101531;132.48;150;11323729767;B
20241022;101531;132.48;10;11323729768;B
20241022;101532;132.38;10;11323730034;B
20241022;101532;132.38;10;11323730139;S
20241022;101532;132.38;30;11323730140;S
20241022;101533;132.36;30;11323730286;S
20241022;101533;132.36;100;11323730287;S
20241022;101533;132.34;10;11323730290;S
20241022;101534;132.34;50;11323730541;S
20241022;101535;132.34;10;11323730788;B
20241022;101536;132.36;10;11323730822;B
20241022;101536;132.32;10;11323730892;S
20241022;101536;132.32;10;11323730955;S
20241022;101537;132.36;30;11323731013;S
20241022;101537;132.36;170;11323731014;S
20241022;101538;132.36;500;11323731302;B
20241022;101538;132.36;80;11323731303;B
20241022;101538;132.38;420;11323731304;B
20241022;101539;132.32;10;11323731606;S
20241022;101540;132.32;20;11323731728;S
20241022;101541;132.32;20;11323731869;S
20241022;101541;132.36;10;11323731910;B
20241022;101541;132.38;130;11323731911;B
20241022;101541;132.38;10;11323732033;B
20241022;101541;132.38;10;11323732052;B
20241022;101545;132.32;30;11323732858;S
20241022;101545;132.36;20;11323732862;B
20241022;101546;132.28;20;11323733086;S
20241022;101547;132.28;10;11323733240;S
20241022;101547;132.28;10;11323733294;S
20241022;101548;132.34;10;11323733395;B
20241022;101548;132.36;10;11323733396;B
20241022;101550;132.28;30;11323734030;S
20241022;101550;132.34;10;11323734100;B
20241022;101552;132.34;10;11323734505;B
20241022;101554;132.28;30;11323735008;S
20241022;101554;132.28;10;11323735009;S
20241022;101554;132.28;10;11323735010;S
20241022;101555;132.32;10;11323735161;B
20241022;101555;132.34;100;11323735162;B
20241022;101555;132.36;1680;11323735163;B
20241022;101557;132.34;10;11323735647;B
20241022;101557;132.36;10;11323735648;B
20241022;101558;132.24;10;11323735725;S
20241022;101559;132.26;20;11323735871;S
20241022;101603;132.26;10;11323736716;S
20241022;101603;132.22;100;11323736717;S
20241022;101605;132.34;10;11323737521;B
20241022;101605;132.34;80;11323737522;B
20241022;101613;132.3;10;11323741087;B
20241022;101613;132.32;80;11323741088;B
20241022;101613;132.34;500;11323741089;B
20241022;101613;132.34;390;11323741090;S
20241022;101618;132.34;750;11323743256;S
20241022;101629;132.24;10;11323745811;B
20241022;101629;132.32;60;11323745812;S
20241022;101638;132.28;10;11323747573;B
20241022;101648;132.22;100;11323749718;S
20241022;101648;132.22;290;11323749719;S
20241022;101648;132.22;100;11323749720;S
20241022;101648;132.2;10;11323749722;S
20241022;101652;132.22;10;11323750222;B
20241022;101652;132.28;50;11323750223;B
20241022;101652;132.3;300;11323750224;B
20241022;101652;132.3;50;11323750225;B
20241022;101652;132.32;80;11323750226;B
20241022;101652;132.32;50;11323750227;B
20241022;101652;132.32;460;11323750228;B
20241022;101656;132.18;60;11323751069;S
20241022;101656;132.16;100;11323751070;S
20241022;101656;132.16;40;11323751071;S
20241022;101656;132.12;10;11323751072;S
20241022;101656;132.12;40;11323751073;S
20241022;101656;132.16;40;11323751074;B
20241022;101656;132.12;40;11323751076;S
20241022;101656;132.16;40;11323751078;B
20241022;101656;132.12;10;11323751079;S
20241022;101656;132.12;30;11323751080;S
20241022;101658;132.12;30;11323751336;S
20241022;101658;132.08;20;11323751337;S
20241022;101700;132.14;50;11323751803;B
20241022;101700;132.16;30;11323751804;B
20241022;101700;132.06;200;11323751887;S
20241022;101700;132.04;10;11323751888;S
20241022;101700;132.04;40;11323751889;S
20241022;101701;132.06;310;11323751940;S
20241022;101713;132.06;10;11323753644;S
20241022;101717;132.06;10;11323754154;S
20241022;101720;132.06;90;11323754554;S
20241022;101720;132.04;520;11323754555;S
20241022;101720;132.02;660;11323754556;S
20241022;101720;132.02;100;11323754557;S
20241022;101720;132;10;11323754558;S
20241022;101720;132;10;11323754559;S
20241022;101720;132;10;11323754560;S
20241022;101721;132;500;11323754631;B
20241022;101723;132;100;11323754953;B
20241022;101723;131.98;40;11323755077;S
20241022;101723;131.94;10;11323755078;S
20241022;101723;131.94;100;11323755079;S
20241022;101723;131.92;50;11323755080;S
20241022;101729;132;10;11323755947;B
20241022;101730;132;10;11323755981;B
20241022;101736;131.92;50;11323757053;S
20241022;101738;132;400;11323757334;B
20241022;101739;131.92;40;11323757553;S
20241022;101739;131.92;60;11323757582;S
20241022;101739;131.92;100;11323757583;S
20241022;101741;131.92;20;11323757858;B
20241022;101744;131.92;70;11323758889;B
20241022;101749;131.92;30;11323760844;S
20241022;101749;131.9;100;11323760845;S
20241022;101749;131.9;370;11323760846;S
20241022;101749;131.9;10;11323761134;S
20241022;101759;131.9;520;11323765150;S
20241022;101802;131.88;500;11323766153;S
20241022;101805;131.9;200;11323767049;S
20241022;101808;131.9;60;11323768005;S
20241022;101808;131.88;170;11323768006;S
20241022;101808;131.88;620;11323768007;S
20241022;101808;131.88;100;11323768008;S
20241022;101808;131.86;210;11323768009;S
20241022;101808;131.84;210;11323768010;S
20241022;101808;131.82;50;11323768011;S
20241022;101808;131.82;100;11323768012;S
20241022;101808;131.82;320;11323768013;S
20241022;101813;131.9;10;11323769770;S
20241022;101819;131.9;10;11323771600;S
20241022;101820;131.9;50;11323771790;S
20241022;101820;131.9;30;11323771854;S
20241022;101820;131.9;20;11323771855;S
20241022;101821;131.88;20;11323772062;B
20241022;101823;131.84;130;11323772520;S
20241022;101823;131.82;100;11323772521;S
20241022;101823;131.82;370;11323772522;S
20241022;101826;131.84;70;11323773080;S
20241022;101826;131.82;130;11323773081;S
20241022;101826;131.82;50;11323773082;S
20241022;101826;131.82;60;11323773084;B
20241022;101833;131.84;10;11323774113;B
20241022;101833;131.84;100;11323774176;B
20241022;101835;131.84;170;11323774324;B
20241022;101835;131.86;50;11323774325;B
20241022;101835;131.86;50;11323774326;B
20241022;101835;131.88;180;11323774327;B
20241022;101836;131.82;10;11323774515;S
20241022;101844;131.88;50;11323775441;B
20241022;101844;131.86;30;11323775445;S
20241022;101844;131.84;140;11323775446;S
20241022;101852;131.86;40;11323776402;S
20241022;101852;131.84;60;11323776403;S
20241022;101852;131.84;20;11323776404;S
20241022;101852;131.84;40;11323776405;S
20241022;101852;131.82;490;11323776406;S
20241022;101852;131.82;80;11323776407;S
20241022;101852;131.82;100;11323776408;S
20241022;101852;131.8;370;11323776409;S
20241022;101852;131.8;30;11323776410;S
20241022;101852;131.8;100;11323776411;S
20241022;101852;131.8;70;11323776412;S
20241022;101852;131.8;500;11323776413;S
20241022;101852;131.78;230;11323776414;S
20241022;101852;131.78;160;11323776415;S
20241022;101852;131.78;100;11323776416;S
20241022;101852;131.76;30;11323776417;S
20241022;101900;131.78;10;11323777378;S
20241022;101901;131.82;20;11323777466;B
20241022;101903;131.82;30;11323777653;B
20241022;101905;131.82;60;11323778040;S
20241022;101906;131.82;10;11323778252;S
20241022;101907;131.82;10;11323778318;B
20241022;101909;131.84;10;11323778522;B
20241022;101909;131.86;40;11323778523;B
20241022;101916;131.82;40;11323779432;S
20241022;101916;131.8;20;11323779433;S
20241022;101918;131.84;80;11323779742;B
20241022;101919;131.88;10;11323779940;B
20241022;101919;131.88;180;11323780151;B
20241022;101919;131.88;50;11323780152;B
20241022;101922;131.98;10;11323780559;B
20241022;101922;131.98;10;11323780560;B
20241022;101922;131.98;60;11323780561;B
20241022;101922;132;10;11323780562;B
20241022;101922;132;20;11323780563;B
20241022;101922;132;800;11323780564;B
20241022;101922;132;170;11323780565;B
20241022;101922;132;10;11323780566;B
20241022;101922;132;60;11323780567;S
20241022;101922;132;60;11323780568;S
20241022;101922;132;60;11323780571;S
20241022;101923;132;60;11323780677;S
20241022;101923;132;60;11323780678;S
20241022;101923;132;60;11323780679;S
20241022;101932;132;20;11323781908;S
20241022;101934;132;1030;11323782225;S
20241022;101934;132;190;11323782226;S
20241022;101934;132;10;11323782227;S
20241022;101940;131.96;110;11323782742;B
20241022;101940;131.98;460;11323782743;B
20241022;101942;131.98;80;11323782918;B
20241022;101946;132;10;11323783355;B
20241022;101958;132;10;11323784451;B
20241022;102002;132;40;11323784777;B
20241022;102002;131.98;50;11323784855;S
20241022;102010;132;440;11323785762;B
20241022;102010;131.98;440;11323785763;S
20241022;102016;131.98;10;11323786636;B
20241022;102018;131.98;10;11323787332;B
20241022;102021;131.98;10;11323788403;B
20241022;102023;131.96;10;11323789684;B
20241022;102030;131.98;10;11323794226;B
20241022;102030;131.98;40;11323794227;B
20241022;102030;131.98;60;11323794228;B
20241022;102036;131.98;30;11323798538;S
20241022;102039;132;270;11323800517;B
20241022;102040;132;1780;11323801210;B
20241022;102040;132;30;11323801211;B
20241022;102040;132;10;11323801212;B
20241022;102040;132;40;11323801213;B
20241022;102040;132;10;11323801214;B
20241022;102040;132;160;11323801215;B
20241022;102040;132.02;80;11323801216;B
20241022;102040;132.02;20;11323801217;S
20241022;102045;132.12;80;11323803673;B
20241022;102045;132.14;10;11323803674;B
20241022;102045;132.14;10;11323803675;B
20241022;102102;132;70;11323815861;S
20241022;102102;131.98;430;11323815862;S
20241022;102126;132;540;11323832276;S
20241022;102126;132;170;11323832277;S
20241022;102131;132.08;80;11323832966;B
20241022;102131;132.1;70;11323832967;B
20241022;102131;132.1;50;11323832968;B
20241022;102137;132;50;11323833672;S
20241022;102137;131.98;180;11323833673;S
20241022;102137;131.98;10;11323833674;S
20241022;102137;131.98;1000;11323833675;S
20241022;102137;131.98;80;11323833676;S
20241022;102142;131.98;200;11323834364;B
20241022;102143;131.96;10;11323834558;S
20241022;102143;131.96;10;11323834559;S
20241022;102143;131.92;10;11323834560;S
20241022;102143;131.92;110;11323834561;S
20241022;102143;131.9;100;11323834562;S
20241022;102143;131.9;110;11323834563;S
20241022;102143;131.88;100;11323834564;S
20241022;102143;131.88;50;11323834565;S
20241022;102143;131.88;50;11323834566;S
20241022;102143;131.88;10;11323834567;S
20241022;102153;131.98;10;11323836126;B
20241022;102156;131.88;90;11323836829;S
20241022;102156;131.88;60;11323836830;B
20241022;102158;131.96;50;11323837365;B
20241022;102216;131.96;20;11323841025;B
20241022;102230;131.88;10;11323843505;S
20241022;102230;131.86;60;11323843506;S
20241022;102230;131.86;120;11323843507;S
20241022;102230;131.84;10;11323843508;S
20241022;102230;131.84;100;11323843509;S
20241022;102232;131.94;50;11323843793;B
20241022;102232;131.94;190;11323843794;B
20241022;102237;131.84;200;11323845296;S
20241022;102237;131.84;20;11323845399;S
20241022;102240;131.88;10;11323845994;B
20241022;102259;131.82;200;11323849286;S
20241022;102259;131.82;100;11323849287;S
20241022;102259;131.82;60;11323849288;S
20241022;102259;131.8;80;11323849289;S
20241022;102259;131.8;310;11323849290;S
20241022;102301;131.8;190;11323849594;S
20241022;102301;131.78;40;11323849595;S
20241022;102301;131.78;60;11323849596;S
20241022;102301;131.76;460;11323849597;S
20241022;102302;131.76;810;11323849850;S
20241022;102302;131.76;40;11323849851;S
20241022;102302;131.76;200;11323849852;S
20241022;102309;131.76;100;11323851186;B
20241022;102309;131.76;1200;11323851187;B
20241022;102309;131.76;150;11323851188;B
20241022;102317;131.74;10;11323852386;S
20241022;102317;131.74;100;11323852387;S
20241022;102317;131.72;90;11323852388;S
20241022;102317;131.72;100;11323852389;S
20241022;102317;131.7;10;11323852390;S
20241022;102317;131.7;10;11323852391;S
20241022;102317;131.7;20;11323852392;S
20241022;102318;131.74;100;11323852514;S
20241022;102324;131.74;30;11323853469;B
20241022;102326;131.74;100;11323853772;B
20241022;102326;131.74;100;11323853931;B
20241022;102327;131.74;100;11323854002;B
20241022;102330;131.7;60;11323854484;S
20241022;102335;131.74;60;11323855082;B
20241022;102335;131.7;20;11323855083;S
20241022;102335;131.7;100;11323855084;S
20241022;102338;131.7;40;11323855532;B
20241022;102342;131.7;100;11323856272;B
20241022;102343;131.7;130;11323856345;B
20241022;102343;131.7;170;11323856346;B
20241022;102344;131.7;200;11323856505;S
20241022;102348;131.7;70;11323857338;S
20241022;102348;131.7;140;11323857461;S
20241022;102349;131.72;10;11323857638;B
20241022;102349;131.72;90;11323857686;B
20241022;102349;131.72;10;11323857687;B
20241022;102351;131.72;50;11323858139;B
20241022;102353;131.72;50;11323858380;S
20241022;102353;131.7;190;11323858381;S
20241022;102357;131.7;100;11323858817;S
20241022;102357;131.7;100;11323858818;S
20241022;102357;131.7;270;11323858819;S
20241022;102357;131.68;100;11323858820;S
20241022;102357;131.68;80;11323858821;S
20241022;102357;131.68;210;11323858822;S
20241022;102357;131.66;90;11323858823;S
20241022;102357;131.66;100;11323858824;S
20241022;102357;131.66;200;11323858825;S
20241022;102357;131.66;210;11323858826;S
20241022;102357;131.64;50;11323858827;S
20241022;102357;131.64;10;11323858828;S
20241022;102357;131.64;10;11323858829;S
20241022;102357;131.64;100;11323858830;S
20241022;102357;131.64;770;11323858831;S
20241022;102357;131.64;100;11323858832;S
20241022;102357;131.62;40;11323858833;S
20241022;102357;131.62;100;11323858834;S
20241022;102357;131.62;250;11323858835;S
20241022;102359;131.64;40;11323859071;S
20241022;102359;131.62;430;11323859072;S
20241022;102359;131.62;70;11323859096;S
20241022;102359;131.62;20;11323859097;S
20241022;102359;131.6;340;11323859098;S
20241022;102400;131.68;10;11323859240;B
20241022;102401;131.68;100;11323859311;B
20241022;102408;131.62;10;11323860243;S
20241022;102408;131.62;30;11323860244;S
20241022;102408;131.62;10;11323860245;B
20241022;102414;131.62;50;11323860867;B
20241022;102416;131.62;100;11323861032;B
20241022;102417;131.6;20;11323861092;S
20241022;102419;131.62;70;11323861396;B
20241022;102419;131.62;30;11323861397;B
20241022;102420;131.62;100;11323861576;B
20241022;102422;131.6;400;11323861737;S
20241022;102422;131.6;400;11323861738;S
20241022;102422;131.6;340;11323861739;S
20241022;102422;131.6;500;11323861740;S
20241022;102422;131.6;110;11323861741;S
20241022;102423;131.6;1000;11323861912;B
20241022;102427;131.6;30;11323862297;B
20241022;102427;131.6;70;11323862298;B
20241022;102436;131.62;30;11323863321;B
20241022;102443;131.6;100;11323864137;S
20241022;102500;131.6;20;11323866039;B
20241022;102509;131.6;10;11323867127;B
20241022;102510;131.58;30;11323867195;S
20241022;102510;131.58;20;11323867196;S
20241022;102511;131.58;80;11323867284;S
20241022;102511;131.56;20;11323867336;S
20241022;102511;131.56;200;11323867337;S
20241022;102511;131.56;100;11323867338;S
20241022;102511;131.54;100;11323867339;S
20241022;102511;131.54;10;11323867340;S
20241022;102511;131.52;1000;11323867341;S
20241022;102511;131.52;100;11323867342;S
20241022;102511;131.52;80;11323867343;S
20241022;102511;131.52;300;11323867344;S
20241022;102511;131.52;100;11323867345;S
20241022;102511;131.5;20;11323867346;S
20241022;102511;131.5;40;11323867347;S
20241022;102511;131.5;10;11323867348;S
20241022;102511;131.5;2340;11323867349;S
20241022;102511;131.5;100;11323867350;S
20241022;102511;131.5;100;11323867351;S
20241022;102511;131.48;50;11323867352;S
20241022;102511;131.48;50;11323867362;S
20241022;102511;131.48;10;11323867363;S
20241022;102512;131.46;10;11323867424;S
20241022;102517;131.46;190;11323868068;S
20241022;102517;131.46;100;11323868069;S
20241022;102517;131.44;20;11323868070;S
20241022;102517;131.44;250;11323868071;S
20241022;102517;131.44;300;11323868072;S
20241022;102517;131.44;70;11323868073;S
20241022;102517;131.42;100;11323868074;S
20241022;102517;131.42;250;11323868075;S
20241022;102517;131.42;70;11323868076;S
20241022;102517;131.4;650;11323868077;S
20241022;102518;131.42;300;11323868142;S
20241022;102518;131.4;330;11323868143;S
20241022;102522;131.42;300;11323868422;S
20241022;102522;131.42;60;11323868423;S
20241022;102522;131.4;140;11323868424;S
20241022;102525;131.4;120;11323868598;S
20241022;102534;131.4;1140;11323869369;S
20241022;102534;131.4;10;11323869370;S
20241022;102534;131.4;80;11323869371;S
20241022;102534;131.4;100;11323869372;S
20241022;102534;131.4;70;11323869373;S
20241022;102534;131.4;100;11323869374;S
20241022;102534;131.4;100;11323869375;S
20241022;102534;131.38;20;11323869376;S
20241022;102534;131.38;100;11323869377;S
20241022;102534;131.38;300;11323869378;S
20241022;102534;131.38;100;11323869379;S
20241022;102534;131.36;150;11323869380;S
20241022;102534;131.36;540;11323869381;S
20241022;102534;131.34;10;11323869382;S
20241022;102534;131.34;5000;11323869383;S
20241022;102534;131.34;500;11323869384;S
20241022;102534;131.34;10;11323869385;S
20241022;102534;131.34;100;11323869386;S
20241022;102534;131.32;20;11323869387;S
20241022;102534;131.32;260;11323869388;S
20241022;102534;131.32;70;11323869389;S
20241022;102535;131.34;300;11323869420;S
20241022;102535;131.32;30;11323869421;S
20241022;102535;131.32;100;11323869422;S
20241022;102535;131.26;30;11323869423;S
20241022;102535;131.24;100;11323869424;S
20241022;102535;131.2;50;11323869425;S
20241022;102535;131.2;130;11323869426;S
20241022;102535;131.2;760;11323869427;S
20241022;102535;131.2;10;11323869428;S
20241022;102535;131.22;50;11323869429;S
20241022;102535;131.22;50;11323869430;S
20241022;102535;131.2;300;11323869442;S
20241022;102535;131.18;30;11323869443;S
20241022;102536;131.2;300;11323869489;S
20241022;102536;131.2;1230;11323869490;S
20241022;102536;131.2;1470;11323869491;S
20241022;102536;131.3;20;11323869495;B
20241022;102536;131.2;300;11323869502;S
20241022;102536;131.18;70;11323869503;S
20241022;102536;131.18;130;11323869504;S
20241022;102539;131.2;30;11323869732;S
20241022;102551;131.26;10;11323871035;B
20241022;102551;131.26;10;11323871036;B
20241022;102551;131.26;10;11323871037;B
20241022;102551;131.26;10;11323871038;B
20241022;102551;131.42;20;11323871040;B
20241022;102551;131.22;300;11323871110;S
20241022;102551;131.2;50;11323871111;S
20241022;102551;131.2;100;11323871112;S
20241022;102551;131.18;50;11323871113;S
20241022;102557;131.24;200;11323871647;S
20241022;102559;131.26;100;11323871939;S
20241022;102559;131.24;300;11323871940;S
20241022;102559;131.2;100;11323871941;S
20241022;102559;131.2;10;11323871942;S
20241022;102559;131.18;50;11323871943;S
20241022;102559;131.18;10;11323871944;S
20241022;102559;131.16;200;11323871945;S
20241022;102559;131.16;250;11323871946;S
20241022;102559;131.16;10;11323871947;S
20241022;102559;131.16;770;11323871948;S
20241022;102559;131.14;10;11323871949;S
20241022;102559;131.14;2190;11323871950;S
20241022;102600;131.28;40;11323872097;B
20241022;102600;131.28;20;11323872099;B
20241022;102600;131.3;20;11323872100;B
20241022;102603;131.3;100;11323872481;S
20241022;102603;131.2;100;11323872482;S
20241022;102603;131.18;20;11323872483;S
20241022;102603;131.18;10;11323872484;S
20241022;102603;131.16;300;11323872485;S
20241022;102603;131.16;10;11323872486;S
20241022;102603;131.16;10;11323872487;S
20241022;102603;131.14;1810;11323872488;S
20241022;102603;131.14;530;11323872489;S
20241022;102603;131.12;640;11323872490;S
20241022;102603;131.12;70;11323872491;S
20241022;102603;131.12;100;11323872492;S
20241022;102603;131.12;10;11323872493;S
20241022;102603;131.1;1310;11323872494;S
20241022;102604;131.14;20;11323872602;S
20241022;102604;131.12;150;11323872603;S
20241022;102604;131.12;150;11323872604;S
20241022;102604;131.1;350;11323872605;S
20241022;102607;131.16;100;11323872972;S
20241022;102607;131.16;500;11323872973;S
20241022;102607;131.12;300;11323872974;S
20241022;102607;131.12;10;11323872975;S
20241022;102607;131.12;90;11323872976;S
20241022;102609;131.12;400;11323873257;S
20241022;102612;131.12;300;11323873511;S
20241022;102612;131.12;80;11323873512;S
20241022;102612;131.1;1820;11323873513;S
20241022;102614;131.12;300;11323873785;S
20241022;102614;131.1;390;11323873786;S
20241022;102615;131.14;10;11323873939;B
20241022;102615;131.26;10;11323873940;B
20241022;102615;131.3;80;11323873941;B
20241022;102616;131.14;10;11323874008;S
20241022;102616;131.12;80;11323874009;S
20241022;102616;131.1;1040;11323874010;S
20241022;102616;131.1;90;11323874011;S
20241022;102623;131.12;100;11323874701;S
20241022;102623;131.1;50;11323874702;S
20241022;102623;131.1;50;11323874703;S
20241022;102636;131.26;10;11323876599;B
20241022;102639;131.3;60;11323877065;B
20241022;102639;131.32;50;11323877066;B
20241022;102639;131.34;50;11323877067;B
20241022;102639;131.4;340;11323877068;B
20241022;102642;131.4;140;11323877455;S
20241022;102642;131.4;60;11323877456;S
20241022;102645;131.4;10;11323877683;B
20241022;102645;131.42;10;11323877684;B
20241022;102645;131.42;10;11323877685;S
20241022;102645;131.42;70;11323877686;S
20241022;102701;131.42;20;11323879681;B
20241022;102702;131.42;100;11323879977;B
20241022;102703;131.42;10;11323880116;B
20241022;102707;131.34;100;11323880676;S
20241022;102707;131.34;70;11323880677;S
20241022;102714;131.34;330;11323882162;B
20241022;102714;131.34;40;11323882163;B
20241022;102714;131.34;2060;11323882164;B
20241022;102716;131.28;10;11323882423;S
20241022;102716;131.26;100;11323882424;S
20241022;102716;131.24;40;11323882425;S
20241022;102716;131.22;80;11323882426;S
20241022;102716;131.22;100;11323882427;S
20241022;102716;131.22;100;11323882428;S
20241022;102716;131.22;40;11323882429;S
20241022;102716;131.2;100;11323882430;S
20241022;102716;131.2;10;11323882431;S
20241022;102716;131.2;770;11323882432;S
20241022;102716;131.2;50;11323882433;S
20241022;102719;131.28;70;11323882790;S
20241022;102719;131.28;30;11323882892;S
20241022;102731;131.24;10;11323885151;S
20241022;102731;131.22;90;11323885152;S
20241022;102731;131.2;40;11323885153;S
20241022;102736;131.26;10;11323886260;S
20241022;102736;131.24;10;11323886261;S
20241022;102736;131.22;70;11323886262;S
20241022;102736;131.2;60;11323886263;S
20241022;102736;131.2;300;11323886264;S
20241022;102736;131.2;70;11323886265;S
20241022;102736;131.2;250;11323886266;B
20241022;102736;131.2;430;11323886267;B
20241022;102748;131.26;10;11323887966;S
20241022;102751;131.24;40;11323888329;S
20241022;102751;131.22;70;11323888330;S
20241022;102806;131.26;50;11323890288;B
20241022;102806;131.28;50;11323890289;B
20241022;102817;131.22;10;11323891721;S
20241022;102818;131.22;10;11323891837;S
20241022;102820;131.26;50;11323891992;B
20241022;102820;131.26;30;11323891993;B
20241022;102820;131.28;170;11323891994;B
20241022;102820;131.22;10;11323892016;S
20241022;102820;131.22;100;11323892017;S
20241022;102820;131.22;30;11323892018;S
20241022;102820;131.2;60;11323892019;S
20241022;102835;131.28;100;11323893887;B
20241022;102836;131.22;50;11323893938;S
20241022;102843;131.28;40;11323894779;B
20241022;102845;131.22;10;11323895133;S
20241022;102845;131.22;10;11323895134;S
20241022;102846;131.28;200;11323895216;B
20241022;102856;131.28;20;11323896432;B
20241022;102903;131.28;470;11323897176;B
20241022;102903;131.32;60;11323897177;B
20241022;102903;131.34;310;11323897178;B
20241022;102917;131.28;40;11323898774;S
20241022;102917;131.26;10;11323898775;S
20241022;102917;131.26;40;11323898776;S
20241022;102917;131.26;260;11323898777;S
20241022;102936;131.28;10;11323901092;B
20241022;102945;131.24;10;11323902150;S
20241022;102945;131.24;10;11323902151;S
20241022;102947;131.28;290;11323903036;B
20241022;102947;131.28;50;11323903037;B
20241022;102949;131.32;170;11323903539;B
20241022;102949;131.34;30;11323903540;B
20241022;102951;131.34;100;11323903937;B
20241022;103007;131.38;100;11323906535;S
20241022;103035;131.48;30;11323910488;B
20241022;103035;131.5;130;11323910489;B
20241022;103049;131.42;50;11323911938;B
20241022;103049;131.46;100;11323911939;B
20241022;103049;131.46;30;11323911940;B
20241022;103049;131.48;410;11323911941;B
20241022;103049;131.5;410;11323911942;B
20241022;103052;131.4;100;11323912334;S
20241022;103052;131.38;200;11323912335;S
20241022;103052;131.36;200;11323912336;S
20241022;103052;131.36;770;11323912337;S
20241022;103052;131.34;900;11323912338;S
20241022;103052;131.34;100;11323912339;S
20241022;103052;131.28;90;11323912340;S
20241022;103052;131.26;340;11323912341;S
20241022;103052;131.26;540;11323912342;S
20241022;103052;131.24;20;11323912343;S
20241022;103052;131.24;380;11323912344;S
20241022;103052;131.24;350;11323912345;S
20241022;103052;131.22;20;11323912346;S
20241022;103052;131.22;100;11323912347;S
20241022;103052;131.2;80;11323912348;S
20241022;103052;131.2;810;11323912349;S
20241022;103053;131.22;100;11323912375;S
20241022;103053;131.22;770;11323912376;S
20241022;103053;131.22;270;11323912377;S
20241022;103053;131.2;1190;11323912378;S
20241022;103053;131.2;10;11323912379;S
20241022;103053;131.2;10;11323912380;S
20241022;103053;131.2;60;11323912381;S
20241022;103055;131.2;260;11323912618;B
20241022;103100;131.2;500;11323913183;B
20241022;103106;131.2;100;11323913837;B
20241022;103107;131.2;100;11323913931;B
20241022;103107;131.2;1000;11323913933;B
20241022;103107;131.2;280;11323913949;B
20241022;103107;131.2;1200;11323913982;B
20241022;103107;131.2;100;11323913992;B
20241022;103107;131.2;500;11323914016;B
20241022;103111;131.2;120;11323914378;B
20241022;103112;131.18;100;11323914535;S
20241022;103112;131.18;100;11323914536;S
20241022;103112;131.18;50;11323914537;S
20241022;103112;131.16;10;11323914538;S
20241022;103112;131.16;10;11323914539;S
20241022;103112;131.16;100;11323914540;S
20241022;103112;131.16;230;11323914541;S
20241022;103120;131.18;30;11323915270;S
20241022;103120;131.16;540;11323915271;S
20241022;103120;131.14;80;11323915272;S
20241022;103120;131.14;10;11323915273;S
20241022;103120;131.14;1640;11323915274;S
20241022;103120;131.14;100;11323915275;S
20241022;103120;131.12;10;11323915276;S
20241022;103120;131.12;100;11323915277;S
20241022;103120;131.12;100;11323915278;S
20241022;103120;131.12;10;11323915279;S
20241022;103120;131.12;10;11323915280;S
20241022;103120;131.12;110;11323915281;S
20241022;103120;131.12;440;11323915282;S
20241022;103120;131.12;20;11323915283;S
20241022;103120;131.1;40;11323915284;S
20241022;103120;131.1;100;11323915285;S
20241022;103120;131.1;100;11323915286;S
20241022;103120;131.1;200;11323915287;S
20241022;103120;131.1;10;11323915288;S
20241022;103120;131.1;20;11323915289;S
20241022;103120;131.1;1000;11323915290;S
20241022;103120;131.1;10;11323915291;S
20241022;103120;131.1;320;11323915292;S
20241022;103133;131.12;10;11323917455;S
20241022;103133;131.12;460;11323917456;S
20241022;103133;131.12;310;11323917457;S
20241022;103133;131.12;390;11323917458;S
20241022;103133;131.12;10;11323917480;S
20241022;103135;131.18;300;11323917742;B
20241022;103135;131.18;200;11323917749;B
20241022;103135;131.18;800;11323917750;S
20241022;103135;131.16;10;11323917766;S
20241022;103137;131.14;10;11323918080;S
20241022;103139;131.14;20;11323918314;S
20241022;103139;131.14;110;11323918315;S
20241022;103141;131.12;10;11323918536;B
20241022;103142;131.18;100;11323918720;B
20241022;103142;131.12;10;11323918741;S
20241022;103146;131.12;10;11323919252;S
20241022;103148;131.12;10;11323919581;S
20241022;103157;131.12;10;11323920695;S
20241022;103200;131.1;50;11323921125;S
20241022;103202;131.14;10;11323921452;B
