<DATE>;<TIME>;<LAST>;<VOL>;<ID>;<OPER>
20241024;095943;4100;50;11333320416;S
20241024;095943;4100;2;11333320417;S
20241024;095943;4100;78;11333320418;B
20241024;095943;4100;1;11333320419;B
20241024;095943;4100;11;11333320420;B
20241024;095943;4100;1;11333320421;S
20241024;095943;4100;25;11333320422;S
20241024;095943;4100;1;11333320423;S
20241024;095943;4100;112;11333320424;S
20241024;095943;4100;1;11333320425;B
20241024;095943;4100;1;11333320426;B
20241024;095943;4100;3;11333320427;B
20241024;095943;4100;19;11333320428;B
20241024;095943;4100;64;11333320429;B
20241024;095943;4100;27;11333320430;S
20241024;095943;4100;9;11333320431;B
20241024;095943;4100;1;11333320432;B
20241024;095943;4100;9;11333320433;B
20241024;095943;4100;4;11333320434;B
20241024;095943;4100;20;11333320435;S
20241024;095943;4100;7;11333320436;S
20241024;095943;4100;1;11333320437;S
20241024;095943;4100;2;11333320438;S
20241024;095943;4100;40;11333320439;B
20241024;095943;4100;2;11333320440;B
20241024;095943;4100;1;11333320441;B
20241024;095943;4100;50;11333320442;B
20241024;095943;4100;4;11333320443;B
20241024;095943;4100;3;11333320444;B
20241024;095943;4100;58;11333320445;B
20241024;095943;4100;50;11333320446;B
20241024;100000;4100;42;11333323485;S
20241024;100000;4100;10;11333323486;S
20241024;100001;4100;1;11333323681;B
20241024;100001;4100;10;11333323701;B
20241024;100001;4100;3;11333324043;B
20241024;100002;4100;4;11333324324;B
20241024;100002;4101;9;11333324325;B
20241024;100002;4101;5;11333324326;B
20241024;100003;4097;1;11333324732;S
20241024;100003;4100;1;11333325499;B
20241024;100003;4100;1;11333325834;B
20241024;100003;4100;3;11333325847;B
20241024;100004;4097;3;11333326426;S
20241024;100004;4097;1;11333326895;S
20241024;100004;4099;1;11333326898;B
20241024;100004;4097;1;11333326906;S
20241024;100004;4099;1;11333328139;B
20241024;100004;4097;4;11333328142;S
20241024;100004;4098;1;11333328155;B
20241024;100004;4096;1;11333328589;S
20241024;100004;4099;1;11333328590;B
20241024;100005;4096;1;11333329643;S
20241024;100005;4096;11;11333330076;S
20241024;100005;4096;4;11333330077;S
20241024;100005;4096;5;11333330078;S
20241024;100005;4095;1;11333330079;S
20241024;100005;4098;1;11333330211;B
20241024;100006;4096;1;11333330563;S
20241024;100006;4095;8;11333330564;S
20241024;100006;4095;1;11333330565;S
20241024;100006;4095;2;11333330566;S
20241024;100006;4095;5;11333330567;S
20241024;100006;4095;6;11333330568;S
20241024;100006;4095;36;11333330569;S
20241024;100006;4095;3;11333331458;S
20241024;100007;4096;1;11333331742;B
20241024;100007;4095;5;11333331748;S
20241024;100007;4096;2;11333332031;B
20241024;100008;4098;22;11333332514;B
20241024;100010;4096;8;11333333235;S
20241024;100014;4097;2;11333334251;B
20241024;100014;4097;5;11333334252;B
20241024;100014;4097;5;11333334322;B
20241024;100016;4098;1;11333335090;B
20241024;100017;4097;5;11333335152;B
20241024;100017;4096;1;11333335234;S
20241024;100017;4096;5;11333335235;S
20241024;100017;4095;81;11333335236;S
20241024;100017;4095;3;11333335237;S
20241024;100017;4095;5;11333335248;S
20241024;100018;4097;13;11333335471;B
20241024;100018;4098;36;11333335472;B
20241024;100019;4097;20;11333335734;B
20241024;100020;4099;1;11333335903;B
20241024;100020;4095;2;11333336110;S
20241024;100020;4094;4;11333336111;S
20241024;100023;4094;9;11333336932;S
20241024;100023;4093;4;11333336938;S
20241024;100027;4093;33;11333337929;S
20241024;100032;4094;50;11333339173;B
20241024;100033;4094;2;11333339618;B
20241024;100034;4094;15;11333339660;B
20241024;100034;4093;100;11333339688;S
20241024;100034;4093;4;11333339689;S
20241024;100035;4093;10;11333339899;S
20241024;100035;4093;14;11333339900;S
20241024;100041;4094;1;11333341369;B
20241024;100044;4093;1;11333342155;S
20241024;100047;4093;5;11333342869;S
20241024;100050;4094;54;11333343671;B
20241024;100050;4095;7;11333343672;B
20241024;100050;4094;30;11333343752;B
20241024;100051;4093;3;11333343978;S
20241024;100051;4094;1;11333343984;B
20241024;100052;4094;5;11333344358;B
20241024;100057;4093;74;11333345596;S
20241024;100057;4092;1;11333345756;S
20241024;100057;4091;1;11333345757;S
20241024;100057;4091;5;11333345758;S
20241024;100057;4091;8;11333345759;S
20241024;100057;4091;25;11333345760;S
20241024;100057;4090;1;11333345761;S
20241024;100057;4090;8;11333345762;S
20241024;100057;4090;1;11333345763;S
20241024;100057;4090;1;11333345764;S
20241024;100057;4090;3;11333345765;S
20241024;100057;4090;3;11333345766;S
20241024;100057;4090;1;11333345767;S
20241024;100057;4090;1;11333345768;S
20241024;100057;4090;1;11333345769;S
20241024;100057;4090;1;11333345770;S
20241024;100057;4090;2;11333345771;S
20241024;100057;4090;1;11333345772;S
20241024;100057;4090;4;11333345773;S
20241024;100057;4090;6;11333345774;S
20241024;100057;4091;1;11333345827;S
20241024;100057;4090;94;11333345828;S
20241024;100057;4090;1;11333345829;S
20241024;100057;4090;3;11333345830;S
20241024;100057;4090;2;11333345831;S
20241024;100057;4090;20;11333345832;S
20241024;100057;4090;30;11333345833;S
20241024;100057;4090;2;11333345834;S
20241024;100057;4090;10;11333345835;S
20241024;100057;4090;2;11333345836;S
20241024;100057;4090;3;11333345837;S
20241024;100057;4090;1;11333345838;S
20241024;100057;4090;1;11333345839;S
20241024;100057;4090;60;11333345840;S
20241024;100057;4090;1;11333345841;S
20241024;100057;4090;6;11333345842;S
20241024;100057;4090;1;11333345843;S
20241024;100057;4090;3;11333345844;S
20241024;100057;4090;1;11333345845;S
20241024;100057;4090;1;11333345846;S
20241024;100057;4090;1;11333345847;S
20241024;100057;4090;37;11333345848;S
20241024;100057;4090;63;11333345850;S
20241024;100057;4090;1;11333345851;S
20241024;100057;4090;2;11333345852;S
20241024;100057;4090;4;11333345853;S
20241024;100057;4090;2;11333345855;S
20241024;100059;4090;19;11333346174;S
20241024;100059;4090;6;11333346175;S
20241024;100059;4090;10;11333346176;S
20241024;100059;4090;10;11333346177;S
20241024;100059;4090;2;11333346178;S
20241024;100059;4090;10;11333346179;S
20241024;100059;4089;1;11333346257;S
20241024;100059;4089;7;11333346258;S
20241024;100059;4089;5;11333346361;S
20241024;100059;4089;5;11333346362;S
20241024;100059;4089;1;11333346363;S
20241024;100101;4087;1;11333347448;S
20241024;100101;4083;5;11333347449;S
20241024;100101;4083;8;11333347450;S
20241024;100101;4083;15;11333347451;S
20241024;100101;4082;100;11333347452;S
20241024;100101;4082;1;11333347453;S
20241024;100101;4082;1;11333347454;S
20241024;100101;4082;15;11333347455;S
20241024;100101;4081;5;11333347456;S
20241024;100101;4081;7;11333347457;S
20241024;100101;4080;1;11333347458;S
20241024;100101;4080;1;11333347459;S
20241024;100101;4080;17;11333347460;S
20241024;100103;4080;3;11333348045;S
20241024;100105;4087;8;11333348392;B
20241024;100106;4087;13;11333348773;B
20241024;100106;4088;29;11333348774;B
20241024;100106;4088;6;11333348775;B
20241024;100106;4089;6;11333348776;B
20241024;100106;4091;5;11333348777;B
20241024;100106;4091;8;11333348778;B
20241024;100106;4091;5;11333348779;B
20241024;100106;4092;13;11333348780;B
20241024;100106;4092;37;11333348781;B
20241024;100107;4084;1;11333348840;B
20241024;100107;4093;6;11333348841;B
20241024;100107;4093;5;11333348842;B
20241024;100107;4093;2;11333348868;B
20241024;100108;4094;5;11333349211;B
20241024;100110;4094;1;11333349703;B
20241024;100114;4088;2;11333350559;S
20241024;100114;4088;11;11333350585;S
20241024;100114;4087;30;11333350586;S
20241024;100114;4087;2;11333350587;S
20241024;100114;4086;2;11333350588;S
20241024;100114;4083;2;11333350589;S
20241024;100114;4083;2;11333350590;S
20241024;100114;4082;12;11333350591;S
20241024;100114;4081;13;11333350592;S
20241024;100114;4081;5;11333350593;S
20241024;100114;4081;8;11333350594;S
20241024;100114;4081;3;11333350595;S
20241024;100114;4092;3;11333350611;B
20241024;100114;4093;13;11333350612;B
20241024;100114;4093;3;11333350613;B
20241024;100114;4094;4;11333350614;B
20241024;100114;4094;3;11333350615;B
20241024;100114;4082;13;11333350680;S
20241024;100118;4082;6;11333351395;S
20241024;100118;4082;2;11333351396;S
20241024;100118;4081;2;11333351397;S
20241024;100118;4080;37;11333351398;S
20241024;100118;4080;2;11333351399;S
20241024;100118;4079;1;11333351400;S
20241024;100118;4079;1;11333351401;S
20241024;100118;4079;2;11333351402;S
20241024;100118;4077;2;11333351403;S
20241024;100118;4077;24;11333351404;S
20241024;100118;4076;2;11333351405;S
20241024;100118;4075;19;11333351406;S
20241024;100120;4084;3;11333351864;B
20241024;100123;4083;1;11333352466;S
20241024;100123;4077;2;11333352467;S
20241024;100123;4077;1;11333352468;S
20241024;100123;4076;10;11333352469;S
20241024;100125;4078;1;11333352922;S
20241024;100125;4076;5;11333352923;S
20241024;100126;4083;1;11333353100;B
20241024;100126;4083;1;11333353126;B
20241024;100126;4085;1;11333353127;B
20241024;100126;4086;1;11333353128;B
20241024;100126;4086;13;11333353129;B
20241024;100126;4087;12;11333353130;B
20241024;100126;4089;2;11333353131;B
20241024;100136;4088;5;11333355067;B
20241024;100141;4088;10;11333356147;B
20241024;100146;4088;4;11333357217;B
20241024;100200;4087;45;11333360416;B
20241024;100200;4087;5;11333360417;B
20241024;100203;4084;5;11333360831;S
20241024;100203;4084;10;11333360832;S
20241024;100203;4083;1;11333360833;S
20241024;100203;4083;5;11333360834;S
20241024;100203;4083;8;11333360835;S
20241024;100203;4083;3;11333360836;S
20241024;100203;4082;5;11333360837;S
20241024;100203;4082;3;11333360838;S
20241024;100203;4081;1;11333360839;S
20241024;100203;4081;2;11333360840;S
20241024;100203;4080;5;11333360841;S
20241024;100203;4079;13;11333360842;S
20241024;100203;4078;2;11333360843;S
20241024;100203;4078;37;11333360844;S
20241024;100203;4077;2;11333360845;S
20241024;100203;4077;1;11333360846;S
20241024;100203;4077;1;11333360847;S
20241024;100203;4076;35;11333360848;S
20241024;100203;4076;5;11333360849;S
20241024;100203;4076;7;11333360850;S
20241024;100203;4076;1;11333360851;S
20241024;100203;4075;1;11333360852;S
20241024;100203;4075;22;11333360853;S
20241024;100203;4075;1;11333360854;S
20241024;100203;4074;30;11333360855;S
20241024;100203;4073;2;11333360856;S
20241024;100203;4073;1;11333360857;S
20241024;100203;4073;5;11333360858;S
20241024;100203;4073;3;11333360859;S
20241024;100203;4073;40;11333360860;S
20241024;100203;4073;12;11333360861;S
20241024;100203;4072;200;11333360862;S
20241024;100203;4072;4;11333360863;S
20241024;100203;4070;5;11333360864;S
20241024;100203;4070;10;11333360865;S
20241024;100203;4067;3;11333360866;S
20241024;100203;4067;9;11333360867;S
20241024;100203;4083;1;11333361019;B
20241024;100208;4080;1;11333361961;B
20241024;100209;4080;1;11333362152;B
20241024;100209;4081;2;11333362153;B
20241024;100212;4074;2;11333362829;S
20241024;100212;4073;6;11333362830;S
20241024;100212;4073;2;11333362831;S
20241024;100212;4073;1;11333362832;S
20241024;100212;4072;6;11333362833;S
20241024;100212;4072;1;11333362834;S
20241024;100212;4071;5;11333362835;S
20241024;100212;4070;1;11333362836;S
20241024;100212;4069;5;11333362837;S
20241024;100212;4069;6;11333362838;S
20241024;100212;4068;1;11333362839;S
20241024;100212;4068;2;11333362840;S
20241024;100212;4067;11;11333362841;S
20241024;100212;4067;2;11333362842;S
20241024;100212;4066;12;11333362843;S
20241024;100212;4066;2;11333362844;S
20241024;100212;4066;25;11333362845;S
20241024;100212;4065;10;11333362846;S
20241024;100212;4080;2;11333362891;B
20241024;100212;4081;2;11333362892;B
20241024;100212;4081;13;11333362893;B
20241024;100212;4081;13;11333362894;B
20241024;100212;4082;1;11333362933;B
20241024;100212;4081;39;11333362944;S
20241024;100213;4082;1;11333363036;B
20241024;100213;4081;2;11333363063;S
20241024;100213;4081;6;11333363173;B
20241024;100216;4079;4;11333363668;B
20241024;100216;4079;5;11333363669;B
20241024;100216;4080;1;11333363670;B
20241024;100216;4081;3;11333363671;B
20241024;100216;4081;2;11333363672;B
20241024;100216;4081;19;11333363673;B
20241024;100216;4082;10;11333363674;B
20241024;100216;4082;2;11333363675;B
20241024;100216;4082;3;11333363676;B
20241024;100216;4083;1;11333363677;B
20241024;100216;4084;6;11333363678;B
20241024;100216;4084;5;11333363679;B
20241024;100216;4084;5;11333363680;B
20241024;100216;4084;7;11333363681;B
20241024;100216;4085;24;11333363682;B
20241024;100216;4085;30;11333363683;B
20241024;100216;4085;40;11333363684;B
20241024;100216;4086;5;11333363685;B
20241024;100216;4086;1;11333363686;B
20241024;100216;4088;27;11333363687;B
20241024;100216;4088;4;11333363689;B
20241024;100216;4078;12;11333363850;B
20241024;100222;4086;1;11333365183;B
20241024;100222;4086;10;11333365282;B
20241024;100223;4086;1;11333365299;B
20241024;100225;4086;1;11333365794;B
20241024;100225;4086;1;11333365795;B
20241024;100225;4087;1;11333365796;B
20241024;100229;4082;1;11333366690;S
20241024;100229;4082;1;11333366691;S
20241024;100229;4082;1;11333366692;S
20241024;100229;4081;1;11333366693;S
20241024;100229;4080;2;11333366694;S
20241024;100229;4079;2;11333366695;S
20241024;100229;4079;2;11333366696;S
20241024;100230;4079;1;11333366887;S
20241024;100232;4079;1;11333367320;S
20241024;100232;4079;1;11333367321;S
20241024;100232;4078;1;11333367322;S
20241024;100234;4085;1;11333367693;B
20241024;100234;4085;1;11333367699;B
20241024;100234;4086;10;11333367907;B
20241024;100234;4086;1;11333367908;B
20241024;100234;4087;11;11333367909;B
20241024;100234;4088;5;11333367910;B
20241024;100234;4088;1;11333367911;B
20241024;100234;4089;5;11333367912;B
20241024;100234;4089;1;11333367913;B
20241024;100234;4089;1;11333367914;B
20241024;100234;4090;50;11333367915;B
20241024;100234;4090;88;11333367916;B
20241024;100234;4090;137;11333367917;B
20241024;100236;4092;25;11333368107;B
20241024;100236;4092;25;11333368242;B
20241024;100237;4092;5;11333368314;B
20241024;100242;4092;2;11333369263;S
20241024;100242;4091;2;11333369264;S
20241024;100244;4094;1;11333369539;S
20241024;100244;4092;1;11333369540;S
20241024;100244;4091;25;11333369541;S
20241024;100244;4091;5;11333369542;S
20241024;100244;4091;7;11333369543;S
20241024;100244;4090;61;11333369544;S
20241024;100244;4096;2;11333369656;B
20241024;100244;4096;3;11333369657;B
20241024;100244;4096;5;11333369658;B
20241024;100244;4096;7;11333369659;B
20241024;100244;4097;1;11333369660;B
20241024;100244;4097;3;11333369661;B
20241024;100244;4097;9;11333369662;B
20241024;100244;4097;30;11333369675;B
20241024;100247;4097;25;11333370076;B
20241024;100248;4097;25;11333370307;B
20241024;100249;4097;10;11333370508;B
20241024;100249;4100;12;11333370509;B
20241024;100249;4100;10;11333370510;B
20241024;100249;4100;3;11333370683;S
20241024;100251;4102;2;11333371056;B
20241024;100252;4102;2;11333371219;B
20241024;100257;4100;65;11333372217;S
20241024;100257;4097;2;11333372218;S
20241024;100257;4096;13;11333372219;S
20241024;100257;4096;5;11333372220;S
20241024;100257;4096;8;11333372221;S
20241024;100257;4095;100;11333372222;S
20241024;100257;4094;5;11333372223;S
20241024;100257;4094;2;11333372224;S
20241024;100300;4102;1;11333372861;B
20241024;100300;4102;2;11333372862;B
20241024;100300;4102;1;11333372863;B
20241024;100300;4103;13;11333372864;B
20241024;100300;4104;13;11333372865;B
20241024;100304;4103;4;11333373486;B
20241024;100304;4103;3;11333373495;B
20241024;100304;4102;2;11333373623;B
20241024;100305;4102;2;11333373761;B
20241024;100305;4103;6;11333373762;B
20241024;100308;4097;1;11333374424;S
20241024;100309;4097;1;11333374893;B
20241024;100315;4100;1;11333376370;B
20241024;100315;4100;1;11333376371;B
20241024;100315;4101;1;11333376372;B
20241024;100315;4101;1;11333376373;B
20241024;100315;4102;12;11333376374;B
20241024;100315;4096;1;11333376378;S
20241024;100318;4095;2;11333377081;S
20241024;100321;4093;1;11333377745;S
20241024;100321;4092;2;11333377746;S
20241024;100321;4092;1;11333377747;S
20241024;100321;4091;3;11333377748;S
20241024;100322;4096;1;11333377859;B
20241024;100322;4100;2;11333377860;B
20241024;100322;4101;4;11333377861;B
20241024;100322;4101;2;11333377862;B
20241024;100322;4103;1;11333377863;B
20241024;100325;4095;2;11333378461;S
20241024;100326;4102;2;11333378708;B
20241024;100326;4103;9;11333378709;B
20241024;100327;4098;1;11333378853;B
20241024;100327;4102;2;11333378854;B
20241024;100327;4103;2;11333378855;B
20241024;100327;4103;3;11333378856;B
20241024;100327;4103;1;11333378857;B
20241024;100327;4103;2;11333378858;B
20241024;100327;4104;5;11333378859;B
20241024;100327;4104;8;11333378860;B
20241024;100327;4104;5;11333378861;B
20241024;100327;4104;2;11333378862;B
20241024;100327;4104;10;11333378863;B
20241024;100327;4104;13;11333378864;B
20241024;100327;4104;40;11333378865;B
20241024;100327;4105;300;11333378866;B
20241024;100327;4107;1;11333378867;B
20241024;100327;4107;1;11333378868;B
20241024;100327;4108;9;11333378869;B
20241024;100327;4108;60;11333378870;B
20241024;100327;4109;30;11333378871;B
20241024;100327;4110;1;11333378872;B
20241024;100327;4110;10;11333378873;B
20241024;100327;4110;2;11333378874;B
20241024;100327;4110;15;11333378875;B
20241024;100327;4111;80;11333378876;B
20241024;100327;4112;30;11333378877;B
20241024;100327;4115;32;11333378878;B
20241024;100327;4115;1;11333378879;B
20241024;100327;4102;5;11333378889;B
20241024;100329;4105;2;11333379308;S
20241024;100329;4101;1;11333379309;S
20241024;100329;4101;3;11333379310;S
20241024;100329;4100;4;11333379311;S
20241024;100332;4107;1;11333379906;B
20241024;100333;4107;1;11333379957;B
20241024;100335;4108;1;11333380358;B
20241024;100337;4108;15;11333380684;B
20241024;100337;4108;5;11333380685;B
20241024;100338;4108;6;11333380756;B
20241024;100343;4110;1;11333381764;B
20241024;100344;4110;2;11333381840;B
20241024;100344;4108;1;11333381900;S
20241024;100345;4110;9;11333382057;B
20241024;100345;4110;1;11333382058;B
20241024;100347;4113;2;11333382379;B
20241024;100347;4114;2;11333382380;B
20241024;100347;4114;3;11333382381;B
20241024;100348;4114;1;11333382424;B
20241024;100348;4115;67;11333382425;B
20241024;100348;4115;9;11333382426;B
20241024;100348;4115;10;11333382427;B
20241024;100348;4115;10;11333382428;B
20241024;100348;4115;2;11333382429;B
20241024;100357;4117;1;11333383722;B
20241024;100357;4117;20;11333383723;B
20241024;100357;4118;7;11333383724;B
20241024;100357;4115;1;11333383732;S
20241024;100358;4115;1;11333383766;B
20241024;100358;4114;2;11333383864;S
20241024;100359;4115;8;11333383911;B
20241024;100403;4117;1;11333384461;B
20241024;100403;4117;2;11333384469;B
20241024;100403;4118;3;11333384470;B
20241024;100403;4118;1;11333384471;B
20241024;100403;4119;4;11333384472;B
20241024;100405;4118;1;11333384728;B
20241024;100409;4117;1;11333385252;B
20241024;100409;4118;24;11333385253;B
20241024;100409;4118;2;11333385254;B
20241024;100409;4119;72;11333385255;B
20241024;100409;4119;20;11333385256;B
20241024;100409;4119;1;11333385257;B
20241024;100409;4119;2;11333385258;B
20241024;100409;4120;36;11333385259;B
20241024;100410;4115;2;11333385430;S
20241024;100410;4115;2;11333385446;B
20241024;100410;4115;1;11333385504;B
20241024;100411;4115;1;11333385514;S
20241024;100411;4118;3;11333385561;B
20241024;100411;4119;2;11333385562;B
20241024;100411;4120;64;11333385563;B
20241024;100411;4120;10;11333385564;B
20241024;100411;4120;3;11333385565;B
20241024;100411;4120;10;11333385566;B
20241024;100411;4120;2;11333385567;B
20241024;100411;4120;2;11333385568;B
20241024;100411;4122;9;11333385574;B
20241024;100411;4122;30;11333385575;B
20241024;100411;4122;4;11333385577;B
20241024;100412;4122;1;11333385654;B
20241024;100412;4120;1;11333385665;S
20241024;100412;4122;20;11333385759;B
20241024;100412;4122;29;11333385803;B
20241024;100412;4123;21;11333385804;B
20241024;100413;4123;50;11333385873;B
20241024;100413;4120;1;11333385875;S
20241024;100413;4123;10;11333385948;B
20241024;100415;4122;3;11333386155;B
20241024;100415;4123;17;11333386156;B
20241024;100416;4123;1;11333386361;B
20241024;100418;4121;1;11333386660;S
20241024;100418;4120;131;11333386661;S
20241024;100419;4121;6;11333386849;B
20241024;100421;4118;2;11333387206;S
20241024;100421;4116;4;11333387240;S
20241024;100423;4116;2;11333387395;S
20241024;100423;4116;5;11333387396;S
20241024;100423;4115;28;11333387397;S
20241024;100423;4115;40;11333387398;S
20241024;100423;4115;4;11333387399;S
20241024;100424;4118;1;11333387685;B
20241024;100424;4119;3;11333387686;B
20241024;100424;4119;1;11333387687;B
20241024;100424;4120;1;11333387688;B
20241024;100424;4120;4;11333387689;B
20241024;100425;4120;1;11333387710;B
20241024;100425;4120;2;11333387711;B
20241024;100425;4121;19;11333387712;B
20241024;100425;4123;111;11333387713;B
20241024;100425;4123;2;11333387714;B
20241024;100425;4123;1;11333387715;B
20241024;100425;4124;1;11333387716;B
20241024;100425;4125;1;11333387717;B
20241024;100425;4125;1;11333387718;B
20241024;100425;4125;10;11333387719;B
20241024;100425;4125;51;11333387720;B
20241024;100425;4127;1;11333387721;B
20241024;100425;4127;1;11333387722;B
20241024;100425;4128;10;11333387723;B
20241024;100425;4129;20;11333387724;B
20241024;100425;4129;9;11333387725;B
20241024;100425;4129;20;11333387726;B
20241024;100425;4129;5;11333387727;B
20241024;100425;4129;1;11333387728;B
20241024;100425;4130;100;11333387729;B
20241024;100425;4130;10;11333387730;B
20241024;100425;4130;3;11333387731;B
20241024;100425;4130;10;11333387732;B
20241024;100425;4126;2;11333387768;B
20241024;100425;4121;7;11333387855;S
20241024;100426;4121;6;11333387871;S
20241024;100426;4121;20;11333387888;B
20241024;100426;4120;40;11333387904;S
20241024;100426;4120;1;11333387906;B
20241024;100426;4120;20;11333387974;B
20241024;100426;4118;1;11333388001;S
20241024;100428;4120;69;11333388193;B
20241024;100428;4121;31;11333388194;B
20241024;100430;4116;1;11333388540;S
20241024;100430;4120;1;11333388594;B
20241024;100431;4115;1;11333388732;S
20241024;100434;4120;1;11333389360;B
20241024;100436;4120;3;11333389570;B
20241024;100436;4119;1;11333389677;B
20241024;100436;4120;8;11333389678;B
20241024;100437;4121;20;11333389793;B
20241024;100437;4121;25;11333389843;B
20241024;100437;4121;24;11333390024;B
20241024;100438;4120;2;11333390066;S
20241024;100438;4120;12;11333390124;S
20241024;100438;4121;10;11333390132;B
20241024;100438;4121;30;11333390287;B
20241024;100439;4121;1;11333390298;B
20241024;100439;4121;1;11333390327;B
20241024;100442;4120;1;11333391057;S
20241024;100444;4120;1;11333391257;S
20241024;100444;4120;175;11333391370;S
20241024;100444;4120;200;11333391371;S
20241024;100444;4120;1;11333391430;B
20241024;100444;4120;1;11333391431;B
20241024;100448;4117;7;11333392071;S
20241024;100449;4115;6;11333392093;S
20241024;100449;4115;1;11333392094;S
20241024;100449;4115;1;11333392095;S
20241024;100449;4119;6;11333392187;B
20241024;100450;4111;3;11333392250;S
20241024;100451;4110;1;11333392521;S
20241024;100451;4110;7;11333392522;S
20241024;100451;4109;10;11333392523;S
20241024;100451;4108;2;11333392524;S
20241024;100451;4118;1;11333392572;B
20241024;100451;4119;13;11333392573;B
20241024;100451;4120;10;11333392574;B
20241024;100453;4111;2;11333392879;S
20241024;100454;4118;10;11333393214;B
20241024;100455;4119;3;11333393357;B
20241024;100456;4118;2;11333393491;B
20241024;100456;4119;8;11333393492;B
20241024;100456;4110;1;11333393497;S
20241024;100456;4118;1;11333393682;B
20241024;100456;4119;4;11333393683;B
20241024;100459;4119;5;11333394083;B
20241024;100459;4120;5;11333394084;B
20241024;100501;4113;1;11333394813;S
20241024;100504;4120;34;11333395501;B
20241024;100504;4120;166;11333395502;B
20241024;100505;4114;1;11333396005;S
20241024;100506;4119;1;11333396345;B
20241024;100508;4119;1;11333396535;B
20241024;100508;4120;4;11333396536;B
20241024;100508;4115;1;11333396665;S
20241024;100511;4119;1;11333397291;B
20241024;100511;4119;2;11333397292;B
20241024;100512;4119;10;11333397357;B
20241024;100514;4118;1;11333397989;S
20241024;100516;4114;1;11333398246;S
20241024;100523;4119;20;11333399692;B
20241024;100523;4119;1;11333399693;B
20241024;100523;4119;50;11333399748;S
20241024;100524;4119;20;11333399987;S
20241024;100525;4120;30;11333400071;B
20241024;100525;4119;54;11333400075;S
20241024;100532;4119;5;11333401192;S
20241024;100532;4119;10;11333401193;S
20241024;100532;4119;6;11333401238;B
20241024;100532;4120;45;11333401239;B
20241024;100532;4120;43;11333401240;B
20241024;100532;4120;4;11333401241;B
20241024;100532;4120;16;11333401242;B
20241024;100532;4120;1;11333401243;B
20241024;100532;4120;1;11333401353;S
20241024;100533;4120;15;11333401369;S
20241024;100533;4120;1;11333401502;S
20241024;100537;4120;68;11333402164;S
20241024;100537;4120;7;11333402165;S
20241024;100537;4120;1;11333402234;S
20241024;100538;4120;100;11333402385;B
20241024;100538;4120;10;11333402438;B
20241024;100541;4119;2;11333402926;B
20241024;100541;4117;1;11333402978;B
20241024;100544;4115;1;11333403499;S
20241024;100545;4119;1;11333403581;B
20241024;100550;4119;17;11333404467;B
20241024;100550;4119;15;11333404468;B
20241024;100550;4119;1;11333404554;S
20241024;100554;4120;1;11333405104;B
20241024;100556;4120;1;11333405704;B
20241024;100556;4120;4;11333405716;B
20241024;100557;4120;4;11333405751;B
20241024;100557;4120;12;11333405785;B
20241024;100558;4119;1;11333406007;S
20241024;100558;4120;4;11333406059;B
20241024;100559;4120;5;11333406289;B
20241024;100601;4119;226;11333406738;S
20241024;100601;4119;21;11333406739;S
20241024;100602;4116;7;11333406847;S
20241024;100604;4119;7;11333407322;B
20241024;100604;4120;3;11333407323;B
20241024;100604;4120;238;11333407466;B
20241024;100604;4120;1;11333407480;B
20241024;100605;4119;43;11333407702;B
20241024;100606;4119;2;11333408083;B
20241024;100607;4119;50;11333408263;B
20241024;100607;4119;126;11333408280;B
20241024;100607;4119;74;11333408281;B
20241024;100615;4118;20;11333410129;S
20241024;100615;4117;25;11333410130;S
20241024;100615;4117;20;11333410131;S
20241024;100615;4115;9;11333410132;S
20241024;100615;4115;13;11333410133;S
20241024;100615;4114;8;11333410134;S
20241024;100615;4114;30;11333410135;S
20241024;100615;4114;40;11333410136;S
20241024;100615;4113;10;11333410137;S
20241024;100615;4113;1;11333410138;S
20241024;100615;4113;2;11333410139;S
20241024;100615;4113;13;11333410140;S
20241024;100615;4112;5;11333410141;S
20241024;100615;4112;12;11333410142;S
20241024;100615;4111;86;11333410143;S
20241024;100615;4110;1;11333410144;S
20241024;100615;4110;2;11333410145;S
20241024;100615;4110;5;11333410146;S
20241024;100615;4110;7;11333410147;S
20241024;100615;4109;24;11333410148;S
20241024;100615;4109;25;11333410149;S
20241024;100615;4108;1;11333410150;S
20241024;100615;4108;4;11333410151;S
20241024;100615;4108;50;11333410152;S
20241024;100615;4108;10;11333410153;S
20241024;100615;4108;25;11333410154;S
20241024;100615;4107;2;11333410155;S
20241024;100615;4107;2;11333410156;S
20241024;100615;4106;60;11333410157;S
20241024;100615;4106;25;11333410158;S
20241024;100615;4106;25;11333410159;S
20241024;100615;4105;2;11333410160;S
20241024;100615;4105;10;11333410161;S
20241024;100615;4104;2;11333410162;S
20241024;100615;4104;75;11333410163;S
20241024;100615;4104;2;11333410164;S
20241024;100615;4104;1;11333410165;S
20241024;100615;4104;1;11333410166;S
20241024;100615;4104;1;11333410167;S
20241024;100615;4104;25;11333410168;S
20241024;100615;4103;1;11333410169;S
20241024;100615;4103;20;11333410170;S
20241024;100615;4103;1;11333410171;S
20241024;100615;4103;5;11333410172;S
20241024;100615;4103;1;11333410173;S
20241024;100615;4103;1;11333410174;S
20241024;100615;4103;1;11333410175;S
20241024;100615;4103;1;11333410176;S
20241024;100615;4103;1;11333410177;S
20241024;100615;4103;1;11333410178;S
20241024;100615;4103;12;11333410179;S
20241024;100615;4102;1;11333410180;S
20241024;100615;4102;84;11333410181;S
20241024;100615;4102;20;11333410182;S
20241024;100615;4102;50;11333410183;S
20241024;100615;4102;2;11333410184;S
20241024;100615;4102;1;11333410185;S
20241024;100615;4101;20;11333410186;S
20241024;100615;4101;1;11333410187;S
20241024;100615;4101;100;11333410188;S
20241024;100615;4101;10;11333410189;S
20241024;100615;4101;12;11333410190;S
20241024;100615;4101;50;11333410191;S
20241024;100615;4101;10;11333410192;S
20241024;100615;4101;20;11333410193;S
20241024;100615;4100;2;11333410194;S
20241024;100615;4100;4;11333410195;S
20241024;100615;4100;80;11333410196;S
20241024;100615;4100;3307;11333410197;S
20241024;100615;4100;4;11333410198;S
20241024;100615;4116;6;11333410206;B
20241024;100616;4115;7;11333410269;B
20241024;100616;4115;3;11333410270;B
20241024;100617;4110;25;11333410643;B
20241024;100617;4111;4;11333410644;B
20241024;100619;4107;1;11333411214;B
20241024;100622;4105;1;11333412194;B
20241024;100623;4105;1;11333412385;B
20241024;100623;4105;5;11333412399;B
20241024;100624;4106;10;11333412571;B
20241024;100625;4108;2;11333412763;B
20241024;100628;4107;15;11333413365;B
20241024;100629;4107;5;11333413399;B
20241024;100629;4107;2;11333413400;B
20241024;100632;4106;1;11333414116;B
20241024;100634;4106;2;11333414578;B
20241024;100634;4105;1;11333414587;S
20241024;100636;4104;2;11333414780;S
20241024;100636;4104;2;11333414781;S
20241024;100636;4104;3;11333414782;S
20241024;100636;4103;3;11333414783;S
20241024;100636;4103;2;11333414784;S
20241024;100636;4103;3;11333414785;S
20241024;100636;4102;6;11333414786;S
20241024;100636;4102;2;11333414787;S
20241024;100636;4101;13;11333414788;S
20241024;100636;4101;3;11333414789;S
20241024;100636;4101;4;11333414790;S
20241024;100636;4101;2;11333414791;S
20241024;100636;4101;1;11333414792;S
20241024;100636;4101;1;11333414793;S
20241024;100636;4100;53;11333414794;S
20241024;100638;4102;10;11333415251;B
20241024;100638;4102;1;11333415252;B
20241024;100639;4101;4;11333415501;S
20241024;100641;4102;5;11333415770;B
20241024;100643;4102;1;11333416339;B
20241024;100647;4102;1;11333417128;B
20241024;100651;4102;2;11333417902;B
20241024;100651;4101;2;11333417920;S
20241024;100651;4101;1;11333417924;S
20241024;100651;4101;1;11333417925;S
20241024;100651;4101;1;11333417926;S
20241024;100653;4101;1;11333418138;B
20241024;100655;4101;5;11333418479;B
20241024;100656;4100;1;11333418505;S
20241024;100656;4101;3;11333418545;B
20241024;100700;4101;2;11333419117;B
20241024;100702;4101;20;11333419422;B
20241024;100702;4101;11;11333419423;B
20241024;100702;4101;5;11333419424;B
20241024;100707;4101;1;11333420056;B
20241024;100708;4100;33;11333420188;S
20241024;100710;4102;2;11333420550;B
20241024;100710;4102;10;11333420551;B
20241024;100710;4102;11;11333420552;B
20241024;100711;4101;11;11333420801;S
20241024;100711;4100;15;11333420802;S
20241024;100712;4101;1;11333420939;B
20241024;100720;4101;5;11333422122;B
20241024;100721;4101;12;11333422248;B
20241024;100726;4102;9;11333423125;B
20241024;100726;4102;47;11333423126;B
20241024;100726;4102;13;11333423127;B
20241024;100726;4102;6;11333423128;B
20241024;100726;4103;6;11333423129;B
20241024;100726;4103;219;11333423130;B
20241024;100726;4103;1;11333423131;B
20241024;100726;4103;1;11333423274;B
20241024;100729;4103;1;11333423738;B
20241024;100731;4102;2;11333424194;S
20241024;100731;4102;2;11333424195;S
20241024;100731;4101;3;11333424196;S
20241024;100731;4101;1;11333424197;S
20241024;100731;4101;8;11333424198;S
20241024;100731;4101;2;11333424199;S
20241024;100731;4101;194;11333424200;S
20241024;100731;4103;1;11333424225;B
20241024;100749;4104;3;11333427413;B
20241024;100749;4105;13;11333427414;B
20241024;100749;4105;12;11333427415;B
20241024;100749;4106;100;11333427416;B
20241024;100749;4106;12;11333427417;B
20241024;100749;4108;5;11333427418;B
20241024;100749;4108;7;11333427419;B
20241024;100749;4108;5;11333427420;B
20241024;100749;4108;8;11333427421;B
20241024;100749;4108;2;11333427422;B
20241024;100749;4108;27;11333427423;B
20241024;100752;4109;2;11333428060;B
20241024;100754;4109;1;11333428343;B
20241024;100755;4109;2;11333428551;B
20241024;100755;4109;2;11333428552;B
20241024;100755;4109;2;11333428553;B
20241024;100755;4109;4;11333428554;B
20241024;100755;4110;2;11333428661;B
20241024;100755;4110;2;11333428699;B
20241024;100758;4110;2;11333429275;B
20241024;100800;4109;1;11333429648;S
20241024;100800;4110;2;11333429734;B
20241024;100801;4110;2;11333429915;B
20241024;100802;4110;2;11333430155;B
20241024;100802;4111;2;11333430183;B
20241024;100803;4111;6;11333430368;B
20241024;100807;4110;1;11333431144;S
20241024;100807;4111;1;11333431147;B
20241024;100821;4111;1;11333433544;B
20241024;100822;4111;3;11333433833;B
20241024;100822;4111;16;11333433834;B
20241024;100828;4111;2;11333434892;B
20241024;100828;4111;8;11333434893;B
20241024;100828;4110;1;11333434912;S
20241024;100830;4111;2;11333435370;B
20241024;100833;4110;1;11333436042;S
20241024;100833;4110;27;11333436043;S
20241024;100835;4110;48;11333436506;S
20241024;100836;4110;2;11333436792;B
20241024;100836;4110;3;11333436822;B
20241024;100837;4110;10;11333436846;B
20241024;100837;4110;2;11333436927;B
20241024;100847;4109;1;11333438698;S
20241024;100847;4109;1;11333438721;B
20241024;100849;4109;3;11333439003;B
20241024;100849;4110;11;11333439004;B
20241024;100849;4110;1;11333439005;B
20241024;100849;4110;20;11333439006;B
20241024;100849;4110;3;11333439007;B
20241024;100849;4110;1;11333439065;S
20241024;100849;4110;1;11333439068;S
20241024;100851;4111;1;11333439439;B
20241024;100852;4111;2;11333439797;B
20241024;100852;4111;48;11333439798;B
20241024;100852;4111;2;11333439799;B
20241024;100853;4110;1;11333439824;S
20241024;100900;4110;5;11333441567;S
20241024;100901;4110;54;11333441858;S
20241024;100901;4110;4;11333441859;S
20241024;100904;4110;1;11333442551;B
20241024;100906;4110;1;11333442883;B
20241024;100907;4111;2;11333442912;B
20241024;100914;4111;15;11333444630;B
20241024;100914;4111;11;11333444631;B
20241024;100914;4111;2;11333444632;B
20241024;100914;4111;1;11333444633;B
20241024;100914;4111;1;11333444634;B
20241024;100914;4111;13;11333444635;B
20241024;100914;4110;30;11333444651;S
20241024;100915;4111;1;11333444970;B
20241024;100915;4111;2;11333444971;B
20241024;100915;4112;2;11333444972;B
20241024;100915;4112;1;11333444973;B
20241024;100915;4112;1;11333444974;B
20241024;100915;4112;2;11333444975;B
20241024;100915;4113;5;11333444976;B
20241024;100915;4113;2;11333444977;B
20241024;100915;4113;3;11333444978;B
20241024;100915;4113;4;11333444979;B
20241024;100917;4112;1;11333445479;B
20241024;100931;4111;17;11333448419;B
20241024;100931;4112;5;11333448420;B
20241024;100931;4112;20;11333448421;B
20241024;100931;4112;2;11333448422;B
20241024;100931;4113;40;11333448423;B
20241024;100931;4113;2;11333448424;B
20241024;100931;4113;4;11333448425;B
20241024;100931;4114;1;11333448426;B
20241024;100931;4114;13;11333448427;B
20241024;100931;4115;50;11333448428;B
20241024;100931;4116;1;11333448429;B
20241024;100931;4116;24;11333448430;B
20241024;100931;4117;55;11333448431;B
20241024;100931;4117;1;11333448432;B
20241024;100931;4118;30;11333448433;B
20241024;100931;4118;25;11333448434;B
20241024;100931;4118;2;11333448435;B
20241024;100931;4119;96;11333448436;B
20241024;100931;4119;1;11333448437;B
20241024;100931;4119;12;11333448438;B
20241024;100931;4120;33;11333448439;B
20241024;100932;4119;2;11333448796;B
20241024;100934;4111;3;11333449133;S
20241024;100934;4111;1;11333449134;S
20241024;100934;4110;5;11333449183;S
20241024;100936;4110;5;11333449409;B
20241024;100942;4117;1;11333450701;B
20241024;100942;4118;3;11333450702;B
20241024;100949;4118;1;11333451537;B
20241024;100949;4118;1;11333451538;B
20241024;100949;4119;10;11333451539;B
20241024;100951;4118;1;11333451885;B
20241024;100952;4119;1;11333451910;B
20241024;100954;4119;14;11333452257;B
20241024;100954;4119;1;11333452258;B
20241024;100954;4119;1;11333452259;B
20241024;100954;4120;84;11333452260;B
20241024;100954;4120;4;11333452262;B
20241024;100954;4120;2;11333452263;B
20241024;100958;4116;11;11333452719;B
20241024;100958;4118;3;11333452720;B
20241024;100958;4119;3;11333452721;B
20241024;100958;4119;33;11333452722;B
20241024;101006;4118;1;11333453889;B
20241024;101009;4117;2;11333454221;S
20241024;101009;4114;1;11333454222;S
20241024;101009;4113;2;11333454223;S
20241024;101011;4117;1;11333454396;B
20241024;101021;4114;2;11333456019;B
20241024;101022;4114;5;11333456073;B
20241024;101022;4112;4;11333456112;S
20241024;101022;4111;2;11333456113;S
20241024;101022;4110;5;11333456114;S
20241024;101022;4110;2;11333456115;S
20241024;101022;4110;4;11333456116;S
20241024;101022;4110;3;11333456117;S
20241024;101022;4110;1;11333456118;S
20241024;101022;4110;6;11333456119;S
20241024;101022;4109;6;11333456120;S
20241024;101022;4108;7;11333456121;S
20241024;101023;4112;4;11333456300;S
20241024;101024;4114;30;11333456348;B
20241024;101024;4112;6;11333456423;S
20241024;101030;4112;19;11333457239;B
20241024;101030;4112;50;11333457240;B
20241024;101032;4114;163;11333457571;B
20241024;101032;4116;13;11333457572;B
20241024;101032;4116;5;11333457573;B
20241024;101032;4116;17;11333457574;B
20241024;101032;4117;42;11333457575;B
20241024;101036;4115;5;11333458057;B
20241024;101038;4112;2;11333458324;S
20241024;101040;4112;5;11333458596;S
20241024;101043;4115;5;11333459321;B
20241024;101043;4115;6;11333459322;B
20241024;101043;4115;3;11333459323;B
20241024;101043;4115;50;11333459324;B
20241024;101043;4116;7;11333459325;B
20241024;101043;4116;6;11333459326;B
20241024;101043;4117;8;11333459327;B
20241024;101043;4117;50;11333459328;B
20241024;101043;4117;50;11333459329;B
20241024;101043;4118;4;11333459330;B
20241024;101043;4118;1;11333459331;B
20241024;101043;4118;8;11333459332;B
20241024;101043;4118;4;11333459333;B
20241024;101043;4118;1;11333459334;B
20241024;101043;4118;5;11333459335;B
20241024;101043;4118;1;11333459336;B
20241024;101043;4118;10;11333459337;B
20241024;101043;4118;25;11333459338;B
20241024;101043;4119;467;11333459339;B
20241024;101043;4119;189;11333459340;B
20241024;101043;4119;1;11333459341;B
20241024;101043;4119;10;11333459342;B
20241024;101044;4115;2;11333459371;B
20241024;101044;4115;9;11333459372;B
20241024;101050;4115;1;11333460654;B
20241024;101050;4115;3;11333460682;B
20241024;101050;4117;4;11333460683;B
20241024;101050;4118;2;11333460684;B
20241024;101054;4114;1;11333461472;S
20241024;101054;4114;9;11333461473;S
20241024;101055;4118;2;11333461615;B
20241024;101055;4118;3;11333461616;B
20241024;101055;4118;3;11333461617;B
20241024;101056;4117;1;11333461857;B
20241024;101057;4118;2;11333461989;B
20241024;101103;4116;10;11333463508;S
20241024;101110;4115;10;11333465545;S
20241024;101115;4115;3;11333466420;S
20241024;101121;4113;2;11333467432;S
20241024;101121;4115;1;11333467484;B
20241024;101122;4116;3;11333467505;B
20241024;101124;4116;7;11333467787;B
20241024;101124;4117;20;11333467788;B
20241024;101124;4117;41;11333467789;B
20241024;101124;4117;2;11333467790;B
20241024;101128;4117;1;11333468471;S
20241024;101129;4117;25;11333468701;S
20241024;101130;4117;15;11333468850;S
20241024;101130;4115;4;11333468851;S
20241024;101130;4115;24;11333468852;S
20241024;101132;4115;1;11333469243;B
20241024;101133;4113;5;11333469424;S
20241024;101133;4112;24;11333469425;S
20241024;101133;4112;5;11333469426;S
20241024;101133;4112;1;11333469427;S
20241024;101133;4112;2;11333469428;S
20241024;101133;4111;13;11333469429;S
20241024;101144;4111;2;11333471003;S
20241024;101144;4111;9;11333471004;S
20241024;101153;4111;1;11333472512;S
20241024;101156;4111;1;11333473059;S
20241024;101206;4113;3;11333474298;B
20241024;101206;4113;1;11333474299;B
20241024;101206;4113;4;11333474300;B
20241024;101206;4114;2;11333474301;B
20241024;101209;4113;1;11333474978;B
20241024;101218;4111;2;11333476589;S
20241024;101218;4111;4;11333476590;S
20241024;101218;4111;1;11333476591;S
20241024;101218;4111;3;11333476592;S
20241024;101218;4113;1;11333476716;B
20241024;101219;4111;1;11333476772;S
20241024;101219;4111;1;11333476834;S
20241024;101219;4111;1;11333476835;S
20241024;101219;4110;100;11333476836;S
20241024;101230;4110;1;11333478600;B
20241024;101230;4108;10;11333478709;S
20241024;101230;4108;6;11333478710;S
20241024;101230;4107;5;11333478711;S
20241024;101230;4107;2;11333478712;S
20241024;101234;4109;1;11333479214;B
20241024;101237;4106;1;11333479543;S
20241024;101237;4106;12;11333479544;S
20241024;101237;4105;2;11333479545;S
20241024;101237;4105;5;11333479546;S
20241024;101237;4105;138;11333479547;S
20241024;101237;4105;24;11333479548;S
20241024;101237;4105;4;11333479549;S
20241024;101237;4104;12;11333479550;S
20241024;101237;4104;30;11333479551;S
20241024;101237;4104;4;11333479552;S
20241024;101237;4103;1;11333479553;S
20241024;101237;4103;4;11333479554;S
20241024;101237;4103;5;11333479555;S
20241024;101237;4103;1;11333479556;S
20241024;101237;4103;1;11333479557;S
20241024;101237;4103;1;11333479558;S
20241024;101237;4103;80;11333479559;S
20241024;101237;4103;5;11333479560;S
20241024;101237;4103;40;11333479561;S
20241024;101237;4102;1;11333479562;S
20241024;101237;4102;8;11333479563;S
20241024;101237;4102;5;11333479564;S
20241024;101237;4102;7;11333479565;S
20241024;101237;4102;5;11333479566;S
20241024;101237;4101;56;11333479567;S
20241024;101237;4101;1;11333479568;S
20241024;101237;4101;2;11333479569;S
20241024;101237;4101;2;11333479570;S
20241024;101237;4101;1;11333479571;S
20241024;101237;4101;15;11333479572;S
20241024;101237;4101;20;11333479573;S
20241024;101237;4101;5;11333479574;S
20241024;101237;4101;3;11333479575;S
20241024;101237;4101;4;11333479576;S
20241024;101237;4101;1;11333479577;S
20241024;101237;4101;5;11333479578;S
20241024;101237;4101;50;11333479579;S
20241024;101237;4101;5;11333479580;S
20241024;101237;4101;5;11333479581;S
20241024;101237;4101;1;11333479582;S
20241024;101237;4101;2;11333479583;S
20241024;101237;4100;154;11333479584;S
20241024;101237;4100;4;11333479589;S
20241024;101237;4100;2;11333479590;S
20241024;101239;4106;2;11333479948;B
20241024;101242;4101;1;11333480588;S
20241024;101242;4101;2;11333480589;S
20241024;101242;4100;47;11333480590;S
20241024;101242;4100;4;11333480593;S
20241024;101244;4101;4;11333480957;S
20241024;101244;4101;4;11333480958;S
20241024;101244;4100;22;11333480959;S
20241024;101245;4100;1;11333481109;S
20241024;101245;4104;1;11333481114;B
20241024;101247;4105;13;11333481459;B
20241024;101247;4106;6;11333481460;B
20241024;101255;4106;5;11333482891;B
20241024;101255;4106;1;11333482892;B
20241024;101300;4106;4;11333483624;B
20241024;101300;4106;13;11333483625;B
20241024;101300;4106;2;11333483626;B
20241024;101300;4107;1;11333483627;B
20241024;101300;4103;1;11333483663;S
20241024;101300;4103;13;11333483664;S
20241024;101301;4103;6;11333483700;B
20241024;101304;4103;40;11333484257;B
20241024;101304;4104;20;11333484258;B
20241024;101308;4106;1;11333485121;B
20241024;101310;4105;2;11333485428;B
20241024;101316;4102;5;11333486222;S
20241024;101316;4102;3;11333486223;S
20241024;101318;4101;5;11333486379;S
20241024;101318;4101;50;11333486380;S
20241024;101318;4101;4;11333486381;S
20241024;101318;4101;1;11333486382;S
20241024;101318;4100;210;11333486383;S
20241024;101320;4102;1;11333486795;B
20241024;101326;4102;5;11333487797;B
20241024;101328;4100;50;11333488092;S
20241024;101331;4102;1;11333488584;B
20241024;101333;4100;1;11333489093;S
20241024;101334;4100;2;11333489302;S
20241024;101335;4100;50;11333489656;S
20241024;101336;4100;8;11333490062;S
20241024;101336;4100;5;11333490081;S
20241024;101336;4100;5;11333490151;S
20241024;101337;4100;30;11333490375;S
20241024;101338;4102;1;11333490403;B
20241024;101338;4100;75;11333490436;S
20241024;101338;4100;12;11333490479;S
20241024;101338;4100;118;11333490551;S
20241024;101338;4100;5;11333490552;S
20241024;101338;4100;10;11333490553;S
20241024;101338;4100;1;11333490554;S
20241024;101338;4100;3;11333490555;S
20241024;101338;4100;63;11333490556;S
20241024;101338;4100;17;11333490569;S
20241024;101338;4100;14;11333490570;S
20241024;101338;4100;1;11333490571;S
20241024;101338;4100;151;11333490572;S
20241024;101338;4100;1;11333490573;S
20241024;101338;4100;6;11333490574;S
20241024;101338;4100;10;11333490575;S
20241024;101338;4100;10;11333490576;S
20241024;101339;4100;5;11333490607;S
20241024;101339;4100;74;11333490640;S
20241024;101339;4100;26;11333490641;S
20241024;101339;4100;1;11333490642;S
20241024;101339;4100;1;11333490643;S
20241024;101339;4100;13;11333490644;S
20241024;101339;4099;1;11333490649;S
20241024;101339;4098;1;11333490650;S
20241024;101339;4097;1;11333490651;S
20241024;101339;4095;2;11333490652;S
20241024;101339;4095;4;11333490653;S
20241024;101339;4094;1;11333490654;S
20241024;101339;4094;1;11333490655;S
20241024;101339;4094;12;11333490656;S
20241024;101339;4094;2;11333490657;S
20241024;101339;4093;1;11333490658;S
20241024;101339;4093;20;11333490659;S
20241024;101339;4093;17;11333490660;S
20241024;101339;4092;1;11333490661;S
20241024;101339;4092;1;11333490662;S
20241024;101339;4092;4;11333490665;S
20241024;101339;4091;1;11333490666;S
20241024;101339;4091;4;11333490667;S
20241024;101339;4091;50;11333490668;S
20241024;101339;4091;10;11333490669;S
20241024;101339;4090;1;11333490670;S
20241024;101339;4090;1;11333490671;S
20241024;101339;4090;100;11333490672;S
20241024;101339;4090;1;11333490673;S
20241024;101339;4090;5;11333490674;S
20241024;101339;4090;1;11333490675;S
20241024;101339;4090;10;11333490676;S
20241024;101339;4090;16;11333490677;S
20241024;101339;4089;16;11333490678;S
20241024;101339;4088;10;11333490679;S
20241024;101339;4087;20;11333490680;S
20241024;101339;4086;5;11333490681;S
20241024;101339;4085;44;11333490682;S
20241024;101339;4086;2;11333490695;S
20241024;101339;4089;4;11333490724;S
20241024;101339;4086;3;11333490725;S
20241024;101340;4097;1;11333490784;B
20241024;101340;4086;1;11333490789;S
20241024;101340;4085;1;11333490790;S
20241024;101341;4097;1;11333490946;B
20241024;101341;4097;3;11333491027;B
20241024;101341;4097;4;11333491028;B
20241024;101341;4098;2;11333491029;B
20241024;101341;4098;4;11333491030;B
20241024;101341;4099;13;11333491031;B
20241024;101341;4100;13;11333491032;B
20241024;101341;4100;10;11333491033;B
20241024;101341;4101;10;11333491034;B
20241024;101341;4101;4;11333491035;B
20241024;101341;4101;8;11333491036;B
20241024;101341;4101;5;11333491037;B
20241024;101341;4101;7;11333491038;B
20241024;101341;4102;34;11333491039;B
20241024;101341;4102;45;11333491040;B
20241024;101341;4103;21;11333491041;B
20241024;101341;4105;6;11333491042;B
20241024;101345;4102;1;11333491843;B
20241024;101345;4094;2;11333491956;S
20241024;101346;4095;1;11333492223;S
20241024;101353;4101;1;11333493938;B
20241024;101353;4102;1;11333493939;B
20241024;101353;4102;1;11333493940;B
20241024;101356;4099;3;11333494476;B
20241024;101356;4098;1;11333494516;S
20241024;101358;4096;3;11333494729;S
20241024;101358;4099;9;11333494854;B
20241024;101359;4099;1;11333495018;B
20241024;101409;4101;2;11333496908;S
20241024;101409;4100;2;11333496909;S
20241024;101409;4100;16;11333496910;S
20241024;101409;4100;1;11333496937;S
20241024;101410;4102;1;11333497016;B
20241024;101410;4100;1;11333497024;S
20241024;101414;4101;40;11333497592;S
20241024;101414;4101;1;11333497663;S
20241024;101421;4102;1;11333499530;B
20241024;101424;4100;1;11333500051;S
20241024;101425;4102;5;11333500255;B
20241024;101431;4101;15;11333501358;B
20241024;101431;4102;2;11333501359;B
20241024;101431;4102;21;11333501360;B
20241024;101431;4102;10;11333501361;B
20241024;101431;4103;2;11333501362;B
20241024;101432;4102;2;11333501716;S
20241024;101434;4102;8;11333502029;B
20241024;101434;4103;16;11333502030;B
20241024;101434;4104;1;11333502031;B
20241024;101434;4101;1;11333502091;S
20241024;101440;4104;2;11333503703;B
20241024;101441;4101;2;11333503943;S
20241024;101445;4102;1;11333504788;B
20241024;101445;4103;10;11333504789;B
20241024;101445;4104;1;11333504790;B
20241024;101445;4104;4;11333504791;B
20241024;101445;4104;9;11333504792;B
20241024;101446;4104;20;11333504917;B
20241024;101448;4104;1;11333505322;B
20241024;101449;4104;1;11333505370;B
20241024;101449;4104;1;11333505371;B
20241024;101452;4103;1;11333506033;S
20241024;101452;4103;1;11333506034;S
20241024;101452;4102;2;11333506035;S
20241024;101501;4104;1;11333507382;B
20241024;101501;4104;5;11333507415;B
20241024;101501;4104;1;11333507416;B
20241024;101501;4104;1;11333507436;B
20241024;101501;4101;1;11333507494;S
20241024;101501;4101;1;11333507536;S
20241024;101510;4103;1;11333509309;B
20241024;101510;4103;1;11333509325;B
20241024;101510;4103;5;11333509326;B
20241024;101510;4104;2;11333509327;B
20241024;101510;4104;11;11333509399;B
20241024;101510;4104;3;11333509400;B
20241024;101510;4105;4;11333509401;B
20241024;101510;4105;7;11333509402;B
20241024;101510;4105;1;11333509403;B
20241024;101510;4105;1;11333509452;B
20241024;101510;4105;1;11333509484;B
20241024;101511;4105;5;11333509504;B
20241024;101511;4102;1;11333509614;S
20241024;101511;4102;3;11333509615;S
20241024;101511;4101;4;11333509616;S
20241024;101511;4104;1;11333509803;B
20241024;101512;4104;1;11333509926;B
20241024;101512;4104;1;11333509927;B
20241024;101512;4104;1;11333510088;B
20241024;101513;4104;1;11333510218;B
20241024;101514;4104;1;11333510754;B
20241024;101515;4102;1;11333511029;S
20241024;101515;4101;1;11333511030;S
20241024;101516;4104;2;11333511405;B
20241024;101519;4104;1;11333512381;B
20241024;101519;4103;1;11333512412;S
20241024;101520;4104;1;11333512685;B
20241024;101520;4104;1;11333512717;B
20241024;101523;4104;1;11333513624;B
20241024;101523;4104;6;11333513673;B
20241024;101525;4103;1;11333514173;S
20241024;101526;4104;1;11333514378;B
20241024;101531;4104;1;11333515592;B
20241024;101532;4101;4;11333515767;S
20241024;101532;4101;2;11333515768;S
20241024;101532;4101;2;11333515769;S
20241024;101532;4101;1;11333515770;S
20241024;101532;4101;1;11333515771;S
20241024;101532;4101;2;11333515772;S
20241024;101532;4101;2;11333515773;S
20241024;101532;4100;231;11333515774;S
20241024;101532;4100;5;11333515775;S
20241024;101532;4100;1;11333515776;S
20241024;101532;4100;1;11333515777;S
20241024;101532;4099;1;11333515778;S
20241024;101532;4097;25;11333515779;S
20241024;101532;4096;1;11333515780;S
20241024;101532;4095;6;11333515910;B
20241024;101533;4095;10;11333516215;B
20241024;101533;4094;1;11333516221;S
20241024;101533;4093;2;11333516222;S
20241024;101533;4092;5;11333516223;S
20241024;101533;4092;1;11333516224;S
20241024;101533;4091;2;11333516225;S
20241024;101533;4091;3;11333516226;S
20241024;101535;4095;1;11333516609;B
20241024;101536;4093;1;11333516883;S
20241024;101536;4093;1;11333516884;S
20241024;101537;4092;1;11333517116;S
20241024;101537;4092;10;11333517117;S
20241024;101537;4092;13;11333517118;S
20241024;101537;4091;47;11333517119;S
20241024;101537;4091;20;11333517120;S
20241024;101537;4091;2;11333517121;S
20241024;101537;4090;2;11333517122;S
20241024;101537;4090;2;11333517123;S
20241024;101537;4090;3;11333517124;B
20241024;101537;4090;1;11333517170;B
20241024;101538;4090;75;11333517312;B
20241024;101538;4090;25;11333517324;B
20241024;101538;4090;25;11333517361;B
20241024;101538;4090;25;11333517388;B
20241024;101539;4090;25;11333517409;B
20241024;101539;4090;41;11333517425;B
20241024;101539;4090;7;11333517449;B
20241024;101539;4090;25;11333517473;B
20241024;101539;4090;1;11333517530;B
20241024;101540;4090;10;11333517648;B
20241024;101540;4090;100;11333517777;B
20241024;101540;4090;2;11333517780;B
20241024;101540;4090;38;11333517822;B
20241024;101542;4090;14;11333518198;B
20241024;101542;4090;14;11333518221;B
20241024;101543;4090;1;11333518300;B
20241024;101543;4090;30;11333518365;B
20241024;101543;4090;1;11333518532;B
20241024;101543;4090;40;11333518533;B
20241024;101544;4089;2;11333518614;S
20241024;101544;4090;1;11333518697;B
20241024;101547;4090;9;11333519123;B
20241024;101550;4090;100;11333519710;B
20241024;101552;4090;100;11333520274;B
20241024;101553;4090;16;11333520430;B
20241024;101553;4090;25;11333520488;B
20241024;101554;4089;1;11333520544;S
20241024;101555;4089;1;11333520876;S
20241024;101559;4090;75;11333521398;B
20241024;101600;4090;1;11333521755;B
20241024;101600;4089;1;11333521782;S
20241024;101600;4089;9;11333521783;S
20241024;101600;4090;13;11333521790;B
20241024;101603;4090;27;11333522331;B
20241024;101604;4089;6;11333522455;S
20241024;101604;4089;5;11333522509;S
20241024;101606;4090;1;11333522895;B
20241024;101606;4090;2;11333522907;B
20241024;101607;4090;30;11333523231;B
20241024;101611;4090;2;11333523935;B
20241024;101612;4090;3702;11333524361;B
20241024;101612;4091;13;11333524362;B
20241024;101612;4091;18;11333524363;B
20241024;101612;4092;2;11333524364;B
20241024;101612;4093;2;11333524365;B
20241024;101612;4097;1;11333524366;B
20241024;101612;4097;24;11333524367;B
20241024;101612;4098;5;11333524368;B
20241024;101612;4099;5;11333524369;B
20241024;101612;4099;2;11333524370;B
20241024;101613;4100;1;11333524411;B
20241024;101613;4100;2;11333524412;B
20241024;101613;4100;2;11333524413;B
20241024;101613;4099;6;11333524875;S
20241024;101614;4099;30;11333524988;S
20241024;101618;4100;3;11333525710;B
20241024;101621;4100;5;11333526134;B
20241024;101627;4100;1;11333527416;B
20241024;101627;4099;1;11333527438;S
20241024;101629;4099;2;11333527706;S
20241024;101633;4099;50;11333529229;S
20241024;101635;4100;19;11333530000;B
20241024;101635;4100;20;11333530001;B
20241024;101635;4101;11;11333530002;B
20241024;101635;4101;9;11333530003;B
20241024;101635;4101;26;11333530004;B
20241024;101640;4100;6;11333531053;S
20241024;101642;4100;12;11333531428;S
20241024;101642;4099;106;11333531429;S
20241024;101643;4099;2;11333531578;S
20241024;101644;4099;1;11333531696;S
20241024;101656;4101;2;11333534875;B
20241024;101656;4102;1;11333534876;B
20241024;101656;4102;12;11333534877;B
20241024;101656;4102;10;11333534878;B
20241024;101658;4101;2;11333535239;B
20241024;101658;4102;3;11333535240;B
20241024;101658;4102;1;11333535241;B
20241024;101701;4100;3;11333535592;S
20241024;101702;4102;1;11333535720;B
20241024;101704;4103;1;11333535869;B
20241024;101707;4102;1;11333536556;B
20241024;101714;4102;1;11333537742;B
20241024;101714;4102;8;11333537800;B
20241024;101714;4102;11;11333537801;B
20241024;101716;4102;5;11333538117;B
20241024;101719;4102;1;11333538538;B
20241024;101721;4102;1;11333538866;B
20241024;101725;4102;1;11333540303;B
20241024;101728;4102;2;11333544120;B
20241024;101731;4102;2;11333545315;B
20241024;101732;4102;1;11333545748;B
20241024;101742;4101;6;11333549301;S
20241024;101742;4101;5;11333549302;S
20241024;101746;4101;1;11333550336;S
20241024;101748;4102;10;11333550684;B
20241024;101749;4101;3;11333550961;S
20241024;101751;4102;4;11333551469;B
20241024;101751;4102;5;11333551517;B
20241024;101751;4103;5;11333551518;B
20241024;101751;4103;75;11333551519;B
20241024;101751;4104;6;11333551520;B
20241024;101751;4105;5;11333551521;B
20241024;101751;4105;50;11333551522;B
20241024;101751;4105;6;11333551523;B
20241024;101752;4107;1;11333551837;B
20241024;101754;4107;1;11333552543;B
20241024;101754;4107;1;11333552544;B
20241024;101755;4107;5;11333552646;S
20241024;101755;4107;2;11333552790;B
20241024;101757;4105;5;11333553753;S
20241024;101814;4106;28;11333558901;B
20241024;101814;4106;28;11333558902;B
20241024;101814;4106;17;11333558903;B
20241024;101814;4107;5;11333558904;B
20241024;101814;4107;2;11333558905;B
20241024;101814;4107;7;11333558906;B
20241024;101814;4108;5;11333558907;B
20241024;101814;4108;1;11333558908;B
20241024;101823;4107;1;11333561414;B
20241024;101825;4107;1;11333561725;B
20241024;101833;4107;1;11333563399;B
20241024;101834;4107;23;11333563547;B
20241024;101836;4109;1;11333563854;B
20241024;101836;4109;2;11333563855;B
20241024;101836;4110;7;11333563856;B
20241024;101836;4110;6;11333563982;B
20241024;101838;4110;1;11333564521;B
20241024;101839;4108;1;11333564634;S
20241024;101848;4110;1;11333567088;B
20241024;101852;4110;10;11333568385;B
20241024;101856;4110;5;11333569337;B
20241024;101856;4110;20;11333569338;B
20241024;101856;4110;25;11333569375;B
20241024;101856;4110;4;11333569379;B
20241024;101856;4110;1;11333569575;B
20241024;101856;4110;4;11333569576;B
20241024;101858;4110;6;11333570048;B
20241024;101858;4110;10;11333570049;B
20241024;101900;4110;12;11333570516;B
20241024;101900;4110;8;11333570517;B
20241024;101900;4110;4;11333570520;B
20241024;101908;4111;1;11333572226;S
20241024;101910;4112;5;11333572407;B
20241024;101910;4113;11;11333572408;B
20241024;101910;4113;3;11333572409;B
20241024;101910;4114;1;11333572410;B
20241024;101911;4111;3;11333572645;S
20241024;101913;4111;10;11333572992;B
20241024;101917;4111;4;11333573550;B
20241024;101917;4114;1;11333573590;B
20241024;101919;4113;19;11333574061;S
20241024;101919;4113;7;11333574062;S
20241024;101922;4113;1;11333574537;S
20241024;101922;4114;1;11333574646;B
20241024;101922;4114;3;11333574647;B
20241024;101926;4114;7;11333575127;B
20241024;101926;4114;1;11333575128;B
20241024;101928;4114;21;11333575450;S
20241024;101928;4113;24;11333575451;S
20241024;101928;4113;13;11333575452;S
20241024;101928;4113;21;11333575453;S
20241024;101928;4112;940;11333575454;S
20241024;101928;4112;4;11333575455;S
20241024;101928;4114;10;11333575458;S
20241024;101929;4112;25;11333575649;S
20241024;101929;4112;4;11333575650;S
20241024;101932;4114;16;11333575960;B
20241024;101932;4114;4;11333575961;B
20241024;101932;4112;2;11333575966;S
20241024;101932;4112;2;11333575978;S
20241024;101933;4112;2;11333576153;S
20241024;101933;4112;2;11333576198;S
20241024;101933;4114;1;11333576218;B
20241024;101935;4112;2;11333576432;S
20241024;101935;4112;2;11333576450;S
20241024;101936;4112;2;11333576635;S
20241024;101937;4112;2;11333576785;S
20241024;101938;4112;2;11333576845;S
20241024;101939;4114;2;11333577071;B
20241024;101942;4114;1;11333577486;B
20241024;101955;4113;12;11333579137;S
20241024;101956;4114;1;11333579243;B
20241024;101959;4114;1;11333579612;B
20241024;102004;4114;2;11333580185;B
20241024;102009;4114;1;11333580954;B
20241024;102009;4113;7;11333581122;S
20241024;102010;4112;5;11333581127;S
20241024;102010;4112;5;11333581128;S
20241024;102010;4112;10;11333581129;S
20241024;102012;4113;50;11333581472;B
20241024;102024;4112;5;11333587915;S
20241024;102027;4112;65;11333589931;S
20241024;102027;4112;35;11333589932;S
20241024;102028;4112;5;11333590628;S
20241024;102029;4113;16;11333590848;B
20241024;102029;4113;10;11333591188;B
20241024;102032;4113;24;11333592501;B
20241024;102032;4113;4;11333592505;B
20241024;102033;4113;1;11333593292;B
20241024;102033;4113;1;11333593293;B
20241024;102033;4113;1;11333593294;B
20241024;102036;4113;1;11333595346;B
20241024;102040;4113;1;11333597940;B
20241024;102041;4113;1;11333598668;B
20241024;102046;4113;1;11333601269;B
20241024;102046;4113;1;11333601321;B
20241024;102051;4113;1;11333604070;B
20241024;102051;4113;1;11333604071;B
20241024;102051;4113;4;11333604072;B
20241024;102051;4113;1;11333604073;B
20241024;102051;4114;1;11333604341;B
20241024;102100;4114;1;11333609585;B
20241024;102100;4114;1;11333609623;B
20241024;102101;4114;1;11333610016;B
20241024;102103;4113;1;11333611180;S
20241024;102103;4114;1;11333611639;B
20241024;102106;4115;1;11333613160;B
20241024;102107;4115;9;11333613706;B
20241024;102107;4115;10;11333613707;B
20241024;102107;4115;10;11333613708;B
20241024;102107;4115;10;11333613709;B
20241024;102107;4115;4;11333613710;B
20241024;102107;4116;5;11333613711;B
20241024;102107;4116;2;11333613712;B
20241024;102108;4115;8;11333614237;B
20241024;102118;4115;5;11333618660;B
20241024;102119;4115;1;11333618858;S
20241024;102120;4115;16;11333619139;S
20241024;102125;4116;8;11333619654;B
20241024;102125;4116;50;11333619655;B
20241024;102125;4117;2;11333619656;B
20241024;102125;4117;170;11333619657;B
20241024;102127;4115;1;11333620193;S
20241024;102129;4117;4;11333620283;B
20241024;102131;4116;2;11333620699;B
20241024;102131;4117;5;11333620700;B
20241024;102139;4117;1;11333621956;B
20241024;102140;4116;5;11333622303;S
20241024;102144;4116;1;11333622869;B
20241024;102147;4115;7;11333623390;S
20241024;102154;4116;6;11333624346;B
20241024;102154;4117;100;11333624347;B
20241024;102154;4117;8;11333624348;B
20241024;102154;4117;35;11333624349;B
20241024;102154;4117;30;11333624350;B
20241024;102154;4118;2;11333624351;B
20241024;102154;4118;20;11333624352;B
20241024;102154;4118;25;11333624353;B
20241024;102154;4118;10;11333624354;B
20241024;102154;4118;5;11333624355;B
20241024;102154;4118;9;11333624356;B
20241024;102154;4118;1;11333624432;B
20241024;102154;4118;2;11333624433;B
20241024;102154;4118;27;11333624434;B
20241024;102155;4117;4;11333624607;S
20241024;102200;4118;33;11333625329;B
20241024;102200;4118;1;11333625352;B
20241024;102201;4118;4;11333625423;B
20241024;102210;4118;10;11333627231;B
20241024;102215;4118;9;11333628908;B
20241024;102215;4118;70;11333628909;B
20241024;102215;4119;1;11333628910;B
20241024;102215;4119;780;11333628911;B
20241024;102215;4119;1;11333628912;B
20241024;102215;4119;8;11333628913;B
20241024;102215;4119;17;11333628914;B
20241024;102215;4120;193;11333628915;B
20241024;102215;4120;10;11333628916;B
20241024;102215;4120;1;11333628917;B
20241024;102215;4120;10;11333628918;B
20241024;102215;4120;9;11333628919;B
20241024;102215;4120;30;11333628920;B
20241024;102215;4120;13;11333628921;B
20241024;102215;4120;1;11333628922;B
20241024;102215;4120;50;11333628923;B
20241024;102215;4120;17;11333628924;B
20241024;102215;4121;129;11333628925;B
20241024;102215;4121;10;11333628926;B
20241024;102215;4125;5;11333628927;B
20241024;102215;4125;10;11333628928;B
20241024;102215;4125;200;11333628929;B
20241024;102215;4126;5;11333628930;B
20241024;102215;4126;2;11333628931;B
20241024;102215;4127;1;11333628932;B
20241024;102215;4127;2;11333628933;B
20241024;102215;4127;13;11333628934;B
20241024;102215;4127;10;11333628935;B
20241024;102215;4127;1;11333628936;B
20241024;102215;4127;4;11333628937;B
20241024;102215;4128;10;11333628938;B
20241024;102215;4128;4;11333628939;B
20241024;102215;4128;200;11333628940;B
20241024;102215;4128;1;11333628941;B
20241024;102215;4128;5;11333628942;B
20241024;102215;4128;1;11333628943;B
20241024;102215;4129;10;11333628944;B
20241024;102215;4129;20;11333628945;B
20241024;102215;4129;1;11333628946;B
20241024;102215;4129;3;11333628947;B
20241024;102215;4129;100;11333628948;B
20241024;102215;4129;1;11333628949;B
20241024;102215;4129;1;11333628950;B
20241024;102215;4129;31;11333628951;B
20241024;102215;4128;13;11333628952;B
20241024;102215;4129;7;11333628953;B
20241024;102215;4127;12;11333628954;B
20241024;102215;4128;4;11333628955;B
20241024;102215;4129;4;11333628956;B
20241024;102216;4129;18;11333628973;B
20241024;102216;4129;4;11333628974;B
20241024;102216;4130;3;11333628975;B
20241024;102216;4130;2;11333628976;B
20241024;102216;4130;1;11333628977;B
20241024;102216;4130;8;11333628978;B
20241024;102216;4130;1;11333628979;B
20241024;102216;4130;1;11333628980;B
20241024;102216;4130;17;11333628981;B
20241024;102216;4130;10;11333629012;B
20241024;102216;4130;1;11333629032;B
20241024;102216;4130;10;11333629037;B
20241024;102216;4130;8;11333629079;B
20241024;102216;4130;1;11333629080;B
20241024;102216;4130;1;11333629081;B
20241024;102217;4125;2;11333629316;B
20241024;102218;4124;4;11333629448;B
20241024;102219;4124;6;11333629493;S
20241024;102219;4121;9;11333629494;S
20241024;102219;4120;13;11333629495;S
20241024;102219;4120;13;11333629496;S
20241024;102219;4120;9;11333629497;S
20241024;102219;4125;23;11333629571;B
20241024;102219;4125;2;11333629572;B
20241024;102225;4124;2;11333630171;S
20241024;102225;4129;13;11333630198;B
20241024;102225;4129;13;11333630199;B
20241024;102225;4129;34;11333630200;B
20241024;102227;4129;2;11333630343;B
20241024;102229;4129;1;11333630618;B
20241024;102234;4128;2;11333631117;B
20241024;102234;4129;14;11333631118;B
20241024;102234;4129;1;11333631195;S
20241024;102235;4130;9;11333631338;B
20241024;102235;4130;100;11333631339;B
20241024;102235;4130;1;11333631340;B
20241024;102235;4130;151;11333631341;B
20241024;102235;4131;39;11333631342;B
20241024;102235;4131;1;11333631343;B
20241024;102235;4131;20;11333631344;B
20241024;102235;4131;40;11333631352;B
20241024;102235;4131;10;11333631353;B
20241024;102235;4131;3;11333631393;B
20241024;102235;4131;100;11333631394;B
20241024;102236;4131;5;11333631405;B
20241024;102236;4131;5;11333631421;B
20241024;102236;4131;12;11333632038;B
20241024;102236;4131;15;11333632055;B
20241024;102236;4131;10;11333632056;B
20241024;102237;4134;1;11333632141;B
20241024;102237;4132;1;11333632152;S
20241024;102237;4132;9;11333632153;S
20241024;102238;4134;1;11333632190;B
20241024;102242;4133;1;11333633135;B
20241024;102242;4134;3;11333633136;B
20241024;102242;4134;1;11333633137;B
20241024;102243;4134;1;11333633346;B
20241024;102243;4134;1;11333633376;B
20241024;102244;4131;5;11333633433;S
20241024;102244;4131;13;11333633434;S
20241024;102244;4131;1;11333633435;S
20241024;102244;4131;3;11333633436;S
20241024;102244;4131;8;11333633437;S
20241024;102249;4131;1;11333634138;S
20241024;102249;4131;49;11333634139;S
20241024;102251;4131;19;11333634539;S
20241024;102256;4133;3;11333635088;B
20241024;102256;4134;7;11333635089;B
20241024;102257;4132;5;11333635160;S
20241024;102257;4132;9;11333635161;S
20241024;102257;4131;17;11333635162;S
20241024;102258;4131;1;11333635386;S
20241024;102259;4133;1;11333635431;B
20241024;102259;4133;1;11333635466;S
20241024;102301;4134;1;11333635620;B
20241024;102301;4134;1;11333635723;B
20241024;102301;4134;3;11333635724;B
20241024;102301;4134;12;11333635725;B
20241024;102301;4135;10;11333635726;B
20241024;102301;4135;1;11333635727;B
20241024;102301;4136;2;11333635728;B
20241024;102301;4136;9;11333635729;B
20241024;102301;4137;1;11333635730;B
20241024;102301;4137;1;11333635731;B
20241024;102301;4137;13;11333635732;B
20241024;102301;4137;25;11333635733;B
20241024;102301;4137;9;11333635734;B
20241024;102302;4138;10;11333635811;B
20241024;102303;4137;1;11333635924;S
20241024;102303;4137;1;11333635925;S
20241024;102303;4136;6;11333635971;S
20241024;102305;4137;1;11333636143;B
20241024;102306;4136;15;11333636280;S
20241024;102306;4136;11;11333636281;S
20241024;102306;4136;1;11333636309;B
20241024;102308;4136;1;11333636627;B
20241024;102309;4136;10;11333636691;B
20241024;102310;4136;12;11333636740;B
20241024;102313;4136;167;11333637119;S
20241024;102313;4136;4;11333637121;S
20241024;102314;4137;2;11333637208;B
20241024;102314;4137;20;11333637233;B
20241024;102314;4137;108;11333637248;B
20241024;102314;4138;100;11333637249;B
20241024;102314;4138;2;11333637250;B
20241024;102314;4138;8;11333637251;B
20241024;102315;4138;12;11333637367;B
20241024;102315;4138;4;11333637368;B
20241024;102315;4138;3;11333637369;B
20241024;102315;4139;6;11333637370;B
20241024;102317;4137;5;11333637661;S
20241024;102317;4137;1;11333637662;S
20241024;102319;4136;17;11333637882;S
20241024;102333;4136;33;11333640656;S
20241024;102333;4136;3;11333640657;S
20241024;102333;4136;15;11333640658;S
20241024;102333;4136;5;11333640659;S
20241024;102335;4136;1;11333641268;B
20241024;102339;4136;2;11333642803;B
20241024;102340;4136;13;11333643034;B
20241024;102340;4136;2;11333643116;S
20241024;102340;4136;5;11333643191;S
20241024;102341;4135;4;11333643407;S
20241024;102343;4134;20;11333644013;S
20241024;102343;4133;10;11333644014;S
20241024;102347;4136;3;11333645185;B
20241024;102347;4136;2;11333645186;B
20241024;102347;4136;2;11333645187;B
20241024;102347;4136;2;11333645188;B
20241024;102349;4136;3;11333645385;B
20241024;102355;4136;2;11333646517;S
20241024;102355;4136;1;11333646518;S
20241024;102356;4135;5;11333646735;S
20241024;102356;4133;4;11333646736;S
20241024;102356;4132;13;11333646737;S
20241024;102356;4132;13;11333646738;S
20241024;102356;4132;5;11333646739;S
20241024;102356;4132;7;11333646740;S
20241024;102356;4132;3;11333646741;S
20241024;102358;4131;124;11333646949;S
20241024;102358;4131;1;11333646950;S
20241024;102358;4131;33;11333646951;S
20241024;102358;4131;50;11333646952;S
20241024;102359;4130;97;11333647255;S
20241024;102400;4130;5;11333647297;S
20241024;102401;4134;13;11333647393;B
20241024;102401;4135;11;11333647394;B
20241024;102401;4136;5;11333647395;B
20241024;102401;4136;5;11333647396;B
20241024;102401;4136;2;11333647463;B
20241024;102401;4136;3;11333647464;B
20241024;102408;4135;1;11333648293;B
20241024;102410;4135;1;11333648531;B
20241024;102410;4135;5;11333648555;B
20241024;102412;4134;2;11333648756;B
20241024;102413;4134;1;11333648940;B
20241024;102413;4135;5;11333648941;B
20241024;102413;4135;3;11333648980;B
20241024;102414;4135;1;11333649100;B
20241024;102415;4132;1;11333649184;S
20241024;102415;4132;4;11333649185;S
20241024;102419;4135;1;11333650051;B
20241024;102419;4135;2;11333650057;B
20241024;102421;4135;4;11333650194;B
20241024;102422;4134;4;11333650441;B
20241024;102425;4134;22;11333650763;B
20241024;102429;4134;10;11333651624;B
20241024;102430;4134;1;11333651880;B
20241024;102430;4134;4;11333651881;B
20241024;102430;4134;2;11333651919;B
20241024;102434;4135;2;11333652532;B
20241024;102434;4135;7;11333652569;B
20241024;102434;4135;10;11333652590;B
20241024;102439;4135;8;11333653184;B
20241024;102439;4135;3;11333653185;B
20241024;102439;4135;100;11333653186;B
20241024;102439;4135;1;11333653187;B
20241024;102439;4136;1;11333653192;B
20241024;102439;4136;10;11333653193;B
20241024;102439;4136;2;11333653194;B
20241024;102439;4136;3;11333653195;B
20241024;102439;4136;10;11333653196;B
20241024;102439;4136;1;11333653197;B
20241024;102439;4136;10;11333653198;B
20241024;102439;4136;13;11333653199;B
20241024;102439;4137;64;11333653200;B
20241024;102439;4137;1;11333653201;B
20241024;102439;4137;5;11333653202;B
20241024;102439;4138;10;11333653203;B
20241024;102439;4138;100;11333653204;B
20241024;102439;4138;4;11333653205;B
20241024;102439;4138;16;11333653206;B
20241024;102440;4134;1;11333653280;B
20241024;102444;4138;3;11333654288;B
20241024;102447;4138;1;11333655046;B
20241024;102450;4137;30;11333655533;S
20241024;102452;4138;5;11333655748;B
20241024;102452;4138;16;11333655749;B
20241024;102455;4138;2;11333656310;B
20241024;102503;4137;43;11333657972;S
20241024;102506;4133;5;11333658283;S
20241024;102506;4132;1;11333658284;S
20241024;102506;4132;13;11333658285;S
20241024;102506;4132;13;11333658286;S
20241024;102506;4132;1;11333658287;S
20241024;102506;4132;5;11333658288;S
20241024;102506;4131;50;11333658289;S
20241024;102506;4131;5;11333658290;S
20241024;102506;4131;7;11333658291;S
20241024;102506;4131;24;11333658292;S
20241024;102506;4130;26;11333658293;S
20241024;102508;4136;8;11333658640;B
20241024;102509;4136;5;11333658715;B
20241024;102509;4136;5;11333658716;B
20241024;102509;4136;7;11333658717;B
20241024;102509;4136;5;11333658718;B
20241024;102513;4136;2;11333659179;B
20241024;102513;4136;1;11333659261;B
20241024;102513;4136;5;11333659321;B
20241024;102514;4136;1;11333659373;S
20241024;102514;4136;19;11333659420;S
20241024;102517;4136;1;11333659783;B
20241024;102521;4133;1;11333660863;S
20241024;102525;4136;14;11333661758;B
20241024;102525;4136;3;11333661759;B
20241024;102525;4136;1;11333661760;B
20241024;102525;4136;18;11333661761;B
20241024;102525;4136;1;11333661762;B
20241024;102525;4137;3;11333661763;B
20241024;102526;4137;1;11333661809;B
20241024;102529;4133;11;11333662662;S
20241024;102529;4133;50;11333662663;S
20241024;102529;4133;6;11333662664;S
20241024;102529;4132;6;11333662665;S
20241024;102529;4132;6;11333662666;S
20241024;102529;4132;13;11333662667;S
20241024;102531;4131;11;11333662946;S
20241024;102534;4132;12;11333663457;B
20241024;102540;4132;5;11333664555;B
20241024;102540;4132;1;11333664556;B
20241024;102540;4132;10;11333664557;B
20241024;102543;4131;30;11333665043;S
20241024;102547;4132;1;11333665728;B
20241024;102551;4131;9;11333666359;S
20241024;102551;4130;16;11333666360;S
20241024;102553;4130;20;11333666700;S
20241024;102554;4130;56;11333666937;S
20241024;102554;4130;80;11333666938;S
20241024;102554;4130;1;11333666939;S
20241024;102554;4130;102;11333666940;S
20241024;102554;4130;4;11333666941;S
20241024;102554;4130;2;11333666972;S
20241024;102554;4130;2;11333666973;S
20241024;102554;4130;1;11333666974;S
20241024;102554;4130;18;11333666975;S
20241024;102554;4127;20;11333666976;S
20241024;102554;4127;10;11333666977;S
20241024;102554;4127;10;11333666978;S
20241024;102554;4127;1;11333666982;S
20241024;102604;4128;1;11333668331;B
20241024;102611;4129;1;11333669302;B
20241024;102615;4129;5;11333669933;B
20241024;102615;4129;5;11333669934;B
20241024;102616;4129;10;11333670021;B
20241024;102616;4129;10;11333670022;B
20241024;102616;4129;10;11333670023;B
20241024;102616;4127;5;11333670058;S
20241024;102620;4129;1;11333670497;B
20241024;102625;4127;1;11333671063;S
20241024;102626;4127;4;11333671319;S
20241024;102626;4127;6;11333671320;S
20241024;102629;4128;10;11333671705;B
20241024;102629;4128;10;11333671706;B
20241024;102629;4129;4;11333671707;B
20241024;102629;4129;1;11333671708;B
20241024;102630;4129;3;11333671775;B
20241024;102639;4129;1;11333673060;B
20241024;102647;4127;3;11333674133;S
20241024;102647;4127;7;11333674134;S
20241024;102648;4127;9;11333674242;S
20241024;102649;4127;1;11333674309;S
20241024;102649;4129;1;11333674342;B
20241024;102649;4129;5;11333674343;B
20241024;102649;4129;1;11333674344;B
20241024;102652;4128;10;11333674683;B
20241024;102652;4129;10;11333674684;B
20241024;102652;4129;3;11333674685;B
20241024;102652;4130;20;11333674686;B
20241024;102652;4130;3;11333674687;B
20241024;102652;4132;4;11333674688;B
20241024;102652;4133;24;11333674689;B
20241024;102652;4134;1;11333674690;B
20241024;102652;4134;13;11333674691;B
20241024;102652;4135;30;11333674692;B
20241024;102652;4135;1;11333674693;B
20241024;102654;4136;10;11333674854;B
20241024;102654;4136;4;11333674855;B
20241024;102654;4137;6;11333674856;B
20241024;102654;4137;20;11333674864;B
20241024;102656;4137;30;11333675072;B
20241024;102656;4137;4;11333675073;B
20241024;102657;4137;3;11333675182;B
20241024;102657;4137;2;11333675183;B
20241024;102657;4137;5;11333675196;B
20241024;102657;4137;3;11333675197;B
20241024;102658;4137;3;11333675296;S
20241024;102658;4137;19;11333675297;S
20241024;102658;4136;13;11333675298;S
20241024;102658;4136;1;11333675299;S
20241024;102658;4136;19;11333675300;S
20241024;102658;4136;10;11333675301;S
20241024;102658;4135;1142;11333675302;S
20241024;102658;4135;39;11333675303;S
20241024;102658;4135;3;11333675316;B
20241024;102659;4137;2;11333675412;B
20241024;102707;4134;2;11333676741;B
20241024;102708;4135;1;11333676887;B
20241024;102708;4135;3;11333676888;B
20241024;102717;4135;1;11333678024;S
20241024;102718;4135;100;11333678178;B
20241024;102719;4135;5;11333678439;B
20241024;102723;4134;5;11333679094;S
20241024;102723;4135;10;11333679116;B
20241024;102723;4135;3;11333679117;B
20241024;102728;4135;11;11333679760;B
20241024;102728;4135;4;11333679761;B
20241024;102728;4135;10;11333679762;B
20241024;102728;4136;10;11333679763;B
20241024;102728;4136;2;11333679764;B
20241024;102728;4136;20;11333679765;B
20241024;102728;4137;20;11333679766;B
20241024;102728;4137;34;11333679767;B
20241024;102728;4137;30;11333679768;B
20241024;102728;4138;27;11333679769;B
20241024;102728;4138;1;11333679770;B
20241024;102728;4138;10;11333679771;B
20241024;102728;4138;1;11333679772;B
20241024;102728;4138;10;11333679773;B
20241024;102728;4138;91;11333679774;B
20241024;102728;4138;4;11333679775;B
20241024;102728;4139;215;11333679776;B
20241024;102742;4135;10;11333681923;B
20241024;102742;4138;11;11333681924;B
20241024;102742;4138;4;11333681925;B
20241024;102742;4138;1;11333681926;B
20241024;102742;4138;28;11333681927;B
20241024;102742;4139;6;11333681928;B
20241024;102744;4135;7;11333682160;S
20241024;102747;4135;4;11333682724;S
20241024;102751;4138;2;11333683369;B
20241024;102757;4138;3;11333684147;B
20241024;102757;4138;1;11333684148;B
20241024;102757;4139;94;11333684149;B
20241024;102757;4139;4;11333684150;B
20241024;102800;4139;20;11333684495;B
20241024;102804;4139;60;11333685447;B
20241024;102804;4139;2;11333685448;B
20241024;102808;4137;1;11333686056;S
20241024;102808;4136;12;11333686057;S
20241024;102808;4136;2;11333686058;S
20241024;102808;4136;1;11333686059;S
20241024;102808;4135;2;11333686060;S
20241024;102808;4135;13;11333686061;S
20241024;102808;4135;2;11333686062;S
20241024;102808;4135;11;11333686063;S
20241024;102809;4135;50;11333686227;B
20241024;102811;4135;1;11333686474;B
20241024;102812;4135;5;11333686580;B
20241024;102821;4137;5;11333688234;B
20241024;102821;4138;8;11333688235;B
20241024;102821;4139;93;11333688236;B
20241024;102821;4139;10;11333688237;B
20241024;102821;4139;2;11333688238;B
20241024;102821;4139;10;11333688239;B
20241024;102821;4139;1;11333688240;B
20241024;102821;4139;10;11333688241;B
20241024;102821;4139;2;11333688242;B
20241024;102821;4139;8;11333688243;B
20241024;102821;4140;10;11333688244;B
20241024;102821;4140;10;11333688245;B
20241024;102821;4140;3;11333688246;B
20241024;102821;4140;3;11333688247;B
20241024;102821;4140;10;11333688248;B
20241024;102821;4140;2;11333688249;B
20241024;102821;4140;10;11333688250;B
20241024;102821;4140;1;11333688251;B
20241024;102821;4140;1;11333688252;B
20241024;102821;4140;1;11333688253;B
20241024;102821;4140;15;11333688254;B
20241024;102821;4140;1;11333688255;B
20241024;102821;4140;100;11333688256;B
20241024;102821;4140;10;11333688257;B
20241024;102821;4142;10;11333688258;B
20241024;102821;4142;2;11333688259;B
20241024;102821;4142;3;11333688260;B
20241024;102821;4143;10;11333688261;B
20241024;102821;4143;10;11333688262;B
20241024;102821;4144;5;11333688263;B
20241024;102821;4144;20;11333688264;B
20241024;102821;4144;1;11333688265;B
20241024;102821;4145;10;11333688266;B
20241024;102821;4145;3;11333688267;B
20241024;102821;4145;5;11333688268;B
20241024;102821;4145;10;11333688269;B
20241024;102821;4145;5;11333688270;B
20241024;102821;4145;50;11333688271;B
20241024;102821;4145;109;11333688272;B
20241024;102821;4146;1;11333688273;B
20241024;102821;4147;20;11333688274;B
20241024;102821;4147;1;11333688275;B
20241024;102821;4147;20;11333688276;B
20241024;102821;4147;4;11333688277;B
20241024;102821;4147;3;11333688278;B
20241024;102821;4147;2;11333688279;B
20241024;102821;4147;20;11333688280;B
20241024;102821;4148;1;11333688281;B
20241024;102821;4148;100;11333688282;B
20241024;102821;4148;13;11333688283;B
20241024;102821;4148;3;11333688284;B
20241024;102821;4148;2;11333688285;B
20241024;102821;4148;2;11333688286;B
20241024;102821;4148;10;11333688287;B
20241024;102821;4148;1;11333688288;B
20241024;102821;4148;1;11333688289;B
20241024;102821;4149;200;11333688290;B
20241024;102821;4149;100;11333688291;B
20241024;102821;4149;20;11333688292;B
20241024;102821;4149;10;11333688293;B
20241024;102821;4150;5;11333688294;B
20241024;102821;4150;3;11333688295;B
20241024;102821;4150;10;11333688296;B
20241024;102821;4150;40;11333688297;B
20241024;102821;4150;1;11333688298;B
20241024;102821;4150;10;11333688299;B
20241024;102821;4150;100;11333688300;B
20241024;102821;4150;1;11333688301;B
20241024;102821;4150;20;11333688302;B
20241024;102821;4150;10;11333688303;B
20241024;102821;4150;1;11333688304;B
20241024;102821;4150;1;11333688305;B
20241024;102821;4150;3;11333688306;B
20241024;102821;4150;15;11333688307;B
20241024;102821;4152;1;11333688308;B
20241024;102821;4153;1;11333688309;B
20241024;102821;4153;5;11333688310;B
20241024;102821;4153;10;11333688311;B
20241024;102821;4154;50;11333688312;B
20241024;102821;4154;20;11333688313;B
20241024;102821;4155;10;11333688314;B
20241024;102821;4155;10;11333688315;B
20241024;102821;4155;10;11333688316;B
20241024;102821;4155;1;11333688317;B
20241024;102821;4155;5;11333688318;B
20241024;102821;4155;1;11333688319;B
20241024;102821;4155;1;11333688320;B
20241024;102821;4155;15;11333688321;B
20241024;102821;4156;40;11333688322;B
20241024;102821;4157;1;11333688323;B
20241024;102821;4157;200;11333688324;B
20241024;102821;4159;5;11333688325;B
20241024;102821;4159;100;11333688326;B
20241024;102821;4160;5;11333688327;B
20241024;102821;4160;1;11333688328;B
20241024;102821;4160;100;11333688329;B
20241024;102821;4160;70;11333688330;B
20241024;102821;4160;3;11333688331;B
20241024;102821;4160;10;11333688332;B
20241024;102821;4160;10;11333688333;B
20241024;102821;4160;2;11333688334;B
20241024;102821;4160;25;11333688335;B
20241024;102821;4160;100;11333688336;B
20241024;102821;4160;52;11333688337;B
20241024;102821;4160;30;11333688338;B
20241024;102821;4160;1;11333688339;B
20241024;102821;4160;70;11333688340;B
20241024;102821;4160;10;11333688341;B
20241024;102821;4164;1;11333688342;B
20241024;102821;4164;4;11333688343;B
20241024;102821;4164;25;11333688344;B
20241024;102821;4165;1;11333688345;B
20241024;102821;4165;1;11333688346;B
20241024;102821;4165;4;11333688347;B
20241024;102821;4165;10;11333688348;B
20241024;102821;4165;10;11333688349;B
20241024;102821;4165;10;11333688350;B
20241024;102821;4165;15;11333688351;B
20241024;102821;4165;1;11333688352;B
20241024;102821;4166;200;11333688353;B
20241024;102821;4167;5;11333688354;B
20241024;102821;4167;1;11333688355;B
20241024;102821;4167;38;11333688356;B
20241024;102821;4167;6;11333688357;B
20241024;102821;4168;20;11333688358;B
20241024;102821;4168;1;11333688359;B
20241024;102821;4168;2;11333688360;B
20241024;102821;4168;6;11333688361;B
20241024;102821;4168;1;11333688362;B
20241024;102821;4169;1;11333688363;B
20241024;102821;4169;10;11333688364;B
20241024;102821;4169;5;11333688365;B
20241024;102821;4169;1;11333688366;B
20241024;102821;4170;100;11333688367;B
20241024;102821;4170;3;11333688368;B
20241024;102821;4170;10;11333688369;B
20241024;102821;4170;50;11333688370;B
20241024;102821;4170;10;11333688371;B
20241024;102821;4170;1;11333688372;B
20241024;102821;4170;1;11333688373;B
20241024;102821;4170;1;11333688374;B
20241024;102821;4170;1;11333688375;B
20241024;102821;4170;1;11333688376;B
20241024;102821;4170;100;11333688377;B
20241024;102821;4170;174;11333688379;S
20241024;102821;4171;10;11333688382;B
20241024;102821;4172;10;11333688383;B
20241024;102821;4172;5;11333688393;B
20241024;102821;4172;10;11333688394;B
20241024;102821;4172;16;11333688395;B
20241024;102821;4173;1;11333688397;B
20241024;102821;4173;96;11333688398;B
20241024;102821;4173;10;11333688402;B
20241024;102821;4173;2;11333688403;B
20241024;102821;4174;4;11333688404;B
20241024;102821;4174;2;11333688415;B
20241024;102821;4171;1;11333688416;S
20241024;102821;4170;4;11333688429;S
20241024;102821;4174;20;11333688437;B
20241024;102821;4170;2;11333688439;S
20241024;102821;4170;1;11333688440;S
20241024;102821;4170;5;11333688448;S
20241024;102821;4170;1;11333688497;S
20241024;102821;4170;244;11333688498;S
20241024;102821;4170;4;11333688499;S
20241024;102821;4170;2;11333688501;S
20241024;102821;4170;121;11333688511;S
20241024;102821;4170;4;11333688512;S
20241024;102821;4170;10;11333688513;S
20241024;102821;4170;1;11333688517;S
20241024;102821;4170;10;11333688524;S
20241024;102821;4170;30;11333688525;S
20241024;102821;4170;3;11333688527;S
20241024;102821;4170;10;11333688529;S
20241024;102821;4170;3;11333688530;S
20241024;102821;4170;1;11333688533;S
20241024;102822;4170;2;11333688544;S
20241024;102822;4150;1;11333688551;B
20241024;102822;4142;6;11333688589;S
20241024;102823;4150;1;11333688733;B
20241024;102823;4150;49;11333688734;B
20241024;102823;4150;20;11333688738;B
20241024;102823;4150;10;11333688792;B
20241024;102824;4150;10;11333688865;B
20241024;102824;4150;25;11333688869;B
20241024;102824;4150;10;11333688889;B
20241024;102824;4150;5;11333688890;B
20241024;102824;4150;4;11333688891;B
20241024;102824;4150;5;11333688907;B
20241024;102824;4150;7;11333688909;B
20241024;102824;4150;5;11333688910;B
20241024;102824;4158;5;11333688922;B
20241024;102824;4158;4;11333688953;B
20241024;102824;4159;1;11333688954;B
20241024;102826;4159;2;11333689186;B
20241024;102830;4158;1;11333689733;B
20241024;102830;4156;5;11333689776;S
20241024;102830;4153;4;11333689777;S
20241024;102830;4152;5;11333689778;S
20241024;102830;4149;2;11333689779;S
20241024;102830;4158;8;11333689870;B
20241024;102830;4159;4;11333689871;B
20241024;102832;4158;2;11333690046;B
20241024;102839;4150;1;11333691054;S
20241024;102839;4149;1;11333691055;S
20241024;102839;4148;2;11333691056;S
20241024;102840;4155;1;11333691157;B
20241024;102841;4156;1;11333691327;B
20241024;102841;4157;1;11333691328;B
20241024;102842;4157;1;11333691329;B
20241024;102842;4157;1;11333691330;B
20241024;102842;4158;3;11333691331;B
20241024;102842;4158;2;11333691332;B
20241024;102842;4158;3;11333691333;S
20241024;102842;4158;5;11333691336;S
20241024;102842;4158;1;11333691468;S
20241024;102842;4158;5;11333691473;S
20241024;102843;4158;1;11333691633;S
20241024;102843;4158;8;11333691637;S
20241024;102843;4158;1;11333691638;S
20241024;102843;4157;1;11333691681;B
20241024;102843;4158;25;11333691682;B
20241024;102843;4159;1;11333691683;B
20241024;102843;4159;5;11333691684;B
20241024;102846;4157;1;11333692461;B
20241024;102846;4158;30;11333692462;B
20241024;102846;4159;1;11333692463;B
20241024;102846;4160;1;11333692464;B
20241024;102846;4160;1;11333692465;B
20241024;102846;4160;14;11333692466;B
20241024;102846;4161;1;11333692467;B
20241024;102846;4165;1;11333692468;B
20241024;102846;4165;1;11333692469;B
20241024;102846;4165;1;11333692470;B
20241024;102846;4167;10;11333692471;B
20241024;102846;4167;10;11333692472;B
20241024;102846;4168;25;11333692473;B
20241024;102846;4168;12;11333692474;B
20241024;102846;4168;10;11333692475;B
20241024;102846;4169;50;11333692476;B
20241024;102846;4169;10;11333692477;B
20241024;102846;4169;10;11333692478;B
20241024;102846;4170;5;11333692479;B
20241024;102846;4170;1;11333692480;B
20241024;102846;4170;2;11333692481;B
20241024;102846;4171;3;11333692482;B
20241024;102847;4159;20;11333692678;B
20241024;102848;4159;10;11333692732;B
20241024;102848;4159;2;11333692750;B
20241024;102849;4163;3;11333692856;S
20241024;102850;4166;10;11333692953;B
20241024;102852;4165;9;11333693597;B
20241024;102853;4165;1;11333693735;B
20241024;102854;4161;1;11333693782;S
20241024;102858;4165;1;11333694325;B
20241024;102858;4166;10;11333694326;B
20241024;102858;4166;29;11333694327;B
20241024;102858;4166;1;11333694340;B
20241024;102858;4166;100;11333694341;B
20241024;102858;4168;2;11333694342;B
20241024;102858;4169;10;11333694343;B
20241024;102858;4169;1;11333694344;B
20241024;102858;4169;85;11333694345;B
20241024;102859;4165;1;11333694505;B
20241024;102900;4165;1;11333694570;B
20241024;102900;4165;1;11333694600;B
20241024;102900;4165;7;11333694608;B
20241024;102900;4165;1;11333694609;B
20241024;102900;4168;17;11333694610;B
20241024;102902;4166;1;11333694840;S
20241024;102902;4165;1;11333694841;S
20241024;102902;4164;1;11333694842;S
20241024;102902;4163;20;11333694843;S
20241024;102902;4162;1;11333694844;S
20241024;102902;4162;1;11333694845;S
20241024;102902;4162;10;11333694893;B
20241024;102903;4162;65;11333694927;B
20241024;102903;4168;5;11333694928;B
20241024;102903;4169;35;11333694929;B
20241024;102903;4161;1;11333694931;S
20241024;102903;4161;1;11333694932;S
20241024;102903;4166;30;11333694977;B
20241024;102903;4168;1;11333694978;B
20241024;102903;4169;53;11333694979;B
20241024;102903;4169;100;11333694980;B
20241024;102903;4169;12;11333694981;B
20241024;102903;4171;1;11333694982;B
20241024;102903;4171;4;11333694983;B
20241024;102903;4173;3;11333694984;B
20241024;102903;4174;27;11333694985;B
20241024;102904;4166;1;11333695127;B
20241024;102904;4168;39;11333695128;B
20241024;102904;4168;20;11333695135;B
20241024;102905;4172;10;11333695169;B
20241024;102905;4171;1;11333695285;B
20241024;102905;4172;10;11333695286;B
20241024;102905;4173;1;11333695287;B
20241024;102906;4170;1;11333695408;B
20241024;102906;4173;3;11333695409;B
20241024;102907;4173;1;11333695535;B
20241024;102907;4173;1;11333695543;B
20241024;102907;4174;4;11333695544;B
20241024;102908;4169;1;11333695593;S
20241024;102908;4174;10;11333695628;B
20241024;102908;4170;2;11333695629;S
20241024;102908;4169;2;11333695630;S
20241024;102909;4171;2;11333695724;S
20241024;102909;4169;9;11333695725;S
20241024;102912;4173;1;11333696344;B
20241024;102913;4173;1;11333696425;B
20241024;102914;4172;1;11333696512;B
20241024;102915;4171;1;11333696693;S
20241024;102915;4170;2;11333696694;S
20241024;102915;4170;1;11333696695;S
20241024;102915;4169;4;11333696696;S
20241024;102915;4169;2;11333696697;S
20241024;102915;4169;1;11333696698;S
20241024;102915;4169;3;11333696699;S
20241024;102915;4169;4;11333696700;S
20241024;102915;4169;1;11333696701;S
20241024;102915;4168;10;11333696702;S
20241024;102915;4168;4;11333696703;S
20241024;102915;4167;13;11333696704;S
20241024;102915;4167;13;11333696705;S
20241024;102915;4167;1;11333696706;S
20241024;102917;4169;1;11333697056;S
20241024;102918;4169;32;11333697424;S
20241024;102918;4168;10;11333697425;S
20241024;102918;4167;27;11333697426;S
20241024;102918;4167;4;11333697427;S
20241024;102919;4167;1;11333697782;B
20241024;102919;4164;2;11333697922;S
20241024;102923;4167;4;11333699162;B
20241024;102923;4168;4;11333699163;B
20241024;102923;4168;4;11333699164;B
20241024;102923;4164;40;11333699187;S
20241024;102923;4164;3;11333699188;S
20241024;102924;4164;1;11333699444;S
20241024;102924;4161;10;11333699453;S
20241024;102924;4161;3;11333699454;S
20241024;102924;4160;40;11333699455;S
20241024;102924;4160;10;11333699456;S
20241024;102924;4160;3;11333699457;S
20241024;102924;4159;24;11333699458;S
20241024;102924;4158;3;11333699459;S
20241024;102924;4158;10;11333699460;S
20241024;102924;4157;3;11333699461;S
20241024;102924;4157;5;11333699462;S
20241024;102924;4157;5;11333699463;S
20241024;102924;4157;8;11333699464;S
20241024;102924;4157;7;11333699465;S
20241024;102924;4157;8;11333699466;S
20241024;102924;4156;12;11333699467;S
20241024;102924;4155;60;11333699468;S
20241024;102924;4154;5;11333699469;S
20241024;102924;4154;10;11333699470;S
20241024;102924;4154;60;11333699471;S
20241024;102924;4153;50;11333699472;S
20241024;102924;4153;14;11333699473;S
20241024;102924;4162;1;11333699569;B
20241024;102925;4154;1;11333699752;S
20241024;102925;4153;2;11333699753;S
20241024;102926;4160;3;11333700090;B
20241024;102926;4161;7;11333700091;B
20241024;102928;4161;2;11333700354;B
20241024;102928;4161;1;11333700368;B
20241024;102928;4157;1;11333700526;S
20241024;102928;4156;4;11333700527;S
20241024;102928;4156;1;11333700528;S
20241024;102928;4156;2;11333700529;S
20241024;102928;4155;6;11333700530;S
20241024;102928;4155;2;11333700531;S
20241024;102928;4154;4;11333700532;S
20241024;102932;4159;1;11333700966;B
20241024;102932;4159;2;11333700967;B
20241024;102932;4159;1;11333700968;B
20241024;102933;4159;4;11333701114;B
20241024;102933;4159;2;11333701170;B
20241024;102933;4160;2;11333701171;B
20241024;102934;4159;4;11333701223;B
20241024;102934;4159;23;11333701227;B
20241024;102935;4159;4;11333701469;B
20241024;102936;4156;1;11333701650;S
20241024;102938;4158;1;11333701791;B
20241024;102938;4159;19;11333701792;B
20241024;102938;4159;2;11333701793;B
20241024;102938;4160;21;11333701794;B
20241024;102938;4160;2;11333701795;B
20241024;102938;4162;13;11333701796;B
20241024;102938;4163;24;11333701797;B
20241024;102938;4163;6;11333701798;B
20241024;102938;4163;8;11333701799;B
20241024;102938;4164;5;11333701800;B
20241024;102938;4164;5;11333701801;B
20241024;102943;4159;1;11333702328;B
20241024;102943;4162;1;11333702329;B
20241024;102947;4162;1;11333702816;B
20241024;102947;4162;3;11333702817;B
20241024;102950;4162;3;11333703022;B
20241024;102950;4162;6;11333703023;B
20241024;102950;4162;1;11333703024;B
20241024;102950;4163;4;11333703025;B
20241024;102950;4163;1;11333703026;B
20241024;102950;4163;13;11333703027;B
20241024;102950;4163;5;11333703028;B
20241024;102950;4163;3;11333703029;B
20241024;102950;4163;34;11333703030;S
20241024;102950;4164;1;11333703037;B
20241024;102950;4164;2;11333703038;B
20241024;102954;4158;1;11333704522;S
20241024;102956;4159;6;11333704994;B
20241024;102956;4159;4;11333704995;B
20241024;102958;4158;1;11333705252;S
20241024;102958;4158;6;11333705253;S
20241024;103000;4158;1;11333705546;S
20241024;103000;4157;3;11333705547;S
20241024;103002;4159;4;11333705923;B
20241024;103003;4159;2;11333705999;B
20241024;103003;4159;1;11333706000;B
20241024;103003;4159;1;11333706001;B
20241024;103003;4160;10;11333706008;B
20241024;103003;4160;7;11333706041;B
20241024;103004;4158;10;11333706312;S
20241024;103004;4157;2;11333706313;S
20241024;103004;4157;6;11333706314;S
20241024;103004;4156;2;11333706315;S
20241024;103004;4156;9;11333706316;S
20241024;103005;4159;20;11333706492;S
20241024;103007;4157;25;11333706782;S
20241024;103009;4156;2;11333707300;S
20241024;103010;4159;1;11333707441;B
20241024;103010;4156;10;11333707528;S
20241024;103010;4156;2;11333707529;S
20241024;103011;4155;1;11333707724;S
20241024;103014;4155;1;11333708137;S
20241024;103014;4155;1;11333708138;S
20241024;103014;4154;3;11333708139;S
20241024;103015;4154;5;11333708261;S
20241024;103021;4155;1;11333709119;S
20241024;103024;4156;1;11333709592;B
20241024;103024;4156;1;11333709757;B
20241024;103024;4156;5;11333709758;B
20241024;103026;4156;5;11333710136;B
20241024;103026;4157;8;11333710137;B
20241024;103027;4156;7;11333710234;B
20241024;103027;4157;17;11333710235;B
20241024;103027;4158;2;11333710236;B
20241024;103027;4158;4;11333710237;B
20241024;103032;4155;8;11333711023;B
20241024;103032;4156;5;11333711024;B
20241024;103032;4157;7;11333711025;B
20241024;103032;4158;2;11333711026;B
20241024;103036;4159;2;11333711660;B
20241024;103036;4159;20;11333711661;B
20241024;103036;4157;1;11333711678;S
20241024;103038;4159;20;11333712410;S
20241024;103038;4160;1;11333712659;B
20241024;103043;4160;1;11333714170;B
20241024;103043;4160;1;11333714173;B
20241024;103043;4160;1;11333714177;B
20241024;103043;4160;1;11333714182;B
20241024;103043;4160;1;11333714197;B
20241024;103043;4160;1;11333714202;B
20241024;103043;4160;1;11333714211;B
20241024;103044;4159;5;11333714365;S
20241024;103044;4159;2;11333714366;S
20241024;103044;4159;10;11333714367;S
20241024;103045;4157;10;11333714489;S
20241024;103045;4159;1;11333714493;B
20241024;103045;4159;1;11333714519;B
20241024;103045;4159;1;11333714530;B
20241024;103045;4159;1;11333714536;B
20241024;103047;4159;1;11333714851;B
20241024;103047;4159;1;11333714858;B
20241024;103047;4159;1;11333714866;B
20241024;103047;4159;1;11333714868;B
20241024;103047;4159;1;11333714875;B
20241024;103047;4159;1;11333714884;B
20241024;103052;4159;10;11333716004;B
20241024;103052;4157;2;11333716007;S
20241024;103052;4159;10;11333716032;B
20241024;103054;4157;11;11333716254;S
20241024;103056;4157;1;11333716571;B
20241024;103059;4157;1;11333716843;B
20241024;103059;4159;3;11333716844;B
20241024;103101;4159;4;11333716996;B
20241024;103102;4159;1;11333717140;B
20241024;103108;4159;1;11333717710;B
20241024;103108;4159;3;11333717711;B
20241024;103109;4156;1;11333717748;S
20241024;103110;4155;2;11333717851;S
20241024;103111;4155;2;11333717895;B
20241024;103112;4155;8;11333718028;B
20241024;103112;4156;12;11333718029;B
20241024;103114;4156;10;11333718189;B
20241024;103117;4154;2;11333718412;S
20241024;103117;4154;2;11333718413;S
20241024;103117;4154;10;11333718414;S
20241024;103117;4154;1;11333718415;S
20241024;103117;4154;5;11333718416;S
20241024;103117;4153;13;11333718417;S
20241024;103117;4153;5;11333718418;S
20241024;103117;4152;30;11333718419;S
20241024;103117;4152;32;11333718420;S
20241024;103118;4153;12;11333718539;S
20241024;103119;4152;8;11333718621;S
20241024;103119;4151;2;11333718622;S
20241024;103120;4151;10;11333718715;S
20241024;103120;4153;59;11333718776;B
20241024;103123;4151;1;11333719024;S
20241024;103124;4151;37;11333719160;S
20241024;103124;4151;2;11333719161;S
20241024;103124;4151;10;11333719162;S
20241024;103124;4151;6;11333719163;S
20241024;103124;4151;1;11333719164;B
20241024;103127;4150;1;11333719565;S
20241024;103127;4150;1;11333719566;S
20241024;103127;4150;30;11333719567;S
20241024;103128;4150;1;11333719775;S
20241024;103129;4150;10;11333719905;S
20241024;103130;4150;59;11333719965;S
20241024;103130;4150;10;11333719966;S
20241024;103130;4150;15;11333719967;S
20241024;103130;4150;2;11333719968;S
20241024;103130;4149;10;11333720285;S
20241024;103131;4149;20;11333720343;S
20241024;103135;4150;2;11333720830;B
20241024;103138;4150;1;11333721159;B
20241024;103140;4150;2;11333721428;B
20241024;103141;4149;45;11333721571;S
20241024;103141;4148;8;11333721572;S
20241024;103141;4147;8;11333721573;S
20241024;103141;4147;6;11333721574;S
20241024;103141;4146;48;11333721575;S
20241024;103141;4145;10;11333721576;S
20241024;103141;4144;2;11333721577;S
20241024;103141;4144;5;11333721578;S
20241024;103141;4143;4;11333721579;S
20241024;103141;4143;8;11333721580;S
20241024;103141;4143;1;11333721581;S
20241024;103141;4143;24;11333721582;S
20241024;103141;4142;5;11333721583;S
20241024;103141;4142;8;11333721584;S
20241024;103141;4141;2;11333721585;S
20241024;103141;4141;13;11333721586;S
20241024;103141;4141;8;11333721587;S
20241024;103141;4141;13;11333721588;S
20241024;103141;4141;8;11333721589;S
20241024;103141;4140;14;11333721590;S
20241024;103142;4144;3;11333721623;S
20241024;103145;4147;2;11333721878;B
20241024;103148;4144;2;11333722272;S
20241024;103150;4144;3;11333722492;S
20241024;103152;4146;4;11333722671;B
20241024;103153;4147;2;11333722752;B
20241024;103153;4147;3;11333722753;B
20241024;103153;4147;2;11333722754;B
20241024;103153;4148;8;11333722755;B
20241024;103153;4148;11;11333722756;B
20241024;103153;4148;24;11333722757;B
20241024;103153;4148;13;11333722758;B
20241024;103153;4148;2;11333722759;B
20241024;103153;4149;35;11333722760;B
20241024;103155;4149;10;11333722977;B
20241024;103155;4149;5;11333722978;B
20241024;103155;4150;10;11333722979;B
20241024;103155;4150;2;11333722980;B
20241024;103155;4150;5;11333722981;B
20241024;103155;4150;5;11333722982;B
20241024;103155;4150;7;11333722983;B
20241024;103155;4150;2;11333722984;B
20241024;103155;4151;54;11333722985;B
20241024;103159;4151;6;11333723421;B
20241024;103159;4151;1;11333723448;B
20241024;103159;4151;10;11333723468;B
20241024;103201;4151;1;11333723641;B
20241024;103202;4151;28;11333723795;B
20241024;103202;4153;29;11333723796;B
20241024;103202;4153;3;11333723797;B
