<DATE>;<TIME>;<LAST>;<VOL>;<ID>;<OPER>
20241114;095950;4465;1;11420982143;S
20241114;095950;4465;4;11420982144;S
20241114;095950;4465;7;11420982145;S
20241114;095950;4465;4;11420982146;S
20241114;095950;4465;14;11420982147;S
20241114;095950;4465;21;11420982148;S
20241114;095950;4465;50;11420982149;S
20241114;095950;4465;1;11420982150;B
20241114;095950;4465;1;11420982151;S
20241114;095950;4465;2;11420982152;S
20241114;095950;4465;1;11420982153;S
20241114;095950;4465;1;11420982154;S
20241114;095950;4465;1;11420982155;S
20241114;095950;4465;1;11420982156;S
20241114;095950;4465;4;11420982157;S
20241114;095950;4465;1;11420982158;S
20241114;095950;4465;1;11420982159;S
20241114;095950;4465;1;11420982160;S
20241114;095950;4465;4;11420982161;S
20241114;095950;4465;1;11420982162;S
20241114;095950;4465;1;11420982163;S
20241114;095950;4465;2;11420982164;S
20241114;095950;4465;5;11420982165;S
20241114;095950;4465;11;11420982166;S
20241114;095950;4465;22;11420982167;S
20241114;095950;4465;1;11420982168;S
20241114;095950;4465;36;11420982169;S
20241114;095950;4465;1;11420982170;S
20241114;095950;4465;1;11420982171;S
20241114;095950;4465;1;11420982172;S
20241114;095950;4465;1;11420982173;S
20241114;095950;4465;1;11420982174;S
20241114;095950;4465;9;11420982175;S
20241114;095950;4465;22;11420982176;S
20241114;095950;4465;5;11420982177;S
20241114;095950;4465;1;11420982178;S
20241114;095950;4465;4;11420982179;S
20241114;095950;4465;1;11420982180;S
20241114;095950;4465;7;11420982181;S
20241114;095950;4465;1;11420982182;B
20241114;095950;4465;61;11420982183;S
20241114;095950;4465;16;11420982184;S
20241114;095950;4465;1;11420982185;S
20241114;095950;4465;25;11420982186;S
20241114;095950;4465;22;11420982187;S
20241114;095950;4465;3;11420982188;S
20241114;095950;4465;5;11420982189;S
20241114;095950;4465;1;11420982190;S
20241114;095950;4465;3;11420982191;S
20241114;095950;4465;1;11420982192;S
20241114;095950;4465;1;11420982193;S
20241114;095950;4465;5;11420982194;S
20241114;095950;4465;4;11420982195;S
20241114;095950;4465;20;11420982196;S
20241114;095950;4465;2;11420982197;S
20241114;095950;4465;122;11420982198;S
20241114;095950;4465;2;11420982199;S
20241114;095950;4465;29;11420982200;S
20241114;095950;4465;10;11420982201;S
20241114;095950;4465;3;11420982202;S
20241114;095950;4465;1;11420982203;S
20241114;095950;4465;1;11420982204;S
20241114;095950;4465;1;11420982205;S
20241114;095950;4465;2;11420982206;S
20241114;095950;4465;10;11420982207;S
20241114;095950;4465;2;11420982208;S
20241114;095950;4465;1;11420982209;S
20241114;095950;4465;10;11420982210;S
20241114;095950;4465;13;11420982211;S
20241114;095950;4465;1;11420982212;S
20241114;095950;4465;1;11420982213;S
20241114;095950;4465;2;11420982214;S
20241114;095950;4465;100;11420982215;S
20241114;095950;4465;3;11420982216;S
20241114;095950;4465;3;11420982217;S
20241114;095950;4465;10;11420982218;S
20241114;095950;4465;40;11420982219;S
20241114;095950;4465;56;11420982220;S
20241114;095950;4465;44;11420982221;S
20241114;095950;4465;2;11420982222;S
20241114;095950;4465;38;11420982223;S
20241114;095950;4465;12;11420982224;B
20241114;095950;4465;5;11420982225;S
20241114;095950;4465;8;11420982226;S
20241114;095950;4465;20;11420982227;S
20241114;095950;4465;5;11420982228;S
20241114;095950;4465;1;11420982229;S
20241114;095950;4465;1;11420982230;S
20241114;095950;4465;1;11420982231;S
20241114;095950;4465;10;11420982232;S
20241114;095950;4465;1;11420982233;S
20241114;095950;4465;5;11420982234;S
20241114;095950;4465;3;11420982235;S
20241114;095950;4465;27;11420982236;S
20241114;095950;4465;10;11420982237;S
20241114;095950;4465;2;11420982238;S
20241114;095950;4465;2;11420982239;S
20241114;095950;4465;1;11420982240;S
20241114;095950;4465;4;11420982241;S
20241114;095950;4465;1;11420982242;S
20241114;095950;4465;1;11420982243;S
20241114;095950;4465;1;11420982244;S
20241114;095950;4465;1;11420982245;S
20241114;095950;4465;40;11420982246;S
20241114;100000;4465;12;11420983466;B
20241114;100000;4464;1;11420983526;S
20241114;100000;4463;12;11420983527;S
20241114;100000;4463;23;11420983545;S
20241114;100000;4463;1;11420983546;S
20241114;100000;4463;8;11420983547;S
20241114;100000;4462;1;11420983548;S
20241114;100000;4462;8;11420983549;S
20241114;100000;4461;1;11420983550;S
20241114;100000;4460;1;11420983551;S
20241114;100000;4460;10;11420983552;S
20241114;100000;4460;30;11420983553;S
20241114;100000;4460;1;11420983554;S
20241114;100000;4459;1;11420983555;S
20241114;100000;4458;1;11420983556;S
20241114;100000;4457;1;11420983557;S
20241114;100000;4456;1;11420983558;S
20241114;100000;4455;1;11420983559;S
20241114;100000;4455;4;11420983560;S
20241114;100000;4454;1;11420983561;S
20241114;100000;4454;2;11420983562;S
20241114;100000;4453;1;11420983563;S
20241114;100000;4453;1;11420983564;S
20241114;100000;4453;22;11420983565;S
20241114;100000;4453;28;11420983587;S
20241114;100000;4453;11;11420983588;S
20241114;100000;4453;5;11420983589;S
20241114;100000;4453;5;11420983590;S
20241114;100000;4453;1;11420983591;S
20241114;100000;4453;6;11420983640;S
20241114;100000;4453;8;11420983641;S
20241114;100000;4453;5;11420983642;S
20241114;100000;4453;5;11420983643;S
20241114;100000;4452;2;11420983644;S
20241114;100000;4452;1;11420983645;S
20241114;100000;4452;1;11420983646;S
20241114;100000;4452;44;11420983647;S
20241114;100000;4452;1;11420983651;S
20241114;100000;4464;2;11420983879;B
20241114;100000;4464;2;11420983889;B
20241114;100000;4465;76;11420983890;B
20241114;100000;4465;4;11420983891;B
20241114;100000;4468;118;11420983892;B
20241114;100000;4468;5;11420983893;B
20241114;100000;4468;5;11420983894;B
20241114;100000;4468;7;11420983895;B
20241114;100000;4468;8;11420983896;B
20241114;100000;4452;15;11420983924;S
20241114;100000;4453;5;11420983945;S
20241114;100000;4452;20;11420983946;S
20241114;100000;4452;1;11420983947;S
20241114;100000;4451;1;11420983948;S
20241114;100000;4451;1;11420983949;S
20241114;100000;4451;4;11420983950;S
20241114;100000;4450;1;11420983951;S
20241114;100000;4450;1;11420983952;S
20241114;100000;4450;1;11420983953;S
20241114;100000;4450;1;11420983954;S
20241114;100000;4450;4;11420983955;S
20241114;100000;4450;1;11420983956;S
20241114;100000;4450;20;11420983957;S
20241114;100000;4450;9;11420983958;S
20241114;100000;4450;3;11420983959;S
20241114;100000;4450;2;11420983960;S
20241114;100000;4450;4;11420983961;S
20241114;100000;4448;1;11420983962;S
20241114;100000;4448;1;11420983963;S
20241114;100000;4448;5;11420983964;S
20241114;100000;4447;1;11420983965;S
20241114;100000;4447;1;11420983966;S
20241114;100000;4447;1;11420983967;S
20241114;100000;4447;50;11420983968;S
20241114;100000;4446;6;11420983969;S
20241114;100000;4446;1;11420983970;S
20241114;100000;4446;20;11420983971;S
20241114;100000;4445;1;11420983972;S
20241114;100000;4445;10;11420983973;S
20241114;100000;4444;1;11420983974;S
20241114;100000;4444;1;11420983975;S
20241114;100000;4444;4;11420983976;S
20241114;100000;4444;1;11420983977;S
20241114;100000;4444;100;11420983978;S
20241114;100000;4444;1;11420983979;S
20241114;100000;4444;65;11420983980;S
20241114;100000;4444;10;11420983982;S
20241114;100000;4453;2;11420984013;S
20241114;100000;4453;3;11420984015;S
20241114;100000;4453;7;11420984016;S
20241114;100000;4444;10;11420984036;S
20241114;100000;4453;1;11420984071;B
20241114;100000;4453;7;11420984072;B
20241114;100000;4444;11;11420984085;S
20241114;100000;4444;4;11420984087;S
20241114;100000;4444;1;11420984088;S
20241114;100000;4444;30;11420984090;S
20241114;100000;4453;4;11420984135;B
20241114;100000;4454;7;11420984145;S
20241114;100000;4454;3;11420984151;S
20241114;100000;4454;1;11420984164;S
20241114;100000;4447;112;11420984168;B
20241114;100000;4445;2;11420984223;S
20241114;100000;4446;2;11420984250;B
20241114;100000;4446;1;11420984251;B
20241114;100000;4445;1;11420984259;S
20241114;100000;4445;2;11420984269;S
20241114;100000;4445;6;11420984304;S
20241114;100000;4446;9;11420984318;B
20241114;100000;4446;1;11420984320;B
20241114;100001;4445;1;11420984328;S
20241114;100001;4444;1;11420984329;S
20241114;100001;4444;10;11420984339;S
20241114;100001;4446;18;11420984418;B
20241114;100001;4444;2;11420984419;S
20241114;100001;4444;3;11420984448;S
20241114;100001;4445;5;11420984489;B
20241114;100001;4445;3;11420984521;B
20241114;100001;4444;2;11420984523;S
20241114;100001;4444;25;11420984530;S
20241114;100001;4445;62;11420984547;B
20241114;100001;4446;1;11420984653;B
20241114;100001;4445;400;11420984659;S
20241114;100001;4445;30;11420984749;S
20241114;100001;4446;50;11420984972;B
20241114;100001;4446;1;11420984987;B
20241114;100001;4446;40;11420985005;B
20241114;100001;4445;2;11420985009;S
20241114;100001;4445;16;11420985057;S
20241114;100001;4445;3;11420985069;S
20241114;100002;4445;1;11420985142;S
20241114;100002;4446;2;11420985147;B
20241114;100002;4446;1;11420985169;B
20241114;100002;4445;70;11420985220;S
20241114;100002;4445;3;11420985237;S
20241114;100002;4445;10;11420985261;S
20241114;100002;4445;1;11420985268;S
20241114;100002;4445;1;11420985289;S
20241114;100002;4445;1;11420985370;S
20241114;100002;4446;1;11420985416;B
20241114;100002;4446;10;11420985417;B
20241114;100002;4444;5;11420985433;S
20241114;100002;4446;10;11420985441;B
20241114;100002;4444;19;11420985446;S
20241114;100002;4444;16;11420985447;S
20241114;100002;4446;5;11420985449;B
20241114;100002;4444;10;11420985462;S
20241114;100002;4446;2;11420985488;B
20241114;100002;4444;7;11420985514;S
20241114;100002;4444;5;11420985602;S
20241114;100002;4446;5;11420985624;B
20241114;100002;4446;1;11420985626;B
20241114;100002;4444;38;11420985654;S
20241114;100002;4444;4;11420985655;S
20241114;100002;4444;8;11420985656;S
20241114;100002;4443;20;11420985657;S
20241114;100002;4443;1;11420985658;S
20241114;100002;4443;1;11420985659;S
20241114;100002;4442;1;11420985660;S
20241114;100002;4442;29;11420985661;S
20241114;100002;4442;21;11420985662;S
20241114;100002;4441;1;11420985663;S
20241114;100002;4441;1;11420985664;S
20241114;100002;4441;10;11420985665;S
20241114;100002;4441;21;11420985666;S
20241114;100002;4440;15;11420985667;S
20241114;100002;4440;2;11420985668;S
20241114;100002;4440;20;11420985669;S
20241114;100002;4439;2;11420985670;S
20241114;100002;4439;2;11420985671;S
20241114;100002;4438;7;11420985672;S
20241114;100002;4438;1;11420985673;S
20241114;100002;4438;2;11420985674;S
20241114;100002;4437;2;11420985675;S
20241114;100002;4437;5;11420985676;S
20241114;100002;4436;10;11420985677;S
20241114;100002;4436;2;11420985678;S
20241114;100002;4436;1;11420985679;S
20241114;100002;4435;1;11420985680;S
20241114;100002;4435;2;11420985681;S
20241114;100002;4435;6;11420985682;S
20241114;100002;4434;100;11420985683;S
20241114;100002;4434;2;11420985684;S
20241114;100002;4433;3;11420985685;S
20241114;100002;4433;2;11420985686;S
20241114;100002;4433;1;11420985687;S
20241114;100002;4433;20;11420985688;S
20241114;100002;4432;10;11420985689;S
20241114;100002;4432;1;11420985690;S
20241114;100002;4432;10;11420985691;S
20241114;100002;4432;2;11420985692;S
20241114;100002;4432;10;11420985693;S
20241114;100002;4432;1;11420985694;S
20241114;100002;4431;2;11420985695;S
20241114;100002;4430;1;11420985696;S
20241114;100002;4430;4;11420985697;S
20241114;100002;4430;1;11420985698;S
20241114;100002;4430;2;11420985699;S
20241114;100002;4430;20;11420985700;S
20241114;100002;4430;2;11420985701;S
20241114;100002;4429;10;11420985702;S
20241114;100002;4429;3;11420985703;S
20241114;100002;4428;3;11420985704;S
20241114;100002;4428;4;11420985705;S
20241114;100002;4427;1;11420985706;S
20241114;100002;4427;3;11420985707;S
20241114;100002;4426;3;11420985708;S
20241114;100002;4426;12;11420985709;S
20241114;100002;4425;46;11420985710;S
20241114;100002;4425;100;11420985711;S
20241114;100002;4425;3;11420985712;S
20241114;100002;4424;3;11420985713;S
20241114;100002;4423;3;11420985714;S
20241114;100002;4423;1;11420985715;S
20241114;100002;4422;3;11420985716;S
20241114;100002;4422;20;11420985717;S
20241114;100002;4422;50;11420985718;S
20241114;100002;4422;2;11420985719;S
20241114;100002;4422;1;11420985798;S
20241114;100002;4421;1;11420985799;S
20241114;100002;4421;3;11420985800;S
20241114;100002;4421;1;11420985801;S
20241114;100002;4421;1;11420985802;S
20241114;100002;4421;4;11420985807;S
20241114;100002;4444;10;11420985812;B
20241114;100002;4430;1;11420986080;B
20241114;100002;4422;2;11420986123;S
20241114;100002;4422;1;11420986145;S
20241114;100002;4426;12;11420986154;B
20241114;100002;4435;6;11420986155;B
20241114;100003;4439;4;11420986237;S
20241114;100003;4439;2;11420986238;S
20241114;100003;4442;3;11420986371;B
20241114;100003;4445;1;11420986372;B
20241114;100003;4443;15;11420986376;S
20241114;100003;4439;7;11420986377;S
20241114;100003;4439;1;11420986378;S
20241114;100003;4439;18;11420986379;S
20241114;100003;4435;50;11420986380;S
20241114;100003;4434;8;11420986400;B
20241114;100003;4425;2;11420986401;S
20241114;100003;4425;1;11420986404;B
20241114;100003;4422;3;11420986405;S
20241114;100003;4422;8;11420986406;S
20241114;100003;4421;15;11420986407;S
20241114;100003;4421;16;11420986408;S
20241114;100003;4434;2;11420986410;B
20241114;100003;4434;21;11420986414;B
20241114;100003;4446;1;11420986448;B
20241114;100003;4443;1;11420986505;S
20241114;100003;4443;50;11420986591;S
20241114;100003;4444;1;11420986611;S
20241114;100003;4444;29;11420986617;S
20241114;100003;4443;46;11420986618;S
20241114;100003;4445;2;11420986626;B
20241114;100003;4443;6;11420986663;S
20241114;100003;4443;35;11420986681;S
20241114;100003;4446;10;11420986686;B
20241114;100003;4446;40;11420986687;B
20241114;100004;4447;1;11420987025;B
20241114;100004;4447;1;11420987041;B
20241114;100004;4445;12;11420987187;S
20241114;100004;4444;12;11420987188;S
20241114;100004;4444;18;11420987466;S
20241114;100004;4443;355;11420987467;S
20241114;100004;4430;1;11420987468;S
20241114;100004;4426;26;11420987469;S
20241114;100004;4426;24;11420987742;S
20241114;100004;4425;5;11420987743;S
20241114;100004;4424;2;11420987744;S
20241114;100004;4424;8;11420987745;S
20241114;100005;4446;1;11420988088;B
20241114;100005;4446;11;11420988128;B
20241114;100005;4446;12;11420988129;B
20241114;100005;4446;5;11420988130;B
20241114;100005;4446;5;11420988131;B
20241114;100005;4446;7;11420988132;B
20241114;100005;4446;8;11420988133;B
20241114;100005;4447;52;11420988134;B
20241114;100005;4446;1;11420988265;B
20241114;100005;4432;1;11420988774;S
20241114;100005;4425;12;11420988775;S
20241114;100005;4425;12;11420988776;S
20241114;100005;4424;17;11420988777;S
20241114;100005;4424;5;11420988778;S
20241114;100005;4424;7;11420988779;S
20241114;100005;4445;1;11420989161;B
20241114;100005;4445;1;11420989171;B
20241114;100005;4445;1;11420989184;B
20241114;100005;4445;4;11420989190;B
20241114;100005;4445;5;11420989196;B
20241114;100005;4446;4;11420989197;B
20241114;100005;4446;5;11420989198;B
20241114;100005;4446;11;11420989199;B
20241114;100005;4446;1;11420989200;B
20241114;100005;4446;1;11420989201;B
20241114;100005;4426;1;11420989209;S
20241114;100005;4445;1;11420989215;B
20241114;100005;4444;1;11420989575;B
20241114;100005;4446;1;11420989576;B
20241114;100005;4426;2;11420989578;S
20241114;100005;4446;1;11420989579;B
20241114;100005;4446;2;11420989581;B
20241114;100005;4445;2;11420990093;B
20241114;100005;4446;1;11420990094;B
20241114;100005;4426;2;11420990132;S
20241114;100006;4426;10;11420990359;S
20241114;100006;4426;3;11420990360;S
20241114;100006;4426;9;11420990365;S
20241114;100006;4425;1;11420990366;S
20241114;100006;4425;10;11420990369;S
20241114;100006;4425;19;11420990372;S
20241114;100006;4424;5;11420990373;S
20241114;100006;4423;16;11420990374;S
20241114;100006;4445;11;11420990847;B
20241114;100006;4445;1;11420990864;B
20241114;100006;4446;1;11420990865;B
20241114;100006;4446;5;11420990866;B
20241114;100006;4446;12;11420990867;B
20241114;100006;4446;16;11420990868;B
20241114;100006;4447;15;11420990869;B
20241114;100006;4428;1;11420990943;S
20241114;100006;4428;1;11420991104;S
20241114;100006;4443;1;11420991189;B
20241114;100006;4428;1;11420991353;S
20241114;100006;4428;10;11420991354;S
20241114;100006;4427;12;11420991355;S
20241114;100006;4427;7;11420991356;S
20241114;100006;4427;1;11420991357;S
20241114;100006;4427;20;11420991358;S
20241114;100007;4427;6;11420991745;S
20241114;100007;4427;13;11420991757;S
20241114;100007;4443;5;11420991791;B
20241114;100007;4443;7;11420991903;B
20241114;100007;4443;12;11420991904;B
20241114;100007;4443;5;11420991905;B
20241114;100007;4443;7;11420991906;B
20241114;100007;4444;31;11420991907;B
20241114;100007;4443;1;11420992182;B
20241114;100008;4428;5;11420992337;S
20241114;100008;4444;1;11420992339;B
20241114;100008;4428;5;11420992657;S
20241114;100008;4428;1;11420992670;S
20241114;100008;4428;1;11420992677;S
20241114;100008;4428;12;11420992678;S
20241114;100008;4428;18;11420992679;S
20241114;100008;4428;3;11420992685;S
20241114;100008;4428;1;11420992816;S
20241114;100009;4442;11;11420993242;B
20241114;100009;4430;2;11420993364;S
20241114;100009;4430;5;11420993365;S
20241114;100009;4430;6;11420993399;S
20241114;100009;4430;5;11420993400;S
20241114;100009;4430;1;11420993401;S
20241114;100010;4430;19;11420993569;S
20241114;100010;4430;23;11420993570;S
20241114;100010;4430;5;11420993571;S
20241114;100010;4430;7;11420993572;S
20241114;100010;4429;1;11420993573;S
20241114;100010;4429;50;11420993574;S
20241114;100010;4429;5;11420993575;S
20241114;100010;4429;8;11420993576;S
20241114;100010;4429;1;11420993577;S
20241114;100010;4428;3;11420993578;S
20241114;100010;4428;20;11420993579;S
20241114;100010;4428;5;11420993580;S
20241114;100010;4428;25;11420993581;S
20241114;100010;4428;25;11420993582;S
20241114;100010;4427;20;11420993583;S
20241114;100010;4426;50;11420993584;S
20241114;100010;4425;25;11420993585;S
20241114;100010;4425;40;11420993586;S
20241114;100010;4425;1;11420993587;S
20241114;100010;4424;11;11420993588;S
20241114;100010;4424;50;11420993589;S
20241114;100010;4423;50;11420993590;S
20241114;100010;4423;60;11420993591;S
20241114;100010;4422;25;11420993592;S
20241114;100010;4421;4;11420993593;S
20241114;100010;4421;5;11420993594;S
20241114;100010;4420;1;11420993595;S
20241114;100010;4420;1;11420993596;S
20241114;100010;4420;1;11420993597;S
20241114;100010;4420;3;11420993598;S
20241114;100010;4420;232;11420993599;S
20241114;100010;4420;18;11420993618;S
20241114;100010;4420;50;11420993619;S
20241114;100010;4420;23;11420993620;S
20241114;100010;4420;5;11420993621;S
20241114;100010;4420;5;11420993622;S
20241114;100010;4419;4;11420993623;S
20241114;100010;4419;25;11420993624;S
20241114;100010;4419;35;11420993625;S
20241114;100010;4419;3;11420993627;S
20241114;100010;4419;2;11420993658;S
20241114;100010;4419;13;11420993663;S
20241114;100010;4419;447;11420993665;S
20241114;100010;4418;448;11420993666;S
20241114;100010;4442;12;11420993814;B
20241114;100010;4442;12;11420993815;B
20241114;100010;4442;23;11420993816;B
20241114;100010;4442;5;11420993817;B
20241114;100010;4442;7;11420993818;B
20241114;100010;4442;5;11420993819;B
20241114;100010;4442;8;11420993820;B
20241114;100010;4442;40;11420993821;B
20241114;100010;4443;38;11420993822;B
20241114;100010;4428;1;11420993861;S
20241114;100011;4427;12;11420993984;S
20241114;100011;4427;11;11420993985;S
20241114;100011;4426;664;11420993986;S
20241114;100011;4420;40;11420993987;S
20241114;100011;4419;5;11420993988;S
20241114;100011;4419;5;11420993989;S
20241114;100011;4419;7;11420993990;S
20241114;100011;4419;8;11420993991;S
20241114;100011;4419;50;11420993992;S
20241114;100011;4418;118;11420993993;S
20241114;100011;4428;12;11420994097;B
20241114;100011;4429;23;11420994098;B
20241114;100011;4429;7;11420994099;B
20241114;100011;4429;5;11420994100;B
20241114;100011;4429;3;11420994101;B
20241114;100011;4430;11;11420994179;B
20241114;100012;4424;1;11420994281;S
20241114;100012;4424;49;11420994288;S
20241114;100014;4424;1;11420994587;B
20241114;100014;4429;5;11420994588;B
20241114;100014;4430;39;11420994589;B
20241114;100014;4430;1;11420994590;B
20241114;100014;4422;12;11420994659;S
20241114;100014;4421;25;11420994660;S
20241114;100014;4420;30;11420994661;S
20241114;100014;4420;11;11420994662;S
20241114;100014;4420;3;11420994663;S
20241114;100014;4420;7;11420994664;S
20241114;100014;4419;3;11420994665;S
20241114;100014;4419;50;11420994666;S
20241114;100014;4419;20;11420994667;S
20241114;100014;4418;139;11420994668;S
20241114;100015;4429;5;11420994841;S
20241114;100015;4430;11;11420994955;B
20241114;100015;4428;1;11420994962;B
20241114;100015;4429;20;11420994963;B
20241114;100015;4430;12;11420994964;B
20241114;100015;4431;50;11420994965;B
20241114;100015;4434;5;11420994966;B
20241114;100015;4434;18;11420994967;B
20241114;100015;4435;5;11420994968;B
20241114;100015;4436;5;11420994969;B
20241114;100015;4436;8;11420994970;B
20241114;100015;4437;4;11420994971;B
20241114;100015;4437;7;11420994972;B
20241114;100015;4437;6;11420994973;B
20241114;100015;4437;9;11420994985;B
20241114;100015;4426;12;11420994991;S
20241114;100015;4426;1;11420994992;S
20241114;100015;4426;23;11420994993;S
20241114;100015;4425;12;11420994994;S
20241114;100015;4425;2;11420994995;S
20241114;100016;4428;10;11420995049;S
20241114;100016;4437;12;11420995137;B
20241114;100016;4437;12;11420995138;B
20241114;100016;4438;26;11420995139;B
20241114;100017;4438;10;11420995253;B
20241114;100018;4436;1;11420995509;B
20241114;100018;4435;5;11420995596;B
20241114;100020;4436;1;11420995914;B
20241114;100020;4436;18;11420996116;B
20241114;100020;4438;14;11420996117;B
20241114;100020;4440;45;11420996118;B
20241114;100020;4440;1;11420996119;B
20241114;100020;4442;54;11420996120;B
20241114;100021;4442;1;11420996211;B
20241114;100021;4443;27;11420996212;B
20241114;100021;4439;1;11420996354;S
20241114;100021;4443;1;11420996475;B
20241114;100021;4445;3;11420996486;B
20241114;100021;4445;1;11420996487;B
20241114;100021;4445;10;11420996488;B
20241114;100022;4445;5;11420996573;B
20241114;100022;4445;5;11420996638;B
20241114;100022;4444;5;11420996705;B
20241114;100023;4441;4;11420996865;S
20241114;100023;4440;1;11420996866;S
20241114;100024;4440;4;11420996994;S
20241114;100024;4439;12;11420996995;S
20241114;100024;4439;4;11420996996;S
20241114;100024;4442;5;11420997068;B
20241114;100024;4443;1;11420997134;B
20241114;100024;4443;10;11420997207;B
20241114;100024;4444;5;11420997208;B
20241114;100024;4444;20;11420997209;B
20241114;100024;4445;22;11420997210;B
20241114;100024;4445;30;11420997211;B
20241114;100024;4446;10;11420997212;B
20241114;100024;4446;27;11420997213;B
20241114;100024;4447;154;11420997214;B
20241114;100024;4447;11;11420997215;B
20241114;100024;4447;2;11420997216;B
20241114;100024;4448;70;11420997217;B
20241114;100024;4449;3;11420997218;B
20241114;100024;4449;14;11420997219;B
20241114;100024;4450;84;11420997220;B
20241114;100024;4450;34;11420997221;B
20241114;100024;4450;1;11420997222;B
20241114;100025;4452;2;11420997260;B
20241114;100025;4450;1;11420997310;S
20241114;100025;4450;2;11420997568;S
20241114;100026;4450;50;11420997696;S
20241114;100026;4452;10;11420997718;B
20241114;100026;4452;19;11420997785;B
20241114;100026;4451;30;11420997811;B
20241114;100028;4452;1;11420998251;B
20241114;100028;4452;17;11420998252;B
20241114;100028;4452;4;11420998253;B
20241114;100028;4452;4;11420998254;B
20241114;100028;4452;30;11420998316;B
20241114;100029;4452;1;11420998454;S
20241114;100029;4453;19;11420998505;B
20241114;100029;4453;6;11420998506;B
20241114;100029;4453;4;11420998540;B
20241114;100029;4454;5;11420998541;B
20241114;100029;4454;10;11420998542;B
20241114;100029;4456;6;11420998543;B
20241114;100030;4452;1;11420998719;S
20241114;100031;4457;8;11420999072;B
20241114;100033;4456;4;11420999298;B
20241114;100033;4457;11;11420999299;B
20241114;100033;4459;11;11420999300;B
20241114;100033;4460;13;11420999301;B
20241114;100033;4460;1;11420999302;B
20241114;100033;4460;6;11420999303;B
20241114;100033;4460;5;11420999304;B
20241114;100033;4454;1;11420999477;S
20241114;100033;4454;1;11420999478;S
20241114;100035;4454;11;11420999981;S
20241114;100035;4453;6;11420999982;S
20241114;100035;4453;10;11420999983;S
20241114;100035;4453;12;11420999984;S
20241114;100035;4452;2;11420999985;S
20241114;100037;4452;10;11421000376;S
20241114;100038;4457;2;11421000671;B
20241114;100038;4457;4;11421000672;B
20241114;100038;4457;6;11421000673;B
20241114;100039;4457;1;11421001070;B
20241114;100039;4457;2;11421001071;B
20241114;100039;4457;3;11421001638;B
20241114;100039;4457;12;11421001639;B
20241114;100039;4457;50;11421001730;S
20241114;100039;4454;12;11421001731;S
20241114;100039;4454;12;11421001732;S
20241114;100039;4453;50;11421001733;S
20241114;100039;4452;12;11421001734;S
20241114;100039;4452;10;11421001735;S
20241114;100039;4452;15;11421001736;S
20241114;100039;4451;10;11421001737;S
20241114;100039;4451;5;11421001738;S
20241114;100039;4451;5;11421001739;S
20241114;100039;4451;6;11421001740;S
20241114;100040;4456;1;11421001769;B
20241114;100040;4451;1;11421001818;S
20241114;100040;4451;49;11421001934;B
20241114;100040;4456;1;11421001935;S
20241114;100040;4457;1;11421001957;B
20241114;100040;4455;50;11421002162;S
20241114;100040;4451;1;11421002163;S
20241114;100040;4451;2;11421002164;S
20241114;100040;4451;7;11421002165;S
20241114;100040;4450;440;11421002166;S
20241114;100041;4450;664;11421002191;S
20241114;100041;4450;1;11421002199;S
20241114;100041;4456;12;11421002246;B
20241114;100041;4457;2;11421002257;B
20241114;100041;4451;12;11421002367;S
20241114;100041;4451;2;11421002368;S
20241114;100041;4450;11;11421002369;S
20241114;100041;4456;10;11421002370;B
20241114;100041;4451;10;11421002371;S
20241114;100041;4450;90;11421002372;S
20241114;100041;4450;25;11421002468;S
20241114;100041;4455;3;11421002475;B
20241114;100041;4456;12;11421002476;B
20241114;100041;4456;5;11421002477;B
20241114;100041;4456;8;11421002478;B
20241114;100041;4456;12;11421002479;B
20241114;100041;4456;5;11421002480;B
20241114;100041;4456;3;11421002481;B
20241114;100042;4451;12;11421002517;S
20241114;100042;4450;219;11421002518;S
20241114;100042;4450;25;11421002519;S
20241114;100042;4444;1;11421002538;S
20241114;100042;4442;9;11421002539;S
20241114;100044;4447;1;11421003114;B
20241114;100045;4447;10;11421003444;B
20241114;100046;4442;20;11421003700;S
20241114;100046;4441;30;11421003701;S
20241114;100047;4444;5;11421003971;S
20241114;100047;4443;45;11421003972;S
20241114;100047;4446;10;11421004162;B
20241114;100050;4443;10;11421004743;S
20241114;100050;4442;10;11421004744;S
20241114;100050;4442;20;11421004745;S
20241114;100050;4441;10;11421004746;S
20241114;100050;4446;3;11421004788;B
20241114;100050;4446;1;11421004867;B
20241114;100052;4446;4;11421005576;B
20241114;100053;4442;3;11421005963;S
20241114;100053;4442;11;11421005964;S
20241114;100053;4441;4;11421005965;S
20241114;100053;4441;25;11421005966;S
20241114;100053;4440;10;11421005967;S
20241114;100053;4440;17;11421005968;S
20241114;100058;4446;5;11421007134;B
20241114;100058;4446;1;11421007214;B
20241114;100058;4444;20;11421007435;S
20241114;100058;4444;14;11421007560;S
20241114;100058;4441;2;11421007561;S
20241114;100058;4441;6;11421007562;S
20241114;100058;4440;28;11421007563;S
20241114;100059;4446;4;11421007862;B
20241114;100059;4446;6;11421007863;B
20241114;100059;4441;6;11421008034;S
20241114;100100;4440;46;11421008166;S
20241114;100100;4446;1;11421008369;B
20241114;100101;4446;11;11421008566;B
20241114;100101;4447;40;11421008567;B
20241114;100102;4450;2;11421008913;B
20241114;100102;4452;12;11421008914;B
20241114;100102;4452;1;11421008915;B
20241114;100103;4452;9;11421009429;B
20241114;100103;4453;1;11421009430;B
20241114;100103;4454;3;11421009452;B
20241114;100104;4454;1;11421009510;B
20241114;100104;4455;3;11421009511;B
20241114;100104;4455;12;11421009512;B
20241114;100108;4452;1;11421010849;S
20241114;100109;4456;20;11421011023;B
20241114;100109;4456;2;11421011027;B
20241114;100110;4456;2;11421011258;B
20241114;100110;4456;5;11421011269;B
20241114;100111;4456;11;11421011430;B
20241114;100111;4456;2;11421011482;B
20241114;100112;4457;11;11421011677;B
20241114;100112;4458;4;11421011678;B
20241114;100112;4459;4;11421011679;B
20241114;100112;4459;31;11421011680;B
20241114;100113;4457;1;11421011998;S
20241114;100113;4458;18;11421012027;B
20241114;100113;4459;82;11421012028;B
20241114;100115;4459;7;11421012602;B
20241114;100115;4459;1;11421012603;B
20241114;100116;4460;1;11421012931;B
20241114;100117;4460;4;11421012981;B
20241114;100117;4460;2;11421012982;B
20241114;100117;4460;19;11421012983;B
20241114;100118;4458;1;11421013350;S
20241114;100119;4460;18;11421013499;B
20241114;100120;4460;5;11421013566;B
20241114;100120;4460;58;11421013702;B
20241114;100120;4460;5;11421013703;B
20241114;100121;4460;1;11421013778;B
20241114;100122;4460;7;11421013998;B
20241114;100122;4460;22;11421014103;B
20241114;100122;4460;3;11421014104;B
20241114;100122;4459;1;11421014191;S
20241114;100123;4459;2;11421014329;S
20241114;100123;4460;60;11421014393;B
20241114;100123;4459;17;11421014401;S
20241114;100123;4458;12;11421014402;S
20241114;100123;4458;23;11421014403;S
20241114;100123;4457;59;11421014404;S
20241114;100124;4459;12;11421014434;B
20241114;100124;4460;187;11421014435;B
20241114;100124;4460;32;11421014436;B
20241114;100124;4462;2;11421014724;S
20241114;100124;4461;2;11421014725;S
20241114;100125;4463;2;11421014876;B
20241114;100125;4463;8;11421014877;B
20241114;100126;4464;1;11421015084;B
20241114;100126;4464;17;11421015085;B
20241114;100126;4461;12;11421015168;S
20241114;100126;4460;112;11421015169;S
20241114;100126;4459;19;11421015170;S
20241114;100126;4458;8;11421015171;S
20241114;100126;4457;76;11421015172;S
20241114;100126;4457;2;11421015173;S
20241114;100126;4457;5;11421015174;S
20241114;100126;4457;7;11421015175;S
20241114;100126;4456;10;11421015176;S
20241114;100126;4456;10;11421015177;S
20241114;100126;4456;1;11421015178;S
20241114;100126;4456;5;11421015179;S
20241114;100126;4456;8;11421015180;S
20241114;100126;4455;4;11421015181;S
20241114;100126;4455;56;11421015182;S
20241114;100126;4455;3;11421015183;S
20241114;100126;4454;2;11421015184;S
20241114;100126;4453;12;11421015185;S
20241114;100126;4452;23;11421015186;S
20241114;100126;4452;70;11421015187;S
20241114;100126;4451;20;11421015188;S
20241114;100126;4450;100;11421015189;S
20241114;100126;4450;20;11421015190;S
20241114;100126;4450;25;11421015191;S
20241114;100126;4450;10;11421015192;S
20241114;100126;4450;30;11421015193;B
20241114;100127;4450;100;11421015331;B
20241114;100128;4450;1;11421015516;B
20241114;100128;4449;3;11421015767;S
20241114;100128;4450;20;11421015778;B
20241114;100128;4450;12;11421015789;B
20241114;100128;4450;20;11421015809;B
20241114;100128;4450;20;11421015817;B
20241114;100129;4450;25;11421015875;B
20241114;100129;4450;5;11421015970;B
20241114;100129;4450;20;11421015976;B
20241114;100130;4450;25;11421016121;B
20241114;100130;4450;2;11421016160;B
20241114;100131;4450;60;11421016298;B
20241114;100131;4450;2;11421016434;B
20241114;100131;4450;100;11421016441;B
20241114;100131;4450;2;11421016442;B
20241114;100132;4450;20;11421016668;B
20241114;100132;4450;1;11421016669;B
20241114;100133;4450;179;11421016851;B
20241114;100133;4453;24;11421016852;B
20241114;100133;4454;24;11421016853;B
20241114;100133;4454;5;11421016854;B
20241114;100133;4454;5;11421016855;B
20241114;100133;4454;7;11421016856;B
20241114;100133;4454;8;11421016857;B
20241114;100133;4455;50;11421016858;B
20241114;100133;4458;40;11421016859;B
20241114;100133;4458;8;11421016860;B
20241114;100133;4452;8;11421016999;S
20241114;100134;4455;2;11421017232;B
20241114;100137;4455;1;11421017745;B
20241114;100137;4455;1;11421017799;B
20241114;100137;4456;9;11421017800;B
20241114;100139;4456;3;11421018185;B
20241114;100140;4456;8;11421018413;B
20241114;100140;4456;12;11421018414;B
20241114;100140;4456;20;11421018415;B
20241114;100140;4457;100;11421018416;B
20241114;100140;4457;3;11421018417;B
20241114;100140;4458;1;11421018418;B
20241114;100140;4459;94;11421018419;B
20241114;100140;4459;9;11421018473;B
20241114;100140;4458;1;11421018526;B
20241114;100145;4458;4;11421019811;B
20241114;100145;4460;1;11421019876;B
20241114;100145;4461;9;11421019877;B
20241114;100147;4456;1;11421020769;B
20241114;100147;4460;4;11421020770;B
20241114;100148;4461;5;11421020884;B
20241114;100151;4461;6;11421021865;B
20241114;100151;4462;4;11421021866;B
20241114;100154;4462;2;11421022557;B
20241114;100154;4462;4;11421022808;B
20241114;100154;4462;10;11421022809;B
20241114;100155;4461;1;11421022956;S
20241114;100156;4463;1;11421023118;B
20241114;100156;4463;10;11421023365;B
20241114;100158;4463;1;11421023585;B
20241114;100158;4463;1;11421023682;B
20241114;100158;4462;47;11421023718;S
20241114;100203;4463;6;11421025549;B
20241114;100204;4463;1;11421025692;B
20241114;100204;4463;25;11421025693;B
20241114;100204;4464;74;11421025694;B
20241114;100205;4464;9;11421026069;B
20241114;100205;4464;5;11421026070;B
20241114;100205;4464;2;11421026071;B
20241114;100205;4463;1;11421026084;S
20241114;100207;4463;1;11421026421;B
20241114;100210;4463;1;11421027376;B
20241114;100210;4463;1;11421027377;B
20241114;100210;4464;3;11421027378;B
20241114;100210;4465;6;11421027379;B
20241114;100211;4462;1;11421027744;S
20241114;100212;4465;1;11421027795;B
20241114;100212;4462;1;11421028036;S
20241114;100214;4462;1;11421028666;S
20241114;100214;4462;1;11421028667;S
20241114;100214;4461;4;11421028668;S
20241114;100214;4461;3;11421028669;S
20241114;100214;4461;1;11421028670;S
20241114;100214;4461;5;11421028671;S
20241114;100214;4459;12;11421028672;S
20241114;100214;4459;12;11421028673;S
20241114;100214;4459;11;11421028674;S
20241114;100215;4465;9;11421028853;B
20241114;100215;4465;11;11421028854;B
20241114;100215;4463;20;11421028943;S
20241114;100215;4463;10;11421028944;S
20241114;100218;4460;1;11421029683;S
20241114;100219;4465;9;11421030030;B
20241114;100219;4465;2;11421030031;B
20241114;100219;4466;1;11421030041;B
20241114;100219;4466;1;11421030042;B
20241114;100219;4466;12;11421030043;B
20241114;100219;4466;11;11421030044;B
20241114;100219;4466;1;11421030137;B
20241114;100219;4466;23;11421030138;B
20241114;100219;4467;1;11421030139;B
20241114;100220;4462;1;11421030203;S
20241114;100220;4462;12;11421030362;S
20241114;100220;4462;23;11421030363;S
20241114;100220;4462;15;11421030378;B
20241114;100221;4466;12;11421030596;B
20241114;100221;4467;9;11421030597;B
20241114;100221;4467;2;11421030598;B
20241114;100221;4467;25;11421030599;B
20241114;100221;4467;2;11421030600;B
20241114;100221;4469;25;11421030608;B
20241114;100221;4469;3;11421030721;B
20241114;100221;4470;1;11421030722;B
20241114;100221;4470;20;11421030723;B
20241114;100221;4470;1;11421030724;B
20241114;100222;4470;5;11421030748;B
20241114;100225;4465;3;11421031953;S
20241114;100225;4465;1;11421031954;S
20241114;100227;4470;9;11421032358;B
20241114;100227;4470;4;11421032359;B
20241114;100227;4470;17;11421032360;B
20241114;100228;4465;1;11421032589;S
20241114;100229;4470;6;11421032857;B
20241114;100230;4470;9;11421033642;B
20241114;100232;4470;11;11421034182;B
20241114;100233;4470;7;11421034482;B
20241114;100233;4470;1;11421034483;B
20241114;100235;4470;2;11421035115;S
20241114;100236;4470;24;11421035234;B
20241114;100236;4471;1;11421035235;B
20241114;100238;4471;1;11421035821;B
20241114;100238;4472;2;11421035831;B
20241114;100240;4472;5;11421036010;B
20241114;100240;4470;6;11421036356;S
20241114;100242;4470;4;11421036618;S
20241114;100242;4470;5;11421036619;S
20241114;100242;4470;10;11421036620;S
20241114;100242;4469;1;11421036621;S
20241114;100243;4472;30;11421036947;B
20241114;100244;4472;4;11421037013;B
20241114;100245;4470;1;11421037500;S
20241114;100246;4472;23;11421037584;B
20241114;100246;4472;25;11421037585;B
20241114;100246;4472;2;11421037586;B
20241114;100246;4470;27;11421037674;S
20241114;100246;4471;1;11421037694;B
20241114;100246;4472;1;11421037695;B
20241114;100247;4471;10;11421037949;B
20241114;100247;4472;31;11421037950;B
20241114;100247;4472;4;11421038006;B
20241114;100248;4472;200;11421038054;B
20241114;100249;4471;25;11421038279;B
20241114;100251;4472;10;11421038811;B
20241114;100251;4472;10;11421038828;B
20241114;100252;4472;2;11421038925;B
20241114;100253;4472;17;11421039288;B
20241114;100255;4472;23;11421040135;B
20241114;100255;4472;11;11421040136;B
20241114;100255;4472;1;11421040137;B
20241114;100255;4472;4;11421040138;B
20241114;100257;4472;1;11421040428;B
20241114;100257;4472;2;11421040539;B
20241114;100300;4471;10;11421041010;B
20241114;100300;4471;5;11421041155;B
20241114;100301;4471;35;11421041382;B
20241114;100301;4471;16;11421041383;B
20241114;100303;4471;4;11421041874;B
20241114;100303;4472;134;11421041875;B
20241114;100303;4472;11;11421041876;B
20241114;100303;4472;50;11421041877;B
20241114;100303;4472;5;11421041878;B
20241114;100304;4473;10;11421041932;B
20241114;100305;4473;1;11421042122;B
20241114;100306;4473;2;11421042325;B
20241114;100306;4472;50;11421042384;S
20241114;100307;4473;1;11421042611;B
20241114;100307;4472;5;11421042636;S
20241114;100312;4472;10;11421043847;S
20241114;100314;4473;10;11421044330;B
20241114;100316;4473;37;11421044839;B
20241114;100316;4473;50;11421044840;B
20241114;100316;4473;345;11421044841;B
20241114;100320;4473;1;11421045864;S
20241114;100321;4474;8;11421046217;B
20241114;100321;4474;1;11421046218;B
20241114;100321;4474;1;11421046219;B
20241114;100321;4474;1;11421046220;B
20241114;100324;4475;100;11421047174;B
20241114;100326;4474;5;11421047714;S
20241114;100328;4475;2;11421048169;B
20241114;100329;4475;2;11421048364;B
20241114;100330;4475;100;11421048442;B
20241114;100330;4475;30;11421048454;B
20241114;100331;4475;10;11421048747;B
20241114;100331;4475;10;11421048847;B
20241114;100332;4475;100;11421048944;B
20241114;100332;4474;2;11421048950;S
20241114;100332;4474;1;11421048951;S
20241114;100333;4475;5;11421049179;B
20241114;100333;4475;1;11421049345;B
20241114;100334;4475;3;11421049406;B
20241114;100334;4475;25;11421049407;B
20241114;100334;4475;38;11421049567;B
20241114;100334;4475;20;11421049570;B
20241114;100335;4475;4;11421049604;B
20241114;100335;4475;1;11421049605;B
20241114;100335;4474;10;11421049606;S
20241114;100335;4475;3;11421049746;B
20241114;100335;4475;15;11421049747;B
20241114;100336;4474;10;11421049848;S
20241114;100336;4474;1;11421049881;B
20241114;100336;4474;1;11421049963;B
20241114;100337;4473;3;11421050211;S
20241114;100337;4474;2;11421050378;B
20241114;100338;4473;6;11421050408;S
20241114;100338;4473;10;11421050409;S
20241114;100338;4473;5;11421050410;S
20241114;100338;4473;2;11421050411;S
20241114;100338;4473;10;11421050412;S
20241114;100338;4473;1;11421050427;B
20241114;100339;4472;2;11421050686;S
20241114;100341;4473;1;11421051191;B
20241114;100341;4473;1;11421051304;B
20241114;100341;4473;19;11421051348;B
20241114;100341;4474;1;11421051349;B
20241114;100341;4475;5;11421051350;B
20241114;100341;4475;22;11421051351;B
20241114;100341;4475;2;11421051360;S
20241114;100343;4476;5;11421051618;B
20241114;100343;4477;2;11421051619;B
20241114;100343;4477;20;11421051620;B
20241114;100343;4477;23;11421051621;B
20241114;100343;4478;5;11421051622;B
20241114;100343;4478;188;11421051623;B
20241114;100343;4478;5;11421051624;B
20241114;100343;4478;2;11421051625;B
20241114;100344;4479;1;11421051832;B
20241114;100344;4479;2;11421051919;B
20241114;100344;4479;10;11421051920;B
20241114;100344;4479;8;11421051921;B
20241114;100346;4479;2;11421052230;B
20241114;100346;4479;3;11421052231;B
20241114;100346;4475;1;11421052322;S
20241114;100346;4475;10;11421052325;S
20241114;100349;4474;2;11421052921;S
20241114;100350;4474;1;11421053190;S
20241114;100351;4477;2;11421053232;B
20241114;100351;4478;10;11421053305;B
20241114;100351;4479;17;11421053337;B
20241114;100351;4479;3;11421053338;B
20241114;100351;4480;495;11421053339;B
20241114;100353;4480;5;11421053767;B
20241114;100353;4480;5;11421053768;B
20241114;100354;4480;1;11421053889;B
20241114;100356;4480;1;11421054426;B
20241114;100356;4480;1;11421054427;B
20241114;100356;4480;1;11421054428;B
20241114;100356;4482;2;11421054429;B
20241114;100358;4482;1;11421054693;B
20241114;100359;4482;2;11421054906;B
20241114;100401;4480;1;11421055250;S
20241114;100401;4483;5;11421055396;B
20241114;100401;4484;3;11421055397;B
20241114;100402;4484;1;11421055673;B
20241114;100403;4483;2;11421055889;B
20241114;100403;4484;10;11421055890;B
20241114;100404;4477;1;11421056002;S
20241114;100404;4477;1;11421056092;S
20241114;100405;4484;1;11421056338;B
20241114;100405;4484;1;11421056339;B
20241114;100406;4483;1;11421056390;S
20241114;100407;4484;1;11421056623;B
20241114;100408;4480;1;11421056892;S
20241114;100409;4480;9;11421057066;S
20241114;100409;4480;1;11421057067;S
20241114;100409;4478;12;11421057068;S
20241114;100409;4478;1;11421057069;S
20241114;100409;4478;1;11421057070;S
20241114;100409;4477;1;11421057071;S
20241114;100409;4477;5;11421057072;S
20241114;100413;4480;5;11421057812;B
20241114;100413;4482;20;11421057836;B
20241114;100413;4482;1;11421057837;B
20241114;100413;4483;1;11421057838;B
20241114;100413;4483;1;11421057839;B
20241114;100414;4480;14;11421057984;S
20241114;100414;4480;20;11421057993;S
20241114;100414;4482;1;11421058162;B
20241114;100414;4482;1;11421058168;B
20241114;100415;4482;4;11421058385;B
20241114;100415;4482;3;11421058386;B
20241114;100415;4482;3;11421058475;B
20241114;100415;4483;1;11421058476;B
20241114;100416;4483;5;11421058552;B
20241114;100416;4483;4;11421058560;B
20241114;100417;4483;4;11421058800;B
20241114;100417;4483;4;11421058898;B
20241114;100418;4481;9;11421059089;S
20241114;100418;4482;10;11421059181;B
20241114;100418;4483;15;11421059182;B
20241114;100419;4483;4;11421059270;B
20241114;100419;4483;4;11421059301;B
20241114;100419;4483;4;11421059365;B
20241114;100421;4483;5;11421059775;B
20241114;100421;4483;6;11421059776;B
20241114;100422;4483;3;11421059916;B
20241114;100422;4484;3;11421059917;B
20241114;100422;4484;1;11421059918;B
20241114;100422;4484;1;11421059919;B
20241114;100422;4484;2;11421059920;B
20241114;100423;4484;6;11421060157;B
20241114;100432;4484;1;11421062038;B
20241114;100432;4484;4;11421062091;B
20241114;100432;4484;20;11421062118;B
20241114;100433;4483;1;11421062314;S
20241114;100433;4482;1;11421062315;S
20241114;100433;4484;10;11421062371;B
20241114;100435;4483;21;11421062667;B
20241114;100435;4483;1;11421062692;B
20241114;100442;4481;1;11421064157;S
20241114;100443;4482;1;11421064251;S
20241114;100443;4483;20;11421064342;B
20241114;100443;4483;58;11421064448;B
20241114;100443;4483;4;11421064449;B
20241114;100443;4483;1;11421064450;B
20241114;100445;4483;8;11421064764;S
20241114;100445;4483;63;11421064849;S
20241114;100445;4483;350;11421064850;S
20241114;100445;4483;9;11421064851;S
20241114;100445;4482;9;11421064852;S
20241114;100445;4481;19;11421064853;S
20241114;100445;4480;20;11421064854;S
20241114;100446;4481;1;11421064968;S
20241114;100446;4483;1;11421065017;B
20241114;100446;4483;23;11421065018;B
20241114;100446;4484;5;11421065019;B
20241114;100446;4484;171;11421065020;B
20241114;100449;4483;2;11421065685;B
20241114;100450;4482;3;11421066123;S
20241114;100450;4481;12;11421066124;S
20241114;100450;4481;8;11421066125;S
20241114;100450;4481;10;11421066165;S
20241114;100452;4483;1;11421066772;B
20241114;100452;4481;1;11421066791;S
20241114;100452;4481;1;11421066792;S
20241114;100452;4480;18;11421066793;S
20241114;100458;4483;1;11421068077;B
20241114;100458;4483;1;11421068078;B
20241114;100459;4483;1;11421068212;B
20241114;100501;4483;10;11421068696;B
20241114;100501;4483;1;11421068697;B
20241114;100501;4483;5;11421068698;B
20241114;100502;4484;6;11421068886;B
20241114;100503;4483;1;11421069301;S
20241114;100507;4483;3;11421070084;S
20241114;100507;4483;1;11421070085;S
20241114;100507;4482;10;11421070256;S
20241114;100509;4483;2;11421070632;B
20241114;100509;4483;12;11421070680;B
20241114;100511;4482;10;11421071272;B
20241114;100511;4483;32;11421071273;B
20241114;100512;4483;6;11421071452;B
20241114;100513;4483;24;11421071814;S
20241114;100513;4480;23;11421071815;S
20241114;100513;4480;1;11421071816;S
20241114;100513;4480;1;11421071817;S
20241114;100513;4480;12;11421071818;S
20241114;100513;4479;3;11421071834;S
20241114;100513;4480;49;11421071835;B
20241114;100513;4482;6;11421071836;B
20241114;100513;4483;6;11421071837;B
20241114;100513;4483;12;11421071838;B
20241114;100513;4484;7;11421071839;B
20241114;100513;4484;1;11421071931;B
20241114;100514;4483;10;11421072070;B
20241114;100514;4484;10;11421072071;B
20241114;100514;4484;5;11421072116;B
20241114;100514;4484;1;11421072117;B
20241114;100514;4484;5;11421072118;B
20241114;100514;4484;1;11421072119;B
20241114;100514;4485;1;11421072120;B
20241114;100514;4485;5;11421072121;B
20241114;100514;4485;20;11421072122;B
20241114;100514;4485;4;11421072123;B
20241114;100514;4486;5;11421072124;B
20241114;100514;4486;155;11421072125;B
20241114;100514;4481;1;11421072213;S
20241114;100516;4483;1;11421072507;B
20241114;100516;4484;1;11421072508;B
20241114;100516;4484;1;11421072692;B
20241114;100517;4484;2;11421072931;B
20241114;100519;4484;93;11421073240;B
20241114;100519;4484;7;11421073241;B
20241114;100524;4482;10;11421074387;S
20241114;100524;4482;8;11421074388;S
20241114;100524;4482;10;11421074389;S
20241114;100524;4482;7;11421074390;S
20241114;100526;4484;1;11421074772;B
20241114;100529;4484;2;11421075525;B
20241114;100530;4484;1;11421075659;B
20241114;100533;4484;1;11421076199;B
20241114;100533;4484;7;11421076200;B
20241114;100533;4484;2;11421076201;B
20241114;100533;4484;1;11421076242;B
20241114;100536;4484;1;11421076900;B
20241114;100536;4484;2;11421077193;B
20241114;100537;4484;12;11421077305;B
20241114;100538;4484;1;11421077736;B
20241114;100539;4484;2;11421077776;B
20241114;100540;4484;10;11421078082;B
20241114;100541;4484;7;11421078354;B
20241114;100541;4484;1;11421078355;B
20241114;100541;4484;10;11421078356;B
20241114;100541;4484;1;11421078357;B
20241114;100542;4484;7;11421078564;S
20241114;100545;4484;1;11421079082;S
20241114;100547;4484;1;11421079728;S
20241114;100548;4484;5;11421079893;S
20241114;100548;4484;1;11421079901;S
20241114;100549;4484;50;11421079967;S
20241114;100549;4485;1;11421080086;B
20241114;100549;4484;16;11421080127;S
20241114;100550;4481;1;11421080299;S
20241114;100552;4483;8;11421080685;B
20241114;100552;4483;7;11421080686;B
20241114;100555;4482;1;11421081187;B
20241114;100556;4482;2;11421081345;B
20241114;100556;4482;1;11421081421;B
20241114;100600;4482;6;11421082276;B
20241114;100600;4482;4;11421082277;B
20241114;100600;4483;8;11421082278;B
20241114;100600;4483;4;11421082279;B
20241114;100606;4483;1;11421083926;B
20241114;100610;4483;9;11421084815;B
20241114;100610;4483;5;11421084816;B
20241114;100610;4483;4;11421084817;B
20241114;100610;4483;2;11421084863;B
20241114;100615;4480;8;11421085914;S
20241114;100615;4480;5;11421085915;S
20241114;100615;4480;1;11421085916;S
20241114;100615;4480;6;11421085917;S
20241114;100616;4479;5;11421086129;S
20241114;100616;4479;4;11421086130;S
20241114;100616;4479;3;11421086131;S
20241114;100616;4479;1;11421086132;S
20241114;100616;4479;2;11421086133;S
20241114;100616;4478;85;11421086134;S
20241114;100616;4480;1;11421086155;B
20241114;100617;4479;12;11421086327;S
20241114;100617;4480;1;11421086381;B
20241114;100622;4479;1;11421087543;B
20241114;100623;4479;49;11421087666;B
20241114;100623;4479;6;11421087667;B
20241114;100623;4480;8;11421087668;B
20241114;100623;4480;1;11421087669;B
20241114;100625;4478;1;11421088179;S
20241114;100625;4480;11;11421088180;B
20241114;100625;4480;2;11421088181;B
20241114;100625;4480;6;11421088182;B
20241114;100625;4481;6;11421088183;B
20241114;100625;4482;12;11421088184;B
20241114;100625;4482;4;11421088185;B
20241114;100625;4483;9;11421088186;B
20241114;100625;4483;1;11421088187;B
20241114;100625;4483;20;11421088188;B
20241114;100625;4483;10;11421088189;B
20241114;100625;4484;19;11421088190;B
20241114;100628;4480;1;11421088937;B
20241114;100630;4480;7;11421089330;B
20241114;100630;4480;12;11421089393;B
20241114;100630;4481;7;11421089394;B
20241114;100630;4482;6;11421089395;B
20241114;100631;4480;6;11421089583;S
20241114;100631;4479;12;11421089584;S
20241114;100631;4479;5;11421089585;S
20241114;100631;4479;12;11421089586;S
20241114;100632;4478;25;11421089887;S
20241114;100632;4478;8;11421089888;S
20241114;100632;4478;9;11421089889;S
20241114;100632;4478;9;11421089890;S
20241114;100632;4478;1;11421089891;S
20241114;100632;4478;35;11421089892;S
20241114;100633;4479;10;11421090039;B
20241114;100635;4478;65;11421090628;S
20241114;100635;4477;10;11421090629;S
20241114;100635;4477;20;11421090630;S
20241114;100635;4477;55;11421090631;S
20241114;100635;4477;54;11421090646;S
20241114;100636;4477;24;11421090856;S
20241114;100636;4478;5;11421090883;B
20241114;100638;4477;5;11421091168;S
20241114;100638;4477;11;11421091251;S
20241114;100639;4478;3;11421091364;B
20241114;100639;4477;5;11421091423;S
20241114;100640;4477;50;11421091437;S
20241114;100643;4477;19;11421092139;S
20241114;100643;4476;3;11421092140;S
20241114;100644;4477;12;11421092382;B
20241114;100644;4478;1;11421092383;B
20241114;100644;4478;12;11421092384;B
20241114;100644;4478;12;11421092385;B
20241114;100644;4478;12;11421092386;B
20241114;100644;4479;50;11421092387;B
20241114;100644;4479;10;11421092388;B
20241114;100644;4479;5;11421092389;B
20241114;100644;4479;3;11421092390;B
20241114;100644;4480;133;11421092391;B
20241114;100644;4480;1;11421092424;B
20241114;100648;4477;1;11421093103;S
20241114;100648;4478;1;11421093181;B
20241114;100648;4478;13;11421093182;B
20241114;100649;4476;1;11421093225;S
20241114;100650;4476;1;11421093405;S
20241114;100652;4478;6;11421093930;B
20241114;100654;4476;1;11421094101;S
20241114;100654;4478;1;11421094102;B
20241114;100654;4479;1;11421094103;B
20241114;100654;4479;1;11421094104;B
20241114;100654;4479;3;11421094105;B
20241114;100654;4480;5;11421094106;B
20241114;100654;4480;2;11421094156;B
20241114;100655;4480;2;11421094246;B
20241114;100655;4480;1;11421094274;B
20241114;100657;4480;5;11421094506;B
20241114;100657;4478;1;11421094542;S
20241114;100658;4478;1;11421094714;B
20241114;100701;4478;1;11421095340;S
20241114;100702;4478;1;11421095510;S
20241114;100703;4478;3;11421095576;S
20241114;100703;4479;1;11421095584;B
20241114;100704;4477;1;11421095902;S
20241114;100704;4477;1;11421095903;S
20241114;100704;4477;1;11421095904;S
20241114;100706;4478;5;11421096228;B
20241114;100706;4478;2;11421096229;B
20241114;100706;4478;3;11421096263;B
20241114;100706;4478;1;11421096264;B
20241114;100706;4478;2;11421096265;B
20241114;100706;4478;2;11421096275;B
20241114;100707;4477;2;11421096307;S
20241114;100707;4477;47;11421096422;S
20241114;100707;4476;17;11421096423;S
20241114;100707;4476;10;11421096424;S
20241114;100707;4476;4;11421096425;S
20241114;100707;4475;5;11421096426;S
20241114;100707;4475;1;11421096427;S
20241114;100707;4475;10;11421096428;S
20241114;100707;4475;100;11421096429;S
20241114;100707;4475;11;11421096430;S
20241114;100707;4474;14;11421096431;S
20241114;100707;4474;8;11421096432;S
20241114;100708;4474;2;11421096605;S
20241114;100708;4474;2;11421096606;S
20241114;100708;4474;1;11421096607;S
20241114;100709;4474;1;11421096710;S
20241114;100711;4474;3;11421096909;S
20241114;100714;4476;8;11421097314;B
20241114;100714;4477;2;11421097315;B
20241114;100714;4477;10;11421097316;B
20241114;100716;4475;1;11421097610;S
20241114;100716;4474;1;11421097611;S
20241114;100716;4474;9;11421097612;S
20241114;100717;4474;3;11421097813;S
20241114;100717;4474;1;11421097814;S
20241114;100717;4474;1;11421097815;S
20241114;100718;4474;2;11421097833;S
20241114;100719;4474;1;11421097908;S
20241114;100720;4474;17;11421098069;S
20241114;100720;4474;128;11421098070;S
20241114;100720;4474;2;11421098075;S
20241114;100721;4474;233;11421098152;S
20241114;100721;4474;2;11421098153;S
20241114;100722;4474;20;11421098295;S
20241114;100726;4474;115;11421098853;S
20241114;100726;4474;1;11421098854;S
20241114;100726;4473;14;11421098855;S
20241114;100726;4473;20;11421098856;S
20241114;100726;4473;1;11421098857;S
20241114;100726;4473;2;11421098858;S
20241114;100726;4472;1;11421098859;S
20241114;100726;4472;3;11421098860;S
20241114;100726;4472;1;11421098861;S
20241114;100726;4472;5;11421098862;S
20241114;100726;4472;4;11421098863;S
20241114;100726;4472;5;11421098864;S
20241114;100726;4472;1;11421098865;S
20241114;100726;4471;2;11421098866;S
20241114;100726;4471;1;11421098867;S
20241114;100726;4471;40;11421098868;S
20241114;100726;4471;11;11421098869;S
20241114;100727;4474;2;11421099337;B
20241114;100728;4474;1;11421099406;B
20241114;100728;4475;12;11421099407;B
20241114;100728;4476;11;11421099408;B
20241114;100728;4476;30;11421099409;B
20241114;100728;4476;5;11421099410;B
20241114;100728;4477;5;11421099411;B
20241114;100728;4477;5;11421099412;B
20241114;100728;4477;5;11421099413;B
20241114;100728;4478;1;11421099414;B
20241114;100728;4478;3;11421099415;B
20241114;100728;4479;22;11421099416;B
20241114;100729;4475;1;11421099859;B
20241114;100730;4475;24;11421099927;B
20241114;100731;4475;21;11421100296;B
20241114;100731;4477;6;11421100297;B
20241114;100731;4478;1;11421100298;B
20241114;100731;4479;28;11421100299;B
20241114;100736;4478;1;11421101090;B
20241114;100736;4479;24;11421101091;B
20241114;100739;4475;1;11421101651;S
20241114;100740;4478;1;11421101851;B
20241114;100740;4474;1;11421101852;S
20241114;100743;4478;1;11421102301;B
20241114;100743;4478;1;11421102302;B
20241114;100743;4479;13;11421102303;B
20241114;100749;4479;25;11421103316;B
20241114;100751;4479;1;11421103531;B
20241114;100752;4476;1;11421103744;S
20241114;100752;4475;1;11421103745;S
20241114;100753;4476;1;11421103814;S
20241114;100755;4478;1;11421104131;B
20241114;100755;4479;3;11421104132;B
20241114;100759;4476;1;11421104603;S
20241114;100800;4478;1;11421104720;B
20241114;100803;4475;3;11421105230;S
20241114;100803;4475;1;11421105231;S
20241114;100803;4475;5;11421105232;S
20241114;100803;4475;3;11421105233;S
20241114;100803;4475;1;11421105234;S
20241114;100803;4475;1;11421105235;S
20241114;100803;4474;1;11421105236;S
20241114;100803;4474;5;11421105237;S
20241114;100803;4474;1;11421105238;S
20241114;100803;4474;3;11421105239;S
20241114;100803;4474;12;11421105240;S
20241114;100803;4473;1;11421105241;S
20241114;100803;4473;10;11421105242;S
20241114;100803;4473;3;11421105243;S
20241114;100808;4475;10;11421105934;S
20241114;100808;4473;1;11421105935;S
20241114;100808;4473;1;11421105936;S
20241114;100808;4473;2;11421105937;S
20241114;100808;4473;2;11421105938;S
20241114;100808;4472;4;11421105939;S
20241114;100808;4472;5;11421105940;S
20241114;100809;4472;1;11421106006;S
20241114;100809;4476;1;11421106070;B
20241114;100810;4472;6;11421106093;S
20241114;100810;4471;5;11421106094;S
20241114;100810;4471;4;11421106095;S
20241114;100810;4471;6;11421106096;S
20241114;100810;4471;29;11421106097;S
20241114;100811;4471;2;11421106328;S
20241114;100811;4471;2;11421106329;S
20241114;100811;4470;1;11421106330;S
20241114;100812;4471;1;11421106432;S
20241114;100814;4471;2;11421106683;S
20241114;100814;4471;20;11421106684;S
20241114;100814;4471;2;11421106685;S
20241114;100814;4471;2;11421106686;S
20241114;100814;4470;9;11421106687;S
20241114;100814;4470;1;11421106688;S
20241114;100814;4470;5;11421106689;S
20241114;100814;4470;1;11421106690;S
20241114;100814;4470;3;11421106691;S
20241114;100814;4470;1;11421106692;S
20241114;100814;4470;5;11421106693;S
20241114;100814;4470;40;11421106694;S
20241114;100814;4470;2;11421106695;S
20241114;100814;4470;7;11421106696;S
20241114;100814;4474;1;11421106846;B
20241114;100816;4471;1;11421107155;S
20241114;100819;4473;1;11421107587;B
20241114;100819;4473;5;11421107620;B
20241114;100819;4474;19;11421107621;B
20241114;100819;4474;10;11421107622;B
20241114;100819;4475;50;11421107623;B
20241114;100819;4475;11;11421107624;B
20241114;100819;4476;5;11421107625;B
20241114;100822;4476;1;11421108144;S
20241114;100823;4477;1;11421108270;B
20241114;100823;4477;1;11421108271;B
20241114;100823;4478;1;11421108272;B
20241114;100823;4478;1;11421108273;B
20241114;100823;4478;1;11421108274;B
20241114;100823;4478;1;11421108275;B
20241114;100823;4478;4;11421108276;B
20241114;100825;4476;2;11421108559;S
20241114;100827;4476;1;11421108806;S
20241114;100828;4475;1;11421108969;S
20241114;100828;4474;2;11421108970;S
20241114;100828;4474;8;11421108971;S
20241114;100828;4474;1;11421108972;S
20241114;100828;4474;3;11421108974;B
20241114;100830;4474;1;11421109170;B
20241114;100831;4474;4;11421109335;B
20241114;100831;4477;7;11421109336;B
20241114;100831;4477;1;11421109337;B
20241114;100831;4477;1;11421109338;B
20241114;100831;4478;8;11421109339;B
20241114;100831;4478;5;11421109340;B
20241114;100831;4478;12;11421109341;B
20241114;100831;4478;1;11421109342;B
20241114;100831;4478;2;11421109343;B
20241114;100831;4479;4;11421109344;B
20241114;100832;4475;2;11421109413;B
20241114;100835;4474;1;11421109769;S
20241114;100835;4474;2;11421109770;S
20241114;100835;4474;2;11421109771;S
20241114;100835;4474;2;11421109772;S
20241114;100835;4474;5;11421109773;S
20241114;100835;4473;5;11421109774;S
20241114;100835;4473;2;11421109775;S
20241114;100835;4473;1;11421109776;S
20241114;100835;4473;1;11421109777;S
20241114;100835;4473;5;11421109778;S
20241114;100835;4472;2;11421109779;S
20241114;100835;4472;10;11421109780;S
20241114;100835;4472;1;11421109781;S
20241114;100835;4472;12;11421109782;S
20241114;100835;4472;2;11421109783;S
20241114;100835;4471;1;11421109784;S
20241114;100835;4471;1;11421109785;S
20241114;100835;4471;3;11421109786;S
20241114;100835;4471;2;11421109787;S
20241114;100835;4471;1;11421109788;S
20241114;100835;4471;1;11421109789;S
20241114;100835;4471;4;11421109790;S
20241114;100835;4471;12;11421109791;S
20241114;100835;4471;22;11421109792;S
20241114;100836;4475;8;11421109926;B
20241114;100836;4475;4;11421109927;B
20241114;100837;4474;1;11421110004;B
20241114;100837;4476;21;11421110094;S
20241114;100837;4471;5;11421110095;S
20241114;100837;4471;5;11421110096;S
20241114;100837;4471;5;11421110097;S
20241114;100837;4471;7;11421110098;S
20241114;100837;4471;8;11421110099;S
20241114;100837;4471;1;11421110100;S
20241114;100837;4470;3;11421110101;S
20241114;100837;4470;1;11421110102;S
20241114;100837;4470;3;11421110103;S
20241114;100837;4470;1;11421110104;S
20241114;100838;4470;11;11421110269;S
20241114;100839;4475;2;11421110359;B
20241114;100839;4476;2;11421110360;B
20241114;100840;4476;1;11421110498;B
20241114;100840;4476;1;11421110499;B
20241114;100840;4477;1;11421110500;B
20241114;100840;4477;5;11421110501;B
20241114;100840;4477;5;11421110502;B
20241114;100840;4477;1;11421110503;B
20241114;100840;4477;1;11421110504;B
20241114;100842;4476;8;11421110732;B
20241114;100842;4477;9;11421110733;B
20241114;100842;4477;6;11421110734;B
20241114;100842;4478;2;11421110735;B
20241114;100842;4478;5;11421110736;B
20241114;100842;4478;8;11421110737;B
20241114;100844;4475;2;11421111058;S
20241114;100844;4473;2;11421111059;S
20241114;100844;4473;5;11421111060;S
20241114;100844;4472;1;11421111061;S
20241114;100844;4472;12;11421111062;S
20241114;100844;4472;1;11421111063;S
20241114;100844;4471;20;11421111064;S
20241114;100844;4471;1;11421111065;S
20241114;100844;4471;5;11421111066;S
20241114;100844;4471;1;11421111067;S
20241114;100844;4471;18;11421111068;S
20241114;100844;4471;8;11421111069;S
20241114;100844;4471;5;11421111070;S
20241114;100844;4471;1;11421111071;S
20241114;100844;4471;5;11421111072;S
20241114;100844;4471;1;11421111073;S
20241114;100844;4471;3;11421111074;S
20241114;100844;4470;9;11421111075;S
20241114;100845;4475;1;11421111208;B
20241114;100846;4474;5;11421111326;B
20241114;100848;4475;1;11421111614;B
20241114;100850;4471;2;11421111907;S
20241114;100851;4471;6;11421112054;S
20241114;100851;4474;1;11421112137;B
20241114;100857;4471;14;11421112770;S
20241114;100857;4471;1;11421112771;S
20241114;100857;4471;5;11421112772;S
20241114;100857;4471;5;11421112773;S
20241114;100857;4471;3;11421112774;S
20241114;100857;4470;31;11421112775;S
20241114;100902;4471;1;11421113504;S
20241114;100902;4471;1;11421113505;S
20241114;100903;4472;1;11421113557;B
20241114;100906;4471;5;11421113960;S
20241114;100906;4470;7;11421113961;S
20241114;100909;4470;10;11421114301;S
20241114;100914;4470;10;11421115243;S
20241114;100923;4471;1;11421116532;B
20241114;100923;4471;1;11421116668;B
20241114;100924;4471;1;11421116771;B
20241114;100925;4470;12;11421116882;S
20241114;100927;4470;14;11421117211;S
20241114;100929;4470;10;11421117498;S
20241114;100932;4471;6;11421117870;B
20241114;100932;4471;9;11421117926;B
20241114;100932;4471;2;11421117927;B
20241114;100932;4471;11;11421117928;B
20241114;100938;4472;20;11421118814;B
20241114;100939;4472;5;11421118992;B
20241114;100945;4472;1;11421119813;B
20241114;100949;4471;26;11421120287;S
20241114;100949;4472;1;11421120423;B
20241114;100950;4472;1;11421120592;B
20241114;100950;4472;1;11421120623;B
20241114;100950;4472;2;11421120624;B
20241114;100954;4472;2;11421121067;B
20241114;100954;4472;1;11421121068;B
20241114;100954;4474;2;11421121069;B
20241114;101000;4474;1;11421122123;B
20241114;101000;4474;10;11421122124;B
20241114;101000;4474;1;11421122125;B
20241114;101000;4475;1;11421122126;B
20241114;101000;4475;1;11421122127;B
20241114;101000;4475;5;11421122128;B
20241114;101000;4476;12;11421122129;B
20241114;101000;4476;9;11421122130;B
20241114;101001;4474;4;11421122352;B
20241114;101012;4476;2;11421123658;B
20241114;101014;4476;3;11421123959;B
20241114;101014;4477;1;11421123960;B
20241114;101014;4478;5;11421123961;B
20241114;101014;4478;3;11421123962;B
20241114;101014;4478;1;11421123963;B
20241114;101014;4478;2;11421123964;B
20241114;101014;4479;3;11421123965;B
20241114;101014;4479;15;11421123966;B
20241114;101014;4475;1;11421123999;S
20241114;101014;4475;20;11421124000;S
20241114;101016;4478;1;11421124277;B
20241114;101016;4478;100;11421124293;S
20241114;101016;4476;4;11421124294;S
20241114;101016;4475;1;11421124295;S
20241114;101016;4474;4;11421124296;S
20241114;101016;4473;2;11421124297;S
20241114;101016;4472;2;11421124298;S
20241114;101016;4472;2;11421124299;S
20241114;101016;4472;1;11421124300;S
20241114;101016;4472;12;11421124301;S
20241114;101016;4472;12;11421124302;S
20241114;101016;4472;3;11421124303;S
20241114;101016;4471;7;11421124304;S
20241114;101026;4476;2;11421125920;B
20241114;101026;4476;2;11421125921;B
20241114;101026;4476;1;11421125922;B
20241114;101026;4477;6;11421125923;B
20241114;101028;4476;1;11421126342;B
20241114;101028;4476;1;11421126387;B
20241114;101041;4475;1;11421128113;B
20241114;101041;4476;1;11421128114;B
20241114;101041;4476;25;11421128178;B
20241114;101044;4473;2;11421128744;S
20241114;101049;4473;1;11421129318;S
20241114;101051;4475;1;11421129583;B
20241114;101054;4475;1;11421130072;B
20241114;101056;4473;5;11421130391;S
20241114;101056;4473;6;11421130392;S
20241114;101056;4473;8;11421130393;S
20241114;101056;4473;1;11421130394;S
20241114;101056;4472;1;11421130395;S
20241114;101056;4472;1;11421130396;S
20241114;101056;4472;1;11421130397;S
20241114;101056;4472;2;11421130398;S
20241114;101056;4472;4;11421130399;S
20241114;101059;4474;5;11421130761;B
20241114;101059;4475;12;11421130762;B
20241114;101059;4475;12;11421130763;B
20241114;101059;4475;1;11421130764;B
20241114;101059;4475;1;11421130765;B
20241114;101059;4475;1;11421130766;B
20241114;101059;4476;21;11421130844;B
20241114;101109;4476;2;11421132264;B
20241114;101113;4475;35;11421133001;S
20241114;101113;4475;1;11421133002;S
20241114;101113;4475;6;11421133003;S
20241114;101113;4474;6;11421133004;S
20241114;101113;4474;1;11421133005;S
20241114;101113;4473;1;11421133006;S
20241114;101115;4476;20;11421133231;B
20241114;101115;4476;1;11421133264;B
20241114;101119;4476;8;11421133766;B
20241114;101119;4476;1;11421133794;B
20241114;101120;4476;11;11421133919;B
20241114;101121;4476;5;11421133962;B
20241114;101124;4476;5;11421134511;B
20241114;101124;4476;1;11421134583;B
20241114;101124;4477;1;11421134584;B
20241114;101125;4475;1;11421134647;S
20241114;101131;4477;4;11421135978;B
20241114;101131;4477;12;11421135979;B
20241114;101131;4479;5;11421135980;B
20241114;101131;4479;4;11421135981;B
20241114;101131;4479;1;11421135982;B
20241114;101131;4479;5;11421135983;B
20241114;101131;4479;8;11421135984;B
20241114;101131;4479;2;11421135985;B
20241114;101131;4479;4;11421135986;B
20241114;101131;4480;65;11421135987;B
20241114;101134;4480;1;11421136441;B
20241114;101140;4476;1;11421137707;S
20241114;101140;4476;1;11421137708;S
20241114;101140;4476;4;11421137709;S
20241114;101140;4475;1;11421137710;S
20241114;101140;4475;4;11421137711;S
20241114;101140;4475;2;11421137712;S
20241114;101140;4475;1;11421137713;S
20241114;101144;4475;5;11421138337;B
20241114;101145;4475;1;11421138408;B
20241114;101149;4478;1;11421138951;B
20241114;101149;4478;2;11421138952;B
20241114;101158;4479;3;11421140553;B
20241114;101158;4479;1;11421140554;B
20241114;101158;4479;1;11421140555;B
20241114;101200;4477;1;11421140995;S
20241114;101200;4477;1;11421140996;S
20241114;101200;4477;3;11421140997;S
20241114;101202;4480;2;11421141242;B
20241114;101202;4480;4;11421141422;B
20241114;101203;4480;4;11421141453;B
20241114;101203;4477;2;11421141730;S
20241114;101203;4477;4;11421141731;S
20241114;101203;4476;23;11421141732;S
20241114;101203;4476;12;11421141733;S
20241114;101203;4476;1;11421141734;S
20241114;101203;4476;1;11421141735;S
20241114;101203;4476;4;11421141736;S
20241114;101203;4475;37;11421141737;S
20241114;101203;4475;1;11421141738;S
20241114;101203;4475;1;11421141739;S
20241114;101203;4479;4;11421141747;B
20241114;101204;4479;4;11421141827;B
20241114;101204;4479;4;11421141847;B
20241114;101204;4479;4;11421141926;B
20241114;101204;4474;1;11421141931;S
20241114;101204;4474;1;11421141932;S
20241114;101204;4474;3;11421141933;S
20241114;101205;4479;2;11421142174;B
20241114;101205;4480;2;11421142175;B
20241114;101205;4479;4;11421142210;B
20241114;101205;4479;1;11421142253;B
20241114;101205;4480;3;11421142254;B
20241114;101206;4480;19;11421142475;B
20241114;101206;4480;1;11421142476;B
20241114;101206;4480;1;11421142477;B
20241114;101206;4480;9;11421142478;B
20241114;101206;4478;1;11421142561;S
20241114;101215;4480;1;11421143878;B
20241114;101217;4478;3;11421144039;S
20241114;101221;4480;1;11421144959;B
20241114;101224;4480;11;11421145353;B
20241114;101224;4480;2;11421145354;B
20241114;101224;4480;5;11421145355;B
20241114;101224;4480;2;11421145356;B
20241114;101224;4480;1;11421145357;B
20241114;101224;4480;6;11421145358;B
20241114;101224;4480;5;11421145359;B
20241114;101224;4481;5;11421145360;B
20241114;101224;4481;12;11421145361;B
20241114;101224;4482;1;11421145362;B
20241114;101224;4483;13;11421145363;B
20241114;101225;4482;10;11421145566;B
20241114;101226;4479;1;11421145654;S
20241114;101231;4479;1;11421146342;S
20241114;101232;4481;2;11421146356;B
20241114;101232;4482;17;11421146357;B
20241114;101232;4482;40;11421146358;B
20241114;101232;4482;7;11421146359;B
20241114;101239;4483;1;11421147340;B
20241114;101243;4482;1;11421147783;S
20241114;101246;4483;4;11421148232;B
20241114;101246;4483;1;11421148233;B
20241114;101246;4484;70;11421148234;B
20241114;101246;4484;8;11421148235;B
20241114;101246;4484;6;11421148236;B
20241114;101246;4484;23;11421148237;B
20241114;101246;4485;1;11421148238;B
20241114;101246;4485;20;11421148239;B
20241114;101246;4485;6;11421148240;B
20241114;101246;4486;298;11421148241;B
20241114;101246;4486;5;11421148242;B
20241114;101246;4487;2;11421148243;B
20241114;101246;4487;5;11421148244;B
20241114;101246;4487;5;11421148245;B
20241114;101246;4487;8;11421148246;B
20241114;101246;4487;5;11421148247;B
20241114;101246;4487;5;11421148248;B
20241114;101246;4487;7;11421148249;B
20241114;101246;4487;40;11421148250;B
20241114;101246;4488;150;11421148251;B
20241114;101246;4488;17;11421148252;B
20241114;101246;4488;26;11421148253;B
20241114;101246;4488;1;11421148254;B
20241114;101246;4488;1;11421148255;B
20241114;101246;4488;5;11421148256;B
20241114;101246;4488;5;11421148257;B
20241114;101246;4488;12;11421148258;B
20241114;101246;4488;2;11421148259;S
20241114;101247;4489;25;11421148339;B
20241114;101247;4489;5;11421148340;B
20241114;101247;4489;2;11421148364;B
20241114;101247;4489;1;11421148365;B
20241114;101247;4489;5;11421148366;B
20241114;101247;4489;5;11421148367;B
20241114;101247;4489;17;11421148368;B
20241114;101248;4488;6;11421148493;S
20241114;101252;4488;35;11421149261;S
20241114;101252;4489;43;11421149318;B
20241114;101252;4489;2;11421149319;B
20241114;101252;4489;1;11421149320;B
20241114;101252;4489;5;11421149321;B
20241114;101252;4489;2;11421149322;B
20241114;101252;4489;1;11421149323;B
20241114;101252;4489;10;11421149324;B
20241114;101252;4490;2;11421149325;B
20241114;101252;4490;59;11421149326;B
20241114;101253;4488;5;11421149445;S
20241114;101253;4490;42;11421149446;B
20241114;101253;4490;5;11421149447;B
20241114;101253;4490;120;11421149448;B
20241114;101253;4490;1;11421149449;B
20241114;101253;4490;1;11421149450;B
20241114;101253;4490;11;11421149451;B
20241114;101253;4490;5;11421149452;B
20241114;101253;4490;4;11421149453;B
20241114;101253;4490;10;11421149454;B
20241114;101253;4490;1;11421149455;B
20241114;101254;4490;2;11421149563;B
20241114;101254;4490;1;11421149564;B
20241114;101254;4492;1;11421149568;B
20241114;101254;4492;1;11421149569;B
20241114;101254;4492;1;11421149570;B
20241114;101254;4492;1;11421149571;B
20241114;101254;4492;6;11421149572;B
20241114;101254;4493;12;11421149573;B
20241114;101254;4493;5;11421149629;B
20241114;101256;4492;12;11421149874;S
20241114;101256;4492;1;11421149875;S
20241114;101256;4491;1;11421149876;S
20241114;101256;4491;1;11421149877;S
20241114;101256;4490;15;11421149878;S
20241114;101258;4492;1;11421150134;B
20241114;101259;4492;7;11421150227;B
20241114;101259;4489;1;11421150237;S
20241114;101300;4492;13;11421150478;B
20241114;101300;4492;1;11421150479;B
20241114;101300;4492;1;11421150480;B
20241114;101302;4493;1;11421150805;B
20241114;101302;4490;1;11421150813;S
20241114;101302;4490;5;11421150814;S
20241114;101302;4490;23;11421150815;S
20241114;101302;4489;12;11421150816;S
20241114;101302;4489;10;11421150817;S
20241114;101302;4489;11;11421150818;S
20241114;101302;4489;12;11421150819;S
20241114;101302;4489;1;11421150820;S
20241114;101302;4488;25;11421150821;S
20241114;101304;4492;10;11421151052;B
20241114;101306;4490;1;11421151193;S
20241114;101306;4492;12;11421151315;B
20241114;101306;4492;16;11421151316;B
20241114;101306;4492;23;11421151317;B
20241114;101306;4493;57;11421151318;B
20241114;101306;4493;1;11421151319;B
20241114;101306;4493;1;11421151320;B
20241114;101306;4493;6;11421151321;B
20241114;101306;4493;2;11421151322;B
20241114;101306;4494;500;11421151323;B
20241114;101306;4494;15;11421151324;B
20241114;101306;4494;1;11421151325;B
20241114;101306;4494;20;11421151326;B
20241114;101306;4495;75;11421151327;B
20241114;101306;4495;1;11421151328;B
20241114;101306;4495;1;11421151329;B
20241114;101306;4495;32;11421151330;B
20241114;101306;4495;1;11421151331;B
20241114;101306;4495;1;11421151332;B
20241114;101306;4495;32;11421151333;B
20241114;101306;4495;2;11421151334;B
20241114;101306;4495;4;11421151335;B
20241114;101306;4495;5;11421151336;B
20241114;101306;4496;10;11421151337;B
20241114;101306;4496;20;11421151338;B
20241114;101306;4496;4;11421151339;B
20241114;101306;4496;5;11421151340;B
20241114;101306;4496;30;11421151341;B
20241114;101306;4496;10;11421151342;B
20241114;101306;4496;1;11421151343;B
20241114;101306;4496;20;11421151344;B
20241114;101306;4496;20;11421151345;B
20241114;101306;4496;1;11421151346;B
20241114;101306;4496;20;11421151347;B
20241114;101306;4497;1;11421151348;B
20241114;101306;4497;3;11421151349;B
20241114;101306;4497;32;11421151350;B
20241114;101306;4497;5;11421151351;B
20241114;101306;4497;10;11421151352;B
20241114;101306;4496;4;11421151393;B
20241114;101307;4496;4;11421151407;B
20241114;101307;4496;2;11421151408;B
20241114;101307;4496;4;11421151414;B
20241114;101307;4496;4;11421151423;B
20241114;101307;4495;10;11421151519;B
20241114;101307;4496;1;11421151520;B
20241114;101308;4496;4;11421151699;B
20241114;101309;4494;5;11421151732;S
20241114;101309;4496;4;11421151749;B
20241114;101309;4496;4;11421151756;B
20241114;101309;4494;7;11421151766;S
20241114;101309;4494;8;11421151767;S
20241114;101309;4496;4;11421151814;B
20241114;101309;4496;4;11421151830;B
20241114;101310;4496;4;11421151847;B
20241114;101310;4496;4;11421151859;B
20241114;101310;4495;20;11421152035;B
20241114;101310;4496;5;11421152036;B
20241114;101313;4496;4;11421152365;B
20241114;101314;4496;130;11421152602;B
20241114;101316;4496;1;11421152806;B
20241114;101316;4496;1;11421152807;B
20241114;101316;4496;30;11421152888;B
20241114;101316;4496;1;11421152889;B
20241114;101316;4496;1;11421152890;B
20241114;101316;4497;24;11421152891;B
20241114;101316;4497;1;11421152892;B
20241114;101316;4497;2;11421152893;B
20241114;101316;4497;2;11421152894;B
20241114;101316;4497;11;11421152895;B
20241114;101316;4497;20;11421152896;B
20241114;101316;4497;20;11421152897;B
20241114;101316;4497;20;11421152898;B
20241114;101316;4497;10;11421152899;B
20241114;101316;4497;1;11421152900;B
20241114;101316;4497;20;11421152901;B
20241114;101316;4497;50;11421152902;B
20241114;101316;4497;5;11421152903;B
20241114;101316;4497;20;11421152904;B
20241114;101316;4497;16;11421152905;B
20241114;101316;4497;5;11421152906;B
20241114;101316;4498;2;11421152907;B
20241114;101316;4498;1;11421152908;B
20241114;101316;4498;1;11421152909;B
20241114;101316;4498;1;11421152910;B
20241114;101316;4498;1;11421152911;B
20241114;101316;4498;2;11421152912;B
20241114;101316;4498;2;11421152913;B
20241114;101316;4498;1;11421152914;B
20241114;101316;4498;1;11421152915;B
20241114;101316;4498;1;11421152916;B
20241114;101316;4498;128;11421152917;B
20241114;101316;4497;12;11421152920;B
20241114;101316;4498;88;11421152921;B
20241114;101317;4498;20;11421152957;B
20241114;101317;4498;10;11421152958;B
20241114;101317;4498;254;11421152964;B
20241114;101317;4498;2;11421152965;B
20241114;101317;4498;2;11421152966;B
20241114;101317;4498;3;11421152967;B
20241114;101317;4498;15;11421152968;B
20241114;101317;4498;1;11421152969;B
20241114;101317;4498;1;11421152970;B
20241114;101317;4498;8;11421152971;B
20241114;101317;4498;2;11421152972;B
20241114;101317;4498;4;11421152973;B
20241114;101317;4498;50;11421152974;B
20241114;101317;4498;3;11421152975;B
20241114;101317;4498;32;11421152976;B
20241114;101317;4498;5;11421152977;B
20241114;101317;4498;7;11421152978;B
20241114;101317;4498;34;11421152979;B
20241114;101317;4498;1;11421152980;B
20241114;101317;4498;3;11421152981;B
20241114;101317;4498;21;11421152982;B
20241114;101317;4498;50;11421152983;B
20241114;101317;4498;2;11421152984;B
20241114;101317;4498;2;11421152992;B
20241114;101317;4498;20;11421153056;B
20241114;101317;4498;1;11421153070;B
20241114;101317;4498;1;11421153077;B
20241114;101318;4498;12;11421153116;B
20241114;101318;4498;1;11421153161;B
20241114;101318;4498;161;11421153194;B
20241114;101318;4498;10;11421153195;B
20241114;101318;4498;5;11421153196;B
20241114;101318;4498;10;11421153197;B
20241114;101318;4498;2;11421153198;B
20241114;101318;4499;3;11421153199;B
20241114;101318;4499;75;11421153200;B
20241114;101318;4499;134;11421153201;B
20241114;101318;4499;25;11421153226;B
20241114;101318;4499;41;11421153242;B
20241114;101318;4499;1;11421153243;B
20241114;101318;4499;1;11421153244;B
20241114;101318;4499;2;11421153245;B
20241114;101318;4499;70;11421153246;B
20241114;101318;4499;10;11421153247;B
20241114;101318;4499;1;11421153248;B
20241114;101318;4499;97;11421153249;B
20241114;101318;4499;20;11421153250;B
20241114;101318;4499;65;11421153251;B
20241114;101318;4499;1;11421153252;B
20241114;101318;4499;13;11421153253;B
20241114;101318;4499;2;11421153254;B
20241114;101318;4499;1;11421153255;B
20241114;101318;4499;10;11421153256;B
20241114;101318;4499;13;11421153257;B
20241114;101318;4499;2;11421153258;B
20241114;101318;4499;74;11421153259;B
20241114;101318;4499;13;11421153260;B
20241114;101318;4499;63;11421153261;B
20241114;101318;4499;20;11421153262;B
20241114;101318;4499;4;11421153264;B
20241114;101318;4499;1;11421153269;B
20241114;101318;4499;1;11421153280;B
20241114;101318;4499;50;11421153281;B
20241114;101318;4499;4;11421153283;B
20241114;101318;4499;1;11421153287;B
20241114;101318;4499;12;11421153288;B
20241114;101318;4499;3;11421153289;B
20241114;101318;4499;2;11421153290;B
20241114;101318;4499;38;11421153291;B
20241114;101318;4500;605;11421153292;B
20241114;101318;4500;218;11421153296;B
20241114;101318;4500;218;11421153297;B
20241114;101318;4500;1;11421153299;B
20241114;101318;4500;4;11421153300;B
20241114;101319;4500;25;11421153344;B
20241114;101319;4500;12;11421153345;B
20241114;101319;4500;1;11421153346;B
20241114;101319;4500;200;11421153347;B
20241114;101319;4500;4;11421153348;B
20241114;101319;4500;1;11421153350;B
20241114;101319;4500;4;11421153353;B
20241114;101319;4500;20;11421153354;B
20241114;101319;4500;1;11421153355;B
20241114;101319;4500;25;11421153361;B
20241114;101319;4500;11;11421153362;B
20241114;101319;4500;25;11421153364;B
20241114;101319;4500;4;11421153365;B
20241114;101319;4500;20;11421153366;B
20241114;101319;4500;25;11421153367;B
20241114;101319;4499;10;11421153368;S
20241114;101319;4499;5;11421153369;S
20241114;101319;4498;1;11421153370;S
20241114;101319;4497;1;11421153371;S
20241114;101319;4496;1;11421153372;S
20241114;101319;4496;1;11421153373;S
20241114;101319;4496;1;11421153374;S
20241114;101319;4495;2;11421153375;S
20241114;101319;4495;1;11421153376;S
20241114;101319;4495;12;11421153377;S
20241114;101319;4494;1;11421153378;S
20241114;101319;4494;1;11421153379;S
20241114;101319;4494;2;11421153380;S
20241114;101319;4499;10;11421153381;B
20241114;101319;4500;1;11421153382;B
20241114;101319;4500;40;11421153383;B
20241114;101319;4500;60;11421153384;B
20241114;101319;4500;30;11421153385;B
20241114;101319;4500;5;11421153386;B
20241114;101319;4500;20;11421153387;B
20241114;101319;4500;2;11421153397;B
20241114;101319;4500;25;11421153398;B
20241114;101319;4499;20;11421153399;B
20241114;101319;4500;5;11421153400;B
20241114;101319;4500;15;11421153401;B
20241114;101319;4500;20;11421153402;B
20241114;101319;4500;80;11421153403;B
20241114;101319;4500;4;11421153405;B
20241114;101319;4500;8;11421153406;B
20241114;101319;4500;20;11421153409;B
20241114;101319;4500;20;11421153410;B
20241114;101319;4500;20;11421153411;B
20241114;101319;4500;10;11421153420;B
20241114;101319;4500;10;11421153421;B
20241114;101319;4500;50;11421153422;B
20241114;101319;4500;50;11421153423;B
20241114;101319;4500;30;11421153424;B
20241114;101319;4500;10;11421153427;B
20241114;101319;4500;1;11421153429;B
20241114;101319;4500;40;11421153430;B
20241114;101319;4500;5;11421153431;B
20241114;101319;4500;4;11421153433;B
20241114;101319;4500;25;11421153434;B
20241114;101319;4500;4;11421153435;B
20241114;101319;4500;1;11421153439;B
20241114;101319;4500;14;11421153440;B
20241114;101319;4500;3;11421153443;B
20241114;101319;4500;10;11421153444;B
20241114;101319;4500;3;11421153445;B
20241114;101319;4500;1;11421153457;B
20241114;101319;4500;30;11421153459;B
20241114;101319;4500;4;11421153463;B
20241114;101319;4500;12;11421153472;B
20241114;101319;4500;30;11421153485;B
20241114;101319;4499;12;11421153502;S
20241114;101319;4500;10;11421153510;B
20241114;101319;4500;25;11421153511;B
20241114;101319;4500;4;11421153514;B
20241114;101319;4500;3;11421153526;B
20241114;101319;4500;10;11421153528;B
20241114;101319;4500;4;11421153533;B
20241114;101320;4500;4;11421153542;B
20241114;101320;4500;4;11421153575;B
20241114;101320;4500;1;11421153583;B
20241114;101320;4500;20;11421153605;B
20241114;101320;4499;2;11421153651;S
20241114;101320;4499;1;11421153654;B
20241114;101320;4496;1;11421153677;S
20241114;101320;4496;1;11421153678;S
20241114;101320;4496;10;11421153679;S
20241114;101320;4495;25;11421153680;S
20241114;101320;4494;10;11421153681;S
20241114;101320;4494;1;11421153682;S
20241114;101320;4494;1;11421153683;S
20241114;101320;4494;8;11421153684;S
20241114;101320;4496;50;11421153694;B
20241114;101320;4498;5;11421153697;B
20241114;101320;4498;7;11421153703;B
20241114;101320;4498;12;11421153704;B
20241114;101320;4499;25;11421153705;B
20241114;101320;4499;72;11421153720;B
20241114;101320;4499;428;11421153721;B
20241114;101321;4496;1;11421153832;B
20241114;101323;4495;1;11421154073;S
20241114;101324;4494;1;11421154166;S
20241114;101324;4494;1;11421154280;S
20241114;101324;4494;8;11421154290;S
20241114;101324;4493;1;11421154291;S
20241114;101324;4493;10;11421154292;S
20241114;101324;4493;2;11421154293;S
20241114;101324;4492;1;11421154294;S
20241114;101324;4492;12;11421154295;S
20241114;101324;4492;6;11421154296;S
20241114;101325;4492;10;11421154344;S
20241114;101325;4493;5;11421154352;B
20241114;101325;4494;8;11421154353;B
20241114;101325;4493;40;11421154359;B
20241114;101325;4493;1;11421154363;S
20241114;101325;4494;2;11421154381;B
20241114;101325;4495;18;11421154382;B
20241114;101325;4493;1;11421154422;S
20241114;101325;4493;5;11421154428;S
20241114;101327;4493;1;11421154627;S
20241114;101329;4493;2;11421154815;S
20241114;101329;4493;3;11421154816;S
20241114;101329;4493;5;11421154820;S
20241114;101329;4493;5;11421154901;S
20241114;101331;4494;10;11421155070;B
20241114;101331;4494;8;11421155071;B
20241114;101331;4494;10;11421155072;B
20241114;101331;4494;20;11421155073;B
20241114;101331;4494;20;11421155074;B
20241114;101331;4494;1;11421155075;B
20241114;101331;4494;2;11421155076;B
20241114;101331;4495;3;11421155077;B
20241114;101331;4496;12;11421155078;B
20241114;101331;4496;1;11421155079;B
20241114;101331;4496;1;11421155080;B
20241114;101331;4496;5;11421155081;B
20241114;101331;4496;1;11421155082;B
20241114;101331;4496;15;11421155083;B
20241114;101331;4496;6;11421155084;B
20241114;101331;4496;12;11421155085;B
20241114;101331;4496;4;11421155086;B
20241114;101331;4497;8;11421155087;B
20241114;101331;4497;10;11421155088;B
20241114;101331;4497;50;11421155089;B
20241114;101331;4497;1;11421155090;B
20241114;101331;4497;1;11421155091;B
20241114;101331;4498;20;11421155092;B
20241114;101331;4498;3;11421155093;B
20241114;101331;4498;100;11421155094;B
20241114;101331;4498;1;11421155095;B
20241114;101331;4498;25;11421155096;B
20241114;101331;4498;1;11421155097;B
20241114;101331;4498;1;11421155098;B
20241114;101331;4498;10;11421155099;B
20241114;101331;4498;1;11421155100;B
20241114;101331;4498;2;11421155101;B
20241114;101331;4498;50;11421155102;B
20241114;101331;4499;100;11421155103;B
20241114;101331;4499;40;11421155104;B
20241114;101331;4499;86;11421155105;B
20241114;101331;4499;1;11421155139;B
20241114;101332;4496;10;11421155207;S
20241114;101332;4495;10;11421155208;S
20241114;101332;4495;2;11421155209;S
20241114;101332;4494;12;11421155210;S
20241114;101332;4494;12;11421155211;S
20241114;101332;4493;37;11421155212;S
20241114;101332;4493;9;11421155213;S
20241114;101332;4493;1;11421155214;S
20241114;101332;4492;4;11421155215;S
20241114;101332;4492;20;11421155216;S
20241114;101332;4492;10;11421155217;S
20241114;101332;4491;25;11421155218;S
20241114;101332;4491;8;11421155219;S
20241114;101332;4496;1;11421155340;B
20241114;101333;4496;11;11421155380;B
20241114;101333;4497;100;11421155381;B
20241114;101333;4498;12;11421155382;B
20241114;101333;4498;10;11421155383;B
20241114;101333;4498;20;11421155384;B
20241114;101333;4498;10;11421155385;B
20241114;101333;4499;13;11421155386;B
20241114;101333;4499;25;11421155387;B
20241114;101333;4499;14;11421155388;B
20241114;101333;4499;1;11421155389;B
20241114;101333;4499;50;11421155390;B
20241114;101333;4499;25;11421155391;B
20241114;101333;4499;209;11421155392;B
20241114;101333;4495;5;11421155401;S
20241114;101333;4495;12;11421155402;S
20241114;101333;4494;83;11421155403;S
20241114;101333;4494;5;11421155406;S
20241114;101333;4496;5;11421155428;B
20241114;101333;4496;2;11421155482;B
20241114;101334;4494;3;11421155633;S
20241114;101334;4496;1;11421155636;B
20241114;101335;4495;2;11421155653;S
20241114;101335;4496;17;11421155657;B
20241114;101335;4497;10;11421155658;B
20241114;101335;4498;12;11421155659;B
20241114;101335;4498;1;11421155660;B
20241114;101335;4498;2;11421155661;B
20241114;101335;4498;2;11421155662;B
20241114;101335;4498;10;11421155663;B
20241114;101335;4498;10;11421155664;B
20241114;101335;4498;7;11421155665;B
20241114;101335;4498;9;11421155666;B
20241114;101336;4497;50;11421155867;B
20241114;101336;4498;1;11421155868;B
20241114;101336;4498;20;11421155869;B
20241114;101336;4498;10;11421155870;B
20241114;101336;4498;30;11421155871;B
20241114;101336;4498;10;11421155872;B
20241114;101336;4498;10;11421155873;B
20241114;101336;4499;624;11421155874;B
20241114;101336;4499;5;11421155875;B
20241114;101336;4499;200;11421155876;B
20241114;101336;4499;200;11421155877;B
20241114;101336;4499;1;11421155878;B
20241114;101336;4500;339;11421155879;B
20241114;101336;4500;250;11421155881;B
20241114;101337;4498;2;11421155925;B
20241114;101337;4500;30;11421155943;B
20241114;101337;4500;2;11421156027;B
20241114;101338;4499;5;11421156034;S
20241114;101338;4500;1;11421156041;B
20241114;101338;4500;1;11421156125;B
20241114;101338;4500;1;11421156142;B
20241114;101339;4500;2;11421156202;B
20241114;101339;4499;2;11421156227;S
20241114;101339;4500;33;11421156281;B
20241114;101341;4500;50;11421156446;B
20241114;101341;4500;50;11421156457;B
20241114;101341;4500;50;11421156468;B
20241114;101342;4500;22;11421156687;B
20241114;101343;4499;3;11421156745;S
20241114;101343;4499;77;11421156806;B
20241114;101343;4497;10;11421156881;S
20241114;101343;4496;9;11421156882;S
20241114;101343;4496;10;11421156883;S
20241114;101343;4495;12;11421156884;S
20241114;101343;4495;9;11421156885;S
20241114;101344;4496;1;11421157030;S
20241114;101345;4496;14;11421157104;B
20241114;101345;4497;10;11421157105;B
20241114;101345;4497;10;11421157106;B
20241114;101345;4497;1;11421157107;B
20241114;101345;4498;10;11421157108;B
20241114;101345;4498;9;11421157109;B
20241114;101345;4498;10;11421157110;B
20241114;101345;4498;20;11421157111;B
20241114;101345;4498;30;11421157112;B
20241114;101345;4498;1;11421157166;B
20241114;101346;4496;10;11421157274;B
20241114;101346;4498;28;11421157275;B
20241114;101347;4497;15;11421157383;B
20241114;101347;4497;1;11421157446;B
20241114;101348;4497;14;11421157513;B
20241114;101348;4497;5;11421157514;B
20241114;101348;4497;10;11421157515;B
20241114;101348;4498;8;11421157516;B
20241114;101350;4498;13;11421157843;B
20241114;101350;4498;10;11421157844;B
20241114;101350;4498;2;11421157845;B
20241114;101350;4498;5;11421157846;B
20241114;101350;4498;5;11421157847;B
20241114;101350;4498;6;11421157848;B
20241114;101353;4498;14;11421158142;B
20241114;101353;4498;12;11421158143;B
20241114;101353;4498;4;11421158144;B
20241114;101353;4499;7;11421158145;B
20241114;101353;4499;30;11421158240;B
20241114;101354;4497;10;11421158328;S
20241114;101357;4498;2;11421158683;B
20241114;101357;4498;1;11421158684;B
20241114;101357;4498;45;11421158685;B
20241114;101357;4499;2;11421158686;B
20241114;101359;4499;80;11421158927;B
20241114;101359;4499;1;11421158930;B
20241114;101359;4499;10;11421159018;B
20241114;101359;4499;25;11421159023;B
20241114;101400;4498;1;11421159046;S
20241114;101400;4498;4;11421159091;B
20241114;101400;4499;96;11421159092;B
20241114;101402;4498;3;11421159247;B
20241114;101402;4498;17;11421159248;B
20241114;101403;4497;1;11421159313;S
20241114;101403;4497;5;11421159392;S
20241114;101404;4497;1;11421159432;S
20241114;101404;4496;1;11421159433;S
20241114;101404;4496;3;11421159434;S
20241114;101404;4496;2;11421159540;S
20241114;101404;4496;2;11421159541;S
20241114;101404;4496;8;11421159542;S
20241114;101405;4496;4;11421159734;S
20241114;101405;4496;1;11421159735;S
20241114;101405;4496;2;11421159736;S
20241114;101405;4495;1;11421159737;S
20241114;101405;4495;1;11421159738;S
20241114;101405;4495;21;11421159739;S
20241114;101406;4495;29;11421159872;S
20241114;101406;4495;1;11421159873;S
20241114;101406;4495;1;11421159874;S
20241114;101406;4494;2;11421159881;S
20241114;101406;4494;1;11421159882;S
20241114;101406;4495;5;11421159950;B
20241114;101406;4496;12;11421159951;B
20241114;101406;4497;5;11421159952;B
20241114;101406;4497;8;11421159953;B
20241114;101407;4495;5;11421159986;S
20241114;101407;4495;7;11421160000;S
20241114;101407;4494;1;11421160001;S
20241114;101407;4496;15;11421160004;B
20241114;101407;4496;85;11421160098;B
20241114;101407;4497;12;11421160099;B
20241114;101407;4497;3;11421160100;B
20241114;101410;4495;1;11421160452;B
20241114;101412;4494;1;11421160786;S
20241114;101413;4494;17;11421160950;S
20241114;101413;4495;99;11421161191;B
20241114;101413;4495;1;11421161192;B
20241114;101413;4496;12;11421161193;B
20241114;101413;4496;100;11421161194;B
20241114;101413;4497;1;11421161195;B
20241114;101413;4497;1;11421161196;B
20241114;101413;4497;25;11421161197;B
20241114;101413;4497;19;11421161198;B
20241114;101413;4497;5;11421161199;B
20241114;101413;4497;37;11421161200;B
20241114;101415;4495;11;11421161538;S
20241114;101416;4495;1;11421161588;S
20241114;101416;4495;5;11421161589;S
20241114;101416;4495;5;11421161590;S
20241114;101416;4494;7;11421161609;S
20241114;101417;4494;2;11421161824;S
20241114;101419;4495;5;11421161971;B
20241114;101419;4494;6;11421161989;S
20241114;101419;4494;1;11421161990;S
20241114;101422;4494;5;11421162515;S
20241114;101422;4494;3;11421162516;S
20241114;101423;4494;2;11421162579;S
20241114;101423;4494;1;11421162580;S
20241114;101423;4494;2;11421162581;S
20241114;101423;4494;4;11421162608;S
20241114;101423;4494;2;11421162609;S
20241114;101423;4495;40;11421162662;B
20241114;101423;4495;1;11421162663;B
20241114;101423;4495;30;11421162664;B
20241114;101423;4496;12;11421162665;B
20241114;101423;4496;50;11421162666;B
20241114;101423;4496;1;11421162667;B
20241114;101423;4496;50;11421162668;B
20241114;101423;4496;12;11421162669;B
20241114;101423;4496;5;11421162670;B
20241114;101425;4496;1;11421162915;S
20241114;101426;4496;48;11421162924;S
20241114;101426;4495;2;11421162925;S
20241114;101426;4495;12;11421162995;S
20241114;101426;4494;30;11421163093;S
20241114;101427;4494;42;11421163168;S
20241114;101427;4494;1;11421163169;S
20241114;101427;4493;7;11421163170;S
20241114;101431;4494;50;11421163660;S
20241114;101433;4495;2;11421163932;B
20241114;101433;4494;1;11421163948;S
20241114;101435;4495;2;11421164087;B
20241114;101435;4494;4;11421164100;S
20241114;101436;4494;2;11421164215;S
20241114;101436;4494;1;11421164321;S
20241114;101438;4495;1;11421164439;B
20241114;101439;4495;1;11421164515;B
20241114;101439;4494;20;11421164548;S
20241114;101439;4494;30;11421164549;S
20241114;101442;4495;1;11421164958;B
20241114;101442;4495;2;11421164959;B
20241114;101442;4496;12;11421164960;B
20241114;101442;4496;1;11421164961;B
20241114;101442;4496;1;11421164962;B
20241114;101442;4496;1;11421164963;B
20241114;101442;4496;2;11421164964;B
20241114;101444;4495;1;11421165308;B
20241114;101444;4494;2;11421165424;S
20241114;101448;4494;1;11421165860;S
20241114;101449;4495;50;11421165946;B
20241114;101449;4496;18;11421165947;B
20241114;101449;4496;5;11421165948;B
20241114;101449;4496;8;11421165949;B
20241114;101449;4496;30;11421165950;B
20241114;101449;4496;5;11421165951;B
20241114;101449;4497;63;11421165952;B
20241114;101449;4497;100;11421165953;B
20241114;101449;4497;1;11421165954;B
20241114;101449;4497;1;11421165955;B
20241114;101449;4497;1;11421165956;B
20241114;101449;4497;5;11421165957;B
20241114;101449;4497;44;11421165958;B
20241114;101449;4497;10;11421165959;B
20241114;101449;4497;8;11421166012;S
20241114;101450;4497;10;11421166131;S
20241114;101451;4497;20;11421166299;S
20241114;101454;4497;20;11421166800;S
20241114;101455;4498;2;11421166942;B
20241114;101455;4498;8;11421166943;B
20241114;101455;4497;20;11421166963;S
20241114;101455;4497;30;11421166998;S
20241114;101456;4497;161;11421167138;S
20241114;101459;4498;156;11421167493;B
20241114;101459;4497;10;11421167556;S
20241114;101500;4497;50;11421167718;S
20241114;101500;4497;3;11421167747;S
20241114;101502;4497;34;11421168299;S
20241114;101502;4497;266;11421168300;S
20241114;101503;4497;1;11421168398;S
20241114;101504;4498;2;11421168510;B
20241114;101505;4498;3;11421168768;B
20241114;101506;4498;12;11421168856;B
20241114;101506;4497;10;11421168951;S
20241114;101508;4497;223;11421169275;S
20241114;101508;4497;1;11421169276;S
20241114;101508;4497;407;11421169277;S
20241114;101509;4496;1;11421169292;S
20241114;101509;4496;12;11421169293;S
20241114;101509;4496;4;11421169295;B
20241114;101511;4496;1;11421169623;B
20241114;101511;4496;1;11421169646;B
20241114;101511;4496;1;11421169651;B
20241114;101512;4496;5;11421169704;B
20241114;101512;4496;4;11421169705;B
20241114;101512;4495;1;11421169711;S
20241114;101513;4495;1;11421169876;S
20241114;101514;4496;1;11421170021;B
20241114;101514;4496;2;11421170130;B
20241114;101515;4496;1;11421170191;B
20241114;101515;4496;1;11421170206;B
20241114;101517;4496;2;11421170492;B
20241114;101517;4496;1;11421170543;B
20241114;101520;4496;12;11421170817;B
20241114;101520;4496;1;11421170824;B
20241114;101520;4496;1;11421170917;B
20241114;101520;4496;4;11421170943;B
20241114;101521;4496;3;11421171019;B
20241114;101521;4496;3;11421171040;B
20241114;101521;4495;3;11421171055;S
20241114;101521;4495;1;11421171056;S
20241114;101521;4495;2;11421171057;S
20241114;101521;4495;2;11421171058;S
20241114;101521;4494;7;11421171059;S
20241114;101521;4494;5;11421171117;S
20241114;101521;4496;1;11421171158;B
20241114;101522;4496;2;11421171184;B
20241114;101522;4496;11;11421171191;B
20241114;101522;4496;5;11421171293;B
20241114;101523;4495;3;11421171394;S
20241114;101525;4495;2;11421171916;S
20241114;101525;4495;1;11421171917;S
20241114;101526;4496;1;11421171950;B
20241114;101526;4496;1;11421172125;B
20241114;101527;4494;10;11421172234;S
20241114;101527;4494;1;11421172235;S
20241114;101527;4494;4;11421172236;S
20241114;101527;4494;30;11421172237;S
20241114;101527;4494;90;11421172238;S
20241114;101527;4495;1;11421172304;B
20241114;101527;4496;4;11421172305;B
20241114;101527;4496;3;11421172364;B
20241114;101528;4495;2;11421172448;B
20241114;101528;4496;1;11421172449;B
20241114;101528;4496;3;11421172595;B
20241114;101529;4496;12;11421172644;B
20241114;101529;4496;1;11421172645;B
20241114;101529;4496;2;11421172646;B
20241114;101529;4496;1;11421172647;B
20241114;101529;4497;3;11421172648;B
20241114;101529;4497;2;11421172652;B
20241114;101529;4497;2;11421172697;B
20241114;101529;4497;1;11421172825;B
20241114;101530;4497;13;11421172950;B
20241114;101531;4497;10;11421173262;B
20241114;101531;4497;1;11421173364;B
20241114;101531;4497;3;11421173394;B
20241114;101531;4497;13;11421173505;B
20241114;101532;4497;1;11421173739;B
20241114;101532;4496;5;11421173824;S
20241114;101532;4496;1;11421173825;S
20241114;101534;4496;1;11421174234;B
20241114;101534;4496;5;11421174487;B
20241114;101535;4495;5;11421174707;S
20241114;101535;4495;5;11421174708;S
20241114;101535;4495;1;11421174709;S
20241114;101536;4496;1;11421174952;B
20241114;101537;4496;2;11421175282;B
20241114;101540;4495;5;11421176264;S
20241114;101543;4496;1;11421176886;B
20241114;101544;4495;7;11421177147;S
20241114;101544;4496;2;11421177261;B
20241114;101550;4496;27;11421178516;B
20241114;101550;4496;1;11421178543;B
20241114;101552;4496;2;11421178902;B
20241114;101552;4496;1;11421178903;B
20241114;101552;4496;1;11421178904;B
20241114;101552;4497;8;11421178905;B
20241114;101553;4497;50;11421179224;B
20241114;101556;4496;1;11421179759;B
20241114;101556;4496;1;11421179760;B
20241114;101556;4497;30;11421179761;B
20241114;101556;4497;5;11421179762;B
20241114;101556;4497;12;11421179763;B
20241114;101556;4497;1;11421179764;B
20241114;101556;4497;1;11421179765;B
20241114;101556;4497;1;11421179766;B
20241114;101556;4497;1;11421179767;B
20241114;101556;4497;1;11421179768;B
20241114;101556;4497;1;11421179769;B
20241114;101556;4498;74;11421179770;B
20241114;101556;4496;1;11421179777;S
20241114;101556;4496;1;11421179806;S
20241114;101556;4497;1;11421179828;B
20241114;101556;4497;1;11421179829;B
20241114;101556;4496;1;11421179833;S
20241114;101556;4496;1;11421179934;S
20241114;101557;4496;1;11421179961;S
20241114;101557;4496;1;11421180010;S
20241114;101557;4496;1;11421180040;S
20241114;101557;4496;1;11421180089;S
20241114;101558;4497;1;11421180144;B
20241114;101558;4496;1;11421180153;S
20241114;101558;4496;1;11421180204;S
20241114;101558;4496;1;11421180287;S
20241114;101558;4496;1;11421180353;S
20241114;101559;4496;1;11421180385;S
20241114;101559;4496;1;11421180416;S
20241114;101559;4496;1;11421180417;S
20241114;101559;4496;1;11421180418;S
20241114;101559;4496;1;11421180419;S
20241114;101559;4495;19;11421180420;S
20241114;101559;4495;1;11421180485;S
20241114;101559;4495;1;11421180520;S
20241114;101559;4495;1;11421180548;S
20241114;101600;4495;1;11421180603;S
20241114;101600;4495;1;11421180763;S
20241114;101600;4495;1;11421180801;S
20241114;101601;4495;8;11421180825;S
20241114;101601;4494;10;11421180826;S
20241114;101601;4494;2;11421180827;S
20241114;101601;4495;1;11421180886;B
20241114;101601;4494;1;11421180978;S
20241114;101602;4494;1;11421181017;S
20241114;101602;4494;1;11421181019;S
20241114;101602;4494;1;11421181042;S
20241114;101603;4494;1;11421181321;B
20241114;101603;4494;1;11421181322;B
20241114;101603;4495;1;11421181323;B
20241114;101603;4495;1;11421181324;B
20241114;101603;4495;1;11421181325;B
20241114;101603;4495;5;11421181326;B
20241114;101603;4495;12;11421181327;B
20241114;101603;4496;2;11421181328;B
20241114;101603;4496;1;11421181329;B
20241114;101603;4496;52;11421181330;B
20241114;101603;4497;5;11421181331;B
20241114;101603;4497;10;11421181332;B
20241114;101603;4497;2;11421181333;B
20241114;101603;4497;1;11421181334;B
20241114;101603;4497;3;11421181335;B
20241114;101603;4497;1;11421181336;B
