<DATE>;<TIME>;<LAST>;<VOL>;<ID>;<OPER>
20241018;095931;3981;1;11313172309;S
20241018;095931;3981;1;11313172310;B
20241018;095931;3981;24;11313172311;B
20241018;095931;3981;1;11313172312;B
20241018;095931;3981;1;11313172313;B
20241018;095931;3981;22;11313172314;B
20241018;095931;3981;18;11313172315;B
20241018;095931;3981;1;11313172316;B
20241018;095931;3981;6;11313172317;S
20241018;095931;3981;1;11313172318;B
20241018;095931;3981;2;11313172319;S
20241018;095931;3981;1;11313172320;B
20241018;095931;3981;1;11313172321;S
20241018;095931;3981;10;11313172322;B
20241018;095931;3981;4;11313172323;B
20241018;095931;3981;1;11313172324;B
20241018;095931;3981;2;11313172325;B
20241018;095931;3981;1;11313172326;S
20241018;095931;3981;1;11313172327;B
20241018;095931;3981;1;11313172328;B
20241018;095931;3981;3;11313172329;B
20241018;095931;3981;13;11313172330;B
20241018;095931;3981;1;11313172331;S
20241018;095931;3981;1;11313172332;S
20241018;095931;3981;2;11313172333;S
20241018;095931;3981;15;11313172334;S
20241018;095931;3981;3;11313172335;S
20241018;095931;3981;2;11313172336;S
20241018;095931;3981;1;11313172337;S
20241018;095931;3981;2;11313172338;S
20241018;095931;3981;1;11313172339;S
20241018;095931;3981;1;11313172340;S
20241018;095931;3981;10;11313172341;S
20241018;095931;3981;3;11313172342;S
20241018;095931;3981;5;11313172343;S
20241018;095931;3981;2;11313172344;S
20241018;095931;3981;2;11313172345;S
20241018;095931;3981;28;11313172346;S
20241018;095931;3981;2;11313172347;S
20241018;095931;3981;1;11313172348;S
20241018;095931;3981;19;11313172349;S
20241018;100000;3982;5;11313179954;B
20241018;100000;3982.5;9;11313179955;B
20241018;100000;3982;60;11313180475;S
20241018;100001;3982;12;11313180548;B
20241018;100001;3982;13;11313180637;B
20241018;100001;3982;3;11313180638;B
20241018;100001;3982;12;11313180660;B
20241018;100001;3983;40;11313180739;B
20241018;100001;3983;130;11313180744;B
20241018;100001;3983;10;11313180745;B
20241018;100001;3983;15;11313180746;B
20241018;100001;3983.5;1;11313180748;B
20241018;100001;3983.5;1;11313180749;B
20241018;100001;3983.5;2;11313180750;B
20241018;100001;3983.5;1;11313180751;B
20241018;100001;3983.5;2;11313180752;B
20241018;100001;3983.5;15;11313180753;B
20241018;100001;3984;35;11313180755;B
20241018;100001;3984;4;11313180756;B
20241018;100001;3984;1;11313180757;B
20241018;100001;3984;15;11313180758;B
20241018;100001;3984;1;11313180820;S
20241018;100001;3985;15;11313180850;B
20241018;100001;3986.5;15;11313180954;B
20241018;100001;3987;1;11313180966;B
20241018;100001;3987.5;15;11313181026;B
20241018;100001;3988;5;11313181030;B
20241018;100001;3988;15;11313181031;B
20241018;100001;3988.5;21;11313181067;S
20241018;100001;3989;15;11313181443;B
20241018;100001;3989;15;11313181445;B
20241018;100002;3989.5;1;11313181568;B
20241018;100002;3988.5;30;11313181790;B
20241018;100002;3988.5;13;11313181792;B
20241018;100002;3987.5;24;11313182142;S
20241018;100003;3987;2;11313182422;S
20241018;100003;3988;30;11313182546;B
20241018;100003;3988;12;11313182547;B
20241018;100003;3988.5;12;11313182548;B
20241018;100003;3988.5;2;11313182740;S
20241018;100004;3989.5;1;11313183508;B
20241018;100004;3989.5;2;11313183819;B
20241018;100004;3989.5;27;11313183965;B
20241018;100004;3990;10;11313183966;B
20241018;100004;3990;11;11313183967;B
20241018;100004;3990.5;2;11313183968;B
20241018;100004;3990;1;11313184009;B
20241018;100004;3990;1;11313184124;B
20241018;100005;3989.5;1;11313184269;S
20241018;100005;3990;28;11313184277;B
20241018;100005;3990;2;11313184282;S
20241018;100005;3990;4;11313184284;S
20241018;100005;3989.5;2;11313184286;S
20241018;100005;3990;15;11313184287;B
20241018;100005;3990;30;11313184288;B
20241018;100005;3990;7;11313184289;B
20241018;100005;3989.5;20;11313185038;B
20241018;100005;3989;2;11313185148;S
20241018;100005;3989.5;10;11313185181;B
20241018;100005;3990;5;11313185182;B
20241018;100005;3989.5;2;11313185376;B
20241018;100005;3989.5;28;11313185380;B
20241018;100005;3989.5;34;11313185381;B
20241018;100005;3990;38;11313185382;B
20241018;100005;3989.5;1;11313185496;B
20241018;100005;3989.5;1;11313185649;B
20241018;100005;3989;1;11313185654;S
20241018;100005;3989;25;11313185869;S
20241018;100005;3989;15;11313185870;S
20241018;100005;3988.5;35;11313185871;S
20241018;100005;3989.5;15;11313186049;B
20241018;100005;3989.5;30;11313186050;B
20241018;100005;3990;5;11313186051;B
20241018;100006;3989;6;11313186817;B
20241018;100006;3989;6;11313187028;B
20241018;100007;3989.5;29;11313188519;B
20241018;100007;3989.5;2;11313189202;B
20241018;100007;3989;1;11313189242;S
20241018;100007;3989;1;11313189244;S
20241018;100007;3989;4;11313189246;S
20241018;100007;3989;9;11313189409;S
20241018;100007;3989;9;11313189410;S
20241018;100007;3990;2;11313189517;B
20241018;100008;3990;2;11313189776;S
20241018;100008;3990.5;20;11313189780;B
20241018;100008;3990.5;7;11313189788;S
20241018;100008;3990.5;1;11313189789;S
20241018;100008;3990.5;1;11313189790;S
20241018;100008;3992;1;11313190409;B
20241018;100008;3992;1;11313190410;B
20241018;100008;3991.5;1;11313190411;S
20241018;100009;3991.5;6;11313190930;S
20241018;100010;3991.5;5;11313191357;S
20241018;100011;3991.5;2;11313191489;S
20241018;100012;3992;4;11313192014;B
20241018;100015;3992;1;11313192734;B
20241018;100015;3992;1;11313192757;B
20241018;100015;3992;2;11313192840;B
20241018;100015;3992;1;11313192841;B
20241018;100015;3992;3;11313192842;B
20241018;100015;3992.5;2;11313192899;B
20241018;100015;3992.5;9;11313192977;B
20241018;100015;3992.5;7;11313193013;B
20241018;100015;3992.5;15;11313193014;S
20241018;100015;3992.5;3;11313193015;B
20241018;100015;3993;1;11313193017;B
20241018;100016;3993;1;11313193414;B
20241018;100017;3993;17;11313193542;B
20241018;100017;3993;25;11313193549;S
20241018;100018;3994.5;1;11313193948;B
20241018;100018;3995.5;7;11313193970;B
20241018;100018;3995.5;1;11313193971;B
20241018;100018;3995.5;2;11313193972;B
20241018;100018;3995.5;3;11313193973;B
20241018;100018;3995.5;1;11313193974;B
20241018;100018;3995.5;1;11313193975;B
20241018;100018;3995.5;2;11313193976;B
20241018;100018;3995.5;1;11313193977;B
20241018;100018;3995;2;11313194121;B
20241018;100018;3995;1;11313194127;B
20241018;100018;3995;1;11313194129;B
20241018;100018;3995;45;11313194130;B
20241018;100018;3995;30;11313194131;B
20241018;100018;3995.5;25;11313194132;B
20241018;100019;3995.5;1;11313194133;B
20241018;100019;3994.5;1;11313194159;S
20241018;100019;3995;24;11313194373;B
20241018;100020;3995;1;11313194689;S
20241018;100020;3995;1;11313194690;S
20241018;100020;3994.5;2;11313194744;S
20241018;100021;3995.5;5;11313194896;B
20241018;100023;3995.5;10;11313195563;B
20241018;100024;3995;5;11313195696;S
20241018;100024;3995;20;11313195697;S
20241018;100024;3995;11;11313195698;S
20241018;100024;3995;4;11313195699;S
20241018;100027;3993.5;29;11313196734;S
20241018;100027;3993;8;11313196735;S
20241018;100027;3993;5;11313196736;S
20241018;100027;3992;15;11313196740;B
20241018;100027;3992;5;11313196741;B
20241018;100027;3991;20;11313196742;S
20241018;100028;3991;15;11313197043;B
20241018;100031;3990.5;1;11313198209;S
20241018;100032;3989.5;20;11313198388;S
20241018;100032;3989;15;11313198389;S
20241018;100032;3988.5;4;11313198390;S
20241018;100033;3987;15;11313198568;S
20241018;100033;3987;5;11313198569;S
20241018;100033;3987;5;11313198585;S
20241018;100034;3987;7;11313198989;S
20241018;100034;3987.5;18;11313199050;B
20241018;100034;3989;51;11313199051;B
20241018;100034;3989.5;15;11313199052;B
20241018;100034;3989.5;76;11313199053;B
20241018;100034;3990;15;11313199054;B
20241018;100034;3990;51;11313199055;B
20241018;100034;3990;40;11313199056;B
20241018;100034;3990.5;34;11313199057;B
20241018;100035;3988.5;25;11313199295;S
20241018;100039;3989;3;11313200203;B
20241018;100039;3988.5;5;11313200310;S
20241018;100039;3988;20;11313200311;S
20241018;100039;3987.5;3;11313200312;S
20241018;100040;3988.5;3;11313200616;B
20241018;100043;3988.5;15;11313201275;B
20241018;100043;3989;18;11313201276;B
20241018;100047;3989;1;11313202409;S
20241018;100049;3989.5;6;11313203146;B
20241018;100052;3989.5;1;11313204824;B
20241018;100052;3989.5;5;11313204880;B
20241018;100053;3989.5;2;11313204963;B
20241018;100055;3989;20;11313205539;S
20241018;100055;3989;5;11313205540;S
20241018;100055;3989;1;11313205541;S
20241018;100055;3988.5;1;11313205542;S
20241018;100055;3987;19;11313205576;S
20241018;100057;3987;18;11313206341;B
20241018;100057;3987.5;15;11313206342;B
20241018;100057;3988;1;11313206474;B
20241018;100058;3987.5;4;11313206830;S
20241018;100100;3988;15;11313207645;B
20241018;100100;3988;5;11313207646;B
20241018;100100;3988;6;11313207647;B
20241018;100100;3988;3;11313207648;B
20241018;100101;3987.5;8;11313207896;S
20241018;100101;3987.5;30;11313207897;S
20241018;100101;3987.5;20;11313207898;S
20241018;100101;3987.5;15;11313207899;S
20241018;100101;3987;15;11313207900;S
20241018;100101;3987;30;11313207901;S
20241018;100101;3987;10;11313207902;S
20241018;100101;3987;6;11313207903;S
20241018;100101;3986.5;3;11313207904;S
20241018;100101;3986.5;12;11313207905;S
20241018;100101;3986.5;5;11313207906;S
20241018;100101;3986.5;3;11313207907;S
20241018;100101;3988;1;11313207920;B
20241018;100102;3986.5;30;11313208201;S
20241018;100102;3986.5;3;11313208202;S
20241018;100102;3986;11;11313208203;S
20241018;100103;3986.5;2;11313208547;S
20241018;100103;3986.5;20;11313208548;S
20241018;100103;3986;19;11313208549;S
20241018;100103;3986;1;11313208550;S
20241018;100103;3986.5;1;11313208628;S
20241018;100103;3986;9;11313208629;S
20241018;100104;3986.5;1;11313208855;S
20241018;100104;3986.5;4;11313208856;S
20241018;100104;3987;15;11313208948;B
20241018;100104;3987;5;11313208949;B
20241018;100104;3986;20;11313208950;S
20241018;100104;3986.5;1;11313209052;B
20241018;100107;3987;1;11313209856;B
20241018;100108;3986.5;20;11313210017;S
20241018;100108;3986.5;30;11313210018;S
20241018;100108;3986;20;11313210021;S
20241018;100108;3986.5;51;11313210227;B
20241018;100108;3986.5;26;11313210228;B
20241018;100108;3986.5;15;11313210229;B
20241018;100108;3986.5;18;11313210230;B
20241018;100108;3987;14;11313210231;B
20241018;100108;3987;24;11313210232;B
20241018;100108;3987.5;15;11313210233;B
20241018;100108;3988;14;11313210234;B
20241018;100108;3988.5;15;11313210235;B
20241018;100108;3988.5;51;11313210236;B
20241018;100108;3988.5;30;11313210237;B
20241018;100108;3989;24;11313210238;B
20241018;100108;3989;3;11313210239;B
20241018;100108;3988.5;18;11313210282;B
20241018;100108;3988.5;30;11313210283;B
20241018;100108;3989;51;11313210284;B
20241018;100108;3989;3;11313210285;B
20241018;100110;3988.5;1;11313210908;S
20241018;100110;3988;20;11313210909;S
20241018;100110;3988;11;11313210910;S
20241018;100113;3988;1;11313211501;B
20241018;100113;3988;10;11313211671;B
20241018;100114;3988;2;11313211801;S
20241018;100116;3988.5;26;11313212315;S
20241018;100116;3988;20;11313212316;S
20241018;100116;3987.5;20;11313212317;S
20241018;100116;3987;9;11313212358;S
20241018;100116;3987;21;11313212363;S
20241018;100116;3986.5;7;11313212364;S
20241018;100116;3987;13;11313212365;B
20241018;100116;3987;17;11313212411;S
20241018;100116;3986.5;1;11313212412;S
20241018;100116;3986.5;10;11313212413;S
20241018;100117;3987;20;11313212594;S
20241018;100117;3987;20;11313212596;S
20241018;100118;3987;7;11313212901;S
20241018;100126;3987.5;1;11313214706;B
20241018;100126;3987.5;6;11313214722;B
20241018;100126;3987.5;6;11313214744;B
20241018;100126;3987.5;5;11313214758;B
20241018;100126;3987.5;5;11313214790;B
20241018;100130;3987.5;12;11313215778;B
20241018;100131;3987.5;2;11313215925;B
20241018;100131;3987;20;11313216046;S
20241018;100131;3987;15;11313216047;S
20241018;100131;3987;1;11313216048;S
20241018;100131;3987;14;11313216049;S
20241018;100131;3987;12;11313216050;S
20241018;100131;3987;8;11313216051;S
20241018;100134;3987;1;11313217046;S
20241018;100134;3987.5;13;11313217155;B
20241018;100134;3987.5;10;11313217156;B
20241018;100135;3987.5;8;11313217399;B
20241018;100137;3987.5;7;11313217755;B
20241018;100137;3988;1;11313217828;B
20241018;100138;3988;3;11313217932;B
20241018;100138;3988;10;11313217933;B
20241018;100138;3989;2;11313217934;B
20241018;100138;3988;60;11313217971;S
20241018;100138;3988;60;11313217972;S
20241018;100138;3988;15;11313217973;S
20241018;100138;3988;20;11313217974;S
20241018;100138;3987.5;15;11313217975;S
20241018;100138;3987.5;20;11313217976;S
20241018;100138;3988.5;12;11313218091;S
20241018;100139;3988.5;2;11313218320;S
20241018;100139;3989.5;50;11313218521;B
20241018;100139;3989.5;2;11313218522;B
20241018;100139;3989.5;48;11313218523;B
20241018;100140;3989.5;2;11313218683;B
20241018;100140;3990;10;11313218684;B
20241018;100140;3990;8;11313218685;B
20241018;100140;3990;1;11313218692;B
20241018;100140;3989;15;11313218742;S
20241018;100140;3989;5;11313218743;S
20241018;100145;3990.5;50;11313219772;B
20241018;100145;3990.5;5;11313219773;B
20241018;100145;3992;2;11313219774;B
20241018;100145;3992;1;11313219775;B
20241018;100145;3992;15;11313219776;B
20241018;100145;3992;5;11313219777;B
20241018;100145;3992;51;11313219778;B
20241018;100145;3992.5;50;11313219779;B
20241018;100145;3992.5;1;11313219780;B
20241018;100145;3992.5;50;11313219781;B
20241018;100145;3992.5;15;11313219782;B
20241018;100145;3992.5;9;11313219783;B
20241018;100148;3992.5;20;11313220338;S
20241018;100148;3992.5;15;11313220339;S
20241018;100150;3993;1;11313220857;B
20241018;100150;3993;5;11313220858;B
20241018;100150;3993.5;3;11313220859;B
20241018;100150;3993.5;8;11313220897;B
20241018;100150;3993.5;1;11313220900;S
20241018;100150;3993.5;4;11313220901;S
20241018;100150;3994;3;11313220990;B
20241018;100150;3993.5;3;11313221004;S
20241018;100150;3993.5;3;11313221005;S
20241018;100151;3993.5;2;11313221411;S
20241018;100152;3994;2;11313221459;B
20241018;100152;3994;15;11313221470;B
20241018;100152;3993.5;9;11313221508;S
20241018;100153;3993.5;2;11313221621;S
20241018;100153;3994;15;11313221819;B
20241018;100153;3994;15;11313221904;B
20241018;100153;3994;2;11313221905;B
20241018;100153;3994.5;35;11313221906;B
20241018;100158;3994.5;2;11313222909;B
20241018;100158;3994;1;11313222970;S
20241018;100158;3994.5;13;11313223044;B
20241018;100158;3996;1;11313223045;B
20241018;100158;3996;3;11313223046;B
20241018;100158;3996;30;11313223047;B
20241018;100158;3996;54;11313223048;B
20241018;100159;3995.5;51;11313223148;B
20241018;100159;3996;30;11313223149;B
20241018;100159;3996;241;11313223150;B
20241018;100159;3996.5;10;11313223151;B
20241018;100159;3996.5;133;11313223152;B
20241018;100159;3996.5;4;11313223153;B
20241018;100159;3996.5;4;11313223154;B
20241018;100159;3996.5;4;11313223155;B
20241018;100159;3996.5;123;11313223156;B
20241018;100159;3995;15;11313223319;S
20241018;100159;3995;10;11313223320;B
20241018;100200;3996.5;2;11313223474;B
20241018;100200;3996;20;11313223483;S
20241018;100200;3996;2;11313223484;S
20241018;100200;3996;3;11313223485;S
20241018;100200;3996;3;11313223486;S
20241018;100200;3996;18;11313223487;S
20241018;100200;3996;3;11313223488;S
20241018;100200;3996;3;11313223489;S
20241018;100200;3996.5;1;11313223492;B
20241018;100204;3996.5;27;11313224579;B
20241018;100204;3996.5;14;11313224629;B
20241018;100204;3996.5;13;11313224630;B
20241018;100205;3996.5;14;11313224924;B
20241018;100205;3996.5;12;11313225017;B
20241018;100205;3996.5;12;11313225054;B
20241018;100206;3996.5;2;11313225084;B
20241018;100206;3996.5;7;11313225153;B
20241018;100206;3997;50;11313225154;B
20241018;100206;3997;100;11313225155;B
20241018;100206;3997;29;11313225156;B
20241018;100207;3997;29;11313225460;B
20241018;100207;3997;2;11313225549;B
20241018;100208;3997;40;11313225700;B
20241018;100208;3997;20;11313225701;B
20241018;100208;3996.5;10;11313225802;S
20241018;100209;3997;5;11313225984;B
20241018;100212;3997;1;11313226708;B
20241018;100213;3997;24;11313226748;B
20241018;100213;3997;10;11313226766;B
20241018;100214;3997;21;11313227188;B
20241018;100216;3997;10;11313227695;B
20241018;100217;3997;3;11313227995;B
20241018;100217;3997;9;11313228041;B
20241018;100218;3996.5;19;11313228184;S
20241018;100218;3996.5;21;11313228185;S
20241018;100218;3996.5;39;11313228186;S
20241018;100218;3996.5;1;11313228187;S
20241018;100218;3996.5;4;11313228188;S
20241018;100218;3996.5;36;11313228189;S
20241018;100218;3996.5;40;11313228190;S
20241018;100218;3996.5;4;11313228191;S
20241018;100218;3995.5;1;11313228228;S
20241018;100220;3995;2;11313228797;S
20241018;100221;3996;18;11313228885;B
20241018;100221;3996.5;10;11313228886;B
20241018;100222;3995;4;11313229234;S
20241018;100223;3995.5;5;11313229547;B
20241018;100225;3995.5;1;11313230024;B
20241018;100226;3995.5;9;11313230088;B
20241018;100228;3995.5;1;11313230534;B
20241018;100230;3995.5;4;11313231159;B
20241018;100231;3995.5;4;11313231380;B
20241018;100232;3995;3;11313231611;S
20241018;100232;3995;13;11313231612;B
20241018;100233;3994.5;1;11313231832;S
20241018;100233;3994.5;15;11313231833;S
20241018;100233;3994;14;11313231834;S
20241018;100233;3994;20;11313231835;S
20241018;100233;3994;9;11313231836;S
20241018;100233;3993.5;15;11313231837;S
20241018;100233;3993.5;1;11313231838;S
20241018;100233;3993.5;9;11313231839;S
20241018;100233;3993;15;11313231840;S
20241018;100233;3993;30;11313231841;S
20241018;100233;3992.5;15;11313231842;S
20241018;100233;3992.5;1;11313231843;S
20241018;100233;3992;15;11313231844;S
20241018;100233;3991.5;15;11313231845;S
20241018;100233;3991.5;30;11313231846;S
20241018;100233;3991.5;152;11313231847;S
20241018;100233;3991;15;11313231848;S
20241018;100233;3991;60;11313231849;S
20241018;100233;3990.5;1;11313231850;S
20241018;100233;3990.5;50;11313231851;S
20241018;100233;3990.5;15;11313231852;S
20241018;100233;3990.5;27;11313231853;S
20241018;100233;3990;15;11313231854;S
20241018;100233;3990;40;11313231855;S
20241018;100233;3990;19;11313231856;S
20241018;100233;3990;100;11313231857;S
20241018;100233;3989.5;40;11313231858;S
20241018;100233;3989;4;11313231859;S
20241018;100234;3993.5;1;11313232052;B
20241018;100235;3993;7;11313232276;S
20241018;100237;3993;2;11313232546;S
20241018;100237;3993;2;11313232547;S
20241018;100238;3994;36;11313232824;B
20241018;100238;3994.5;14;11313232825;B
20241018;100240;3994;15;11313233488;S
20241018;100241;3994.5;15;11313233797;S
20241018;100241;3994.5;26;11313233798;S
20241018;100241;3994.5;9;11313233799;S
20241018;100242;3995;30;11313234005;B
20241018;100242;3995;10;11313234006;S
20241018;100242;3995;10;11313234007;B
20241018;100242;3995.5;8;11313234031;B
20241018;100243;3996;25;11313234267;B
20241018;100245;3996;150;11313234614;B
20241018;100249;3995.5;1;11313235412;S
20241018;100255;3996;1;11313236975;B
20241018;100301;3996;1;11313238288;B
20241018;100301;3995.5;20;11313238475;S
20241018;100302;3996;5;11313238734;B
20241018;100303;3995.5;1;11313238934;S
20241018;100304;3995;1;11313239049;S
20241018;100304;3994.5;14;11313239050;S
20241018;100304;3994.5;7;11313239051;S
20241018;100306;3994.5;15;11313239345;B
20241018;100306;3994.5;5;11313239346;B
20241018;100307;3994.5;18;11313239638;B
20241018;100307;3994.5;15;11313239639;B
20241018;100307;3994.5;12;11313239640;B
20241018;100308;3994.5;1;11313239763;B
20241018;100311;3994.5;15;11313240687;B
20241018;100311;3994.5;9;11313240688;B
20241018;100311;3994.5;18;11313240689;B
20241018;100311;3995;8;11313240690;B
20241018;100312;3994;9;11313240928;S
20241018;100312;3994;20;11313240929;S
20241018;100312;3994;3;11313240999;B
20241018;100313;3993.5;50;11313241159;S
20241018;100313;3993.5;1;11313241160;S
20241018;100314;3992.5;1;11313241475;S
20241018;100315;3992;20;11313241789;S
20241018;100316;3992;1;11313242067;B
20241018;100317;3992;1;11313242086;B
20241018;100317;3992;1;11313242135;B
20241018;100317;3991.5;1;11313242168;S
20241018;100317;3991.5;1;11313242214;B
20241018;100317;3991.5;1;11313242275;B
20241018;100318;3991.5;1;11313242363;B
20241018;100318;3991.5;1;11313242455;B
20241018;100318;3991;1;11313242491;B
20241018;100318;3991;1;11313242507;B
20241018;100318;3991;3;11313242567;B
20241018;100318;3991;7;11313242568;B
20241018;100318;3991;1;11313242576;B
20241018;100318;3991;1;11313242600;B
20241018;100319;3991;1;11313242607;B
20241018;100319;3991;1;11313242726;B
20241018;100319;3991;1;11313242760;B
20241018;100319;3991;1;11313242780;B
20241018;100320;3991;1;11313242821;B
20241018;100320;3991;1;11313242971;B
20241018;100320;3991;1;11313243062;B
20241018;100320;3990.5;1;11313243066;S
20241018;100320;3989.5;15;11313243067;S
20241018;100320;3989;6;11313243068;S
20241018;100320;3989;15;11313243069;S
20241018;100320;3988.5;1;11313243070;S
20241018;100320;3988.5;15;11313243071;S
20241018;100320;3988.5;7;11313243072;S
20241018;100320;3989;1;11313243089;B
20241018;100320;3989;1;11313243141;B
20241018;100321;3988;3;11313243164;S
20241018;100321;3987.5;37;11313243165;S
20241018;100323;3987.5;9;11313243939;B
20241018;100324;3987;10;11313244371;S
20241018;100324;3987;1;11313244372;S
20241018;100324;3987;2;11313244373;S
20241018;100324;3986.5;14;11313244374;S
20241018;100324;3986;1;11313244375;S
20241018;100324;3986;1;11313244376;S
20241018;100324;3986;5;11313244377;S
20241018;100326;3988.5;2;11313244962;B
20241018;100330;3989;3;11313246003;B
20241018;100331;3991;4;11313246138;B
20241018;100331;3991;11;11313246139;B
20241018;100331;3991;30;11313246140;B
20241018;100332;3991.5;1;11313246410;B
20241018;100332;3991.5;8;11313246411;B
20241018;100332;3992.5;1;11313246554;B
20241018;100336;3991.5;9;11313247434;B
20241018;100341;3991.5;1;11313248611;B
20241018;100342;3991.5;3;11313248768;B
20241018;100343;3991.5;1;11313249091;B
20241018;100344;3991.5;1;11313249159;B
20241018;100344;3991.5;7;11313249390;B
20241018;100345;3991.5;1;11313249618;B
20241018;100346;3990.5;15;11313249750;S
20241018;100346;3990.5;11;11313249751;S
20241018;100346;3990.5;15;11313250106;S
20241018;100346;3990.5;22;11313250107;S
20241018;100349;3990.5;15;11313250652;S
20241018;100349;3990.5;60;11313250653;S
20241018;100349;3990;15;11313250654;S
20241018;100349;3990;7;11313250655;S
20241018;100349;3990;28;11313250656;S
20241018;100350;3990;50;11313251144;S
20241018;100351;3991;2;11313251246;B
20241018;100351;3990;16;11313251317;S
20241018;100354;3990;7;11313252132;S
20241018;100354;3990;3;11313252231;S
20241018;100356;3990.5;10;11313252776;B
20241018;100357;3990.5;1;11313253090;B
20241018;100402;3990.5;10;11313254542;B
20241018;100403;3990;1;11313255270;S
20241018;100405;3990.5;6;11313255687;B
20241018;100405;3990;25;11313255813;S
20241018;100413;3990.5;13;11313257262;B
20241018;100413;3990.5;1;11313257263;B
20241018;100414;3990.5;14;11313257574;B
20241018;100414;3990.5;11;11313257575;B
20241018;100414;3990.5;15;11313257576;B
20241018;100416;3990.5;2;11313257849;B
20241018;100416;3990;49;11313257921;S
20241018;100420;3990.5;13;11313258658;B
20241018;100420;3990.5;11;11313258659;B
20241018;100420;3991;13;11313258660;B
20241018;100420;3991;11;11313258661;B
20241018;100420;3991;2;11313258662;B
20241018;100420;3991;30;11313258663;B
20241018;100420;3991;30;11313258664;B
20241018;100420;3991.5;3;11313258665;B
20241018;100420;3991.5;15;11313258666;B
20241018;100420;3992;15;11313258667;B
20241018;100420;3992;79;11313258668;B
20241018;100422;3990;55;11313259069;S
20241018;100423;3990;2;11313259267;S
20241018;100424;3990.5;1;11313259565;B
20241018;100430;3990.5;10;11313260666;B
20241018;100431;3991;1;11313260888;B
20241018;100432;3992;5;11313261073;B
20241018;100439;3990.5;15;11313262319;S
20241018;100439;3990;14;11313262320;S
20241018;100439;3990;1;11313262321;S
20241018;100439;3990;1;11313262322;S
20241018;100439;3990;10;11313262323;S
20241018;100439;3990;15;11313262324;S
20241018;100439;3990;7;11313262325;S
20241018;100439;3990;20;11313262326;S
20241018;100439;3989.5;15;11313262327;S
20241018;100439;3989.5;1;11313262328;S
20241018;100439;3989.5;1;11313262329;S
20241018;100440;3991.5;1;11313262677;B
20241018;100440;3991.5;1;11313262719;B
20241018;100447;3991;2;11313264147;B
20241018;100450;3991.5;2;11313264877;B
20241018;100454;3990.5;1;11313265808;S
20241018;100454;3990.5;10;11313265809;S
20241018;100454;3990;6;11313265810;S
20241018;100456;3991;5;11313266233;B
20241018;100456;3991.5;12;11313266234;B
20241018;100456;3991.5;30;11313266235;B
20241018;100456;3991.5;5;11313266236;B
20241018;100456;3992;10;11313266237;B
20241018;100456;3992;18;11313266238;B
20241018;100456;3992.5;15;11313266239;B
20241018;100456;3992.5;10;11313266240;B
20241018;100456;3992.5;26;11313266241;B
20241018;100457;3992;3;11313266411;B
20241018;100458;3990.5;1;11313266690;S
20241018;100500;3991;30;11313267205;B
20241018;100500;3991.5;4;11313267206;B
20241018;100500;3991.5;5;11313267207;B
20241018;100500;3991.5;6;11313267208;B
20241018;100504;3991.5;6;11313268168;B
20241018;100505;3992;2;11313268278;B
20241018;100505;3990.5;1;11313268471;S
20241018;100505;3990;9;11313268472;S
20241018;100505;3990;1;11313268473;S
20241018;100505;3990;3;11313268474;S
20241018;100505;3990;11;11313268475;S
20241018;100505;3990;105;11313268476;S
20241018;100505;3989.5;99;11313268477;S
20241018;100505;3989.5;15;11313268478;S
20241018;100505;3989.5;1;11313268479;S
20241018;100505;3989;3;11313268480;S
20241018;100505;3989;15;11313268481;S
20241018;100505;3989;1;11313268482;S
20241018;100505;3989;30;11313268483;S
20241018;100505;3988.5;1;11313268484;S
20241018;100505;3988.5;15;11313268485;S
20241018;100505;3988;15;11313268486;S
20241018;100505;3988;1;11313268487;S
20241018;100505;3988;60;11313268488;S
20241018;100505;3988;7;11313268489;S
20241018;100505;3987.5;7;11313268490;S
20241018;100506;3990;5;11313268576;B
20241018;100509;3990.5;5;11313269532;B
20241018;100510;3989.5;1;11313269680;S
20241018;100511;3990.5;1;11313269990;B
20241018;100514;3990.5;2;11313270613;B
20241018;100514;3991;12;11313270668;B
20241018;100518;3990.5;5;11313271607;B
20241018;100518;3991.5;15;11313271739;B
20241018;100518;3991.5;30;11313271740;B
20241018;100522;3992;24;11313272586;B
20241018;100524;3991.5;17;11313273108;S
20241018;100524;3991.5;15;11313273109;S
20241018;100524;3991;18;11313273110;S
20241018;100525;3991;1;11313273334;S
20241018;100526;3991;12;11313273440;S
20241018;100529;3992;2;11313274050;B
20241018;100530;3992;4;11313274338;B
20241018;100530;3992;6;11313274339;B
20241018;100530;3992;15;11313274340;B
20241018;100530;3992.5;6;11313274341;B
20241018;100530;3992.5;15;11313274342;B
20241018;100530;3993;15;11313274343;B
20241018;100530;3993;97;11313274344;B
20241018;100530;3993.5;15;11313274345;B
20241018;100530;3994;15;11313274346;B
20241018;100530;3994;12;11313274347;B
20241018;100530;3993.5;1;11313274348;B
20241018;100530;3992;15;11313274349;S
20241018;100530;3992;15;11313274350;S
20241018;100530;3992;15;11313274351;S
20241018;100530;3991.5;20;11313274352;S
20241018;100532;3992.5;1;11313274658;S
20241018;100532;3992;1;11313274659;S
20241018;100533;3993.5;2;11313274908;B
20241018;100534;3993.5;9;11313275079;B
20241018;100535;3993.5;4;11313275349;B
20241018;100535;3993.5;30;11313275350;B
20241018;100535;3993.5;9;11313275351;B
20241018;100535;3994;15;11313275352;B
20241018;100535;3994;8;11313275353;B
20241018;100535;3994;30;11313275354;B
20241018;100535;3992.5;51;11313275437;S
20241018;100535;3992.5;4;11313275438;S
20241018;100538;3993.5;2;11313276361;B
20241018;100540;3993.5;9;11313276632;B
20241018;100544;3993.5;6;11313277396;B
20241018;100545;3993;1;11313277763;B
20241018;100547;3992.5;11;11313278090;S
20241018;100547;3992;14;11313278091;S
20241018;100547;3992;5;11313278092;S
20241018;100547;3993;1;11313278152;B
20241018;100551;3992.5;1;11313278903;B
20241018;100552;3992.5;2;11313279045;B
20241018;100555;3992.5;4;11313279655;B
20241018;100559;3992.5;1;11313280397;B
20241018;100605;3992.5;1;11313281911;B
20241018;100607;3992.5;1;11313282263;B
20241018;100609;3992.5;20;11313282688;B
20241018;100609;3992.5;7;11313282689;B
20241018;100609;3992.5;3;11313282690;B
20241018;100610;3991.5;1;11313282973;S
20241018;100610;3991.5;9;11313282974;S
20241018;100613;3992.5;18;11313283533;B
20241018;100613;3992.5;12;11313283534;B
20241018;100615;3992;15;11313283888;S
20241018;100615;3991.5;33;11313283889;S
20241018;100617;3992;1;11313284303;S
20241018;100619;3992.5;1;11313284770;B
20241018;100623;3992.5;1;11313285417;B
20241018;100624;3992.5;5;11313285552;B
20241018;100624;3992;1;11313285610;S
20241018;100630;3992.5;1;11313286737;B
20241018;100632;3992;9;11313287103;S
20241018;100633;3992;5;11313287145;S
20241018;100633;3992.5;40;11313287278;B
20241018;100633;3992;3;11313287383;S
20241018;100633;3992;3;11313287384;S
20241018;100634;3992.5;3;11313287586;B
20241018;100634;3992.5;2;11313287605;B
20241018;100639;3992;1;11313288369;S
20241018;100639;3992;2;11313288370;S
20241018;100641;3992.5;35;11313288688;B
20241018;100641;3992.5;10;11313288689;B
20241018;100647;3993;1;11313289883;B
20241018;100647;3993;5;11313289977;B
20241018;100650;3993;3;11313290447;B
20241018;100650;3993;14;11313290530;B
20241018;100650;3993;10;11313290531;B
20241018;100650;3993.5;6;11313290532;B
20241018;100651;3993.5;3;11313290754;S
20241018;100655;3994;4;11313291449;B
20241018;100703;3994;1;11313292762;B
20241018;100704;3994;1;11313293041;B
20241018;100705;3994;2;11313293260;B
20241018;100705;3993.5;6;11313293270;S
20241018;100705;3993;15;11313293271;S
20241018;100705;3993;18;11313293272;S
20241018;100705;3993;6;11313293273;S
20241018;100705;3992.5;15;11313293274;S
20241018;100705;3992.5;1;11313293275;S
20241018;100705;3992.5;1;11313293276;S
20241018;100705;3992;15;11313293277;S
20241018;100705;3992;51;11313293278;S
20241018;100705;3992;1;11313293279;S
20241018;100705;3992;31;11313293280;S
20241018;100705;3992;9;11313293281;S
20241018;100705;3992;30;11313293282;S
20241018;100705;3991.5;15;11313293283;S
20241018;100705;3991.5;20;11313293284;S
20241018;100705;3991.5;66;11313293285;S
20241018;100709;3991.5;10;11313293909;S
20241018;100711;3993;1;11313294341;B
20241018;100712;3993;10;11313294743;B
20241018;100715;3992;4;11313295182;S
20241018;100718;3993;2;11313295895;B
20241018;100718;3993;10;11313295927;B
20241018;100719;3993;3;11313296121;B
20241018;100720;3994;1;11313296252;B
20241018;100721;3994;1;11313296300;B
20241018;100723;3994.5;7;11313296786;B
20241018;100723;3994.5;1;11313296787;B
20241018;100724;3994.5;8;11313296868;B
20241018;100724;3994;2;11313296914;S
20241018;100728;3994;2;11313297657;S
20241018;100728;3994.5;25;11313297692;B
20241018;100730;3994;5;11313297989;S
20241018;100730;3994;5;11313297995;S
20241018;100730;3994;42;11313297996;S
20241018;100730;3994;16;11313297997;S
20241018;100730;3994;1;11313297998;S
20241018;100732;3994;2;11313298246;B
20241018;100737;3994;1;11313299030;B
20241018;100738;3994;2;11313299308;B
20241018;100738;3994;57;11313299309;B
20241018;100738;3994;1;11313299310;B
20241018;100739;3994;15;11313299535;S
20241018;100739;3994;13;11313299536;S
20241018;100739;3994;10;11313299537;S
20241018;100739;3994;84;11313299538;B
20241018;100739;3994.5;39;11313299576;B
20241018;100739;3995;20;11313299577;B
20241018;100739;3995;1;11313299578;B
20241018;100742;3995;1;11313299945;B
20241018;100742;3995;3;11313299946;B
20241018;100742;3995.5;1;11313299947;B
20241018;100742;3995.5;10;11313299948;B
20241018;100742;3996;18;11313299949;B
20241018;100742;3996;1;11313299950;B
20241018;100742;3996;15;11313299951;B
20241018;100742;3996;10;11313299952;B
20241018;100742;3996.5;15;11313299953;B
20241018;100742;3996.5;60;11313299954;B
20241018;100742;3996.5;50;11313299955;B
20241018;100742;3996.5;1;11313299956;B
20241018;100742;3996.5;60;11313299957;B
20241018;100742;3997;55;11313299958;B
20241018;100742;3996.5;1;11313300018;B
20241018;100742;3996.5;50;11313300020;B
20241018;100743;3996;1;11313300159;S
20241018;100745;3997;45;11313300447;B
20241018;100745;3997;5;11313300448;B
20241018;100747;3996.5;50;11313300818;B
20241018;100750;3997;1;11313301276;B
20241018;100750;3996.5;10;11313301320;B
20241018;100751;3996.5;20;11313301473;B
20241018;100751;3997;40;11313301474;B
20241018;100751;3996.5;30;11313301532;B
20241018;100751;3997;154;11313301533;B
20241018;100751;3997;25;11313301534;B
20241018;100751;3997;100;11313301535;B
20241018;100751;3997;1;11313301536;B
20241018;100751;3997;125;11313301537;B
20241018;100751;3997;25;11313301538;B
20241018;100752;3997;4;11313301554;B
20241018;100752;3997;21;11313301627;B
20241018;100753;3996.5;15;11313301820;S
20241018;100753;3996.5;25;11313301821;S
20241018;100753;3996;40;11313301822;S
20241018;100754;3997;50;11313301826;B
20241018;100754;3997;26;11313301827;B
20241018;100754;3996;1;11313301829;S
20241018;100754;3997;10;11313301839;B
20241018;100755;3997;20;11313301950;B
20241018;100801;3996.5;40;11313303264;S
20241018;100802;3997;10;11313303418;B
20241018;100803;3997;25;11313303552;B
20241018;100803;3997;3;11313303564;B
20241018;100804;3997;6;11313303865;B
20241018;100804;3997;9;11313303866;B
20241018;100804;3996.5;62;11313303877;S
20241018;100805;3997;100;11313303982;B
20241018;100805;3997;2;11313303998;B
20241018;100806;3997;5;11313304143;B
20241018;100806;3997;1;11313304260;B
20241018;100808;3997;16;11313304556;B
20241018;100808;3997;67;11313304618;B
20241018;100809;3997;10;11313304710;B
20241018;100809;3997;1;11313304727;B
20241018;100809;3996.5;2;11313304855;S
20241018;100810;3997;1;11313304925;B
20241018;100812;3997;13;11313305248;B
20241018;100813;3997;1;11313305370;B
20241018;100814;3997;74;11313305599;B
20241018;100815;3997;1;11313305770;B
20241018;100816;3997;210;11313305953;B
20241018;100817;3997;2;11313306093;B
20241018;100817;3996.5;62;11313306104;S
20241018;100817;3996.5;1;11313306211;S
20241018;100818;3997;10;11313306255;B
20241018;100820;3997;77;11313306575;B
20241018;100820;3996.5;2;11313306580;S
20241018;100820;3997;7;11313306623;B
20241018;100821;3997;5;11313306693;B
20241018;100821;3997;232;11313306745;B
20241018;100821;3997;18;11313306746;B
20241018;100824;3997;1;11313307189;B
20241018;100825;3997;55;11313307316;B
20241018;100825;3997;18;11313307317;B
20241018;100825;3996.5;5;11313307338;S
20241018;100828;3997;30;11313307706;B
20241018;100828;3997;30;11313307718;B
20241018;100828;3997;21;11313307779;B
20241018;100830;3997;19;11313308047;B
20241018;100830;3997;18;11313308048;B
20241018;100830;3997;1;11313308049;B
20241018;100830;3997;118;11313308098;B
20241018;100831;3997;20;11313308167;B
20241018;100832;3997;214;11313308358;B
20241018;100832;3997;36;11313308359;B
20241018;100834;3997;47;11313308571;B
20241018;100834;3997;33;11313308572;B
20241018;100834;3997;10;11313308608;B
20241018;100835;3997;1;11313308685;B
20241018;100835;3997;111;11313308686;B
20241018;100835;3997;1;11313308742;B
20241018;100835;3997;1;11313308743;B
20241018;100835;3997;100;11313308757;B
20241018;100836;3997;20;11313308805;B
20241018;100836;3997;23;11313308836;B
20241018;100836;3997;27;11313308837;B
20241018;100836;3996.5;1;11313308891;S
20241018;100840;3997;1;11313309467;B
20241018;100840;3997;72;11313309513;B
20241018;100840;3997;13;11313309514;B
20241018;100843;3997;35;11313309810;B
20241018;100843;3997;445;11313309811;B
20241018;100843;3997;20;11313309812;B
20241018;100843;3997;500;11313309911;B
20241018;100844;3997;1;11313309987;B
20241018;100844;3997;10;11313309995;B
20241018;100844;3997;100;11313310039;B
20241018;100845;3997;10;11313310127;B
20241018;100846;3997;100;11313310325;B
20241018;100847;3997;100;11313310414;B
20241018;100847;3997;1;11313310508;B
20241018;100847;3997;82;11313310513;B
20241018;100847;3997;18;11313310514;B
20241018;100848;3996.5;50;11313310639;S
20241018;100851;3997;10;11313311031;B
20241018;100852;3996.5;3;11313311190;S
20241018;100855;3997;41;11313311570;B
20241018;100855;3997;50;11313311571;B
20241018;100855;3997;9;11313311572;B
20241018;100856;3997;30;11313311773;B
20241018;100856;3997;11;11313311973;B
20241018;100856;3997;1;11313311974;B
20241018;100859;3996.5;1;11313312358;S
20241018;100859;3997;1;11313312413;B
20241018;100902;3997;6;11313312991;B
20241018;100902;3997;1;11313312992;B
20241018;100903;3996.5;1;11313313073;S
20241018;100906;3997;4;11313313534;B
20241018;100906;3997;2;11313313566;B
20241018;100908;3997;2;11313314122;B
20241018;100908;3996.5;120;11313314277;S
20241018;100910;3997;2;11313314586;B
20241018;100910;3996.5;8;11313314619;S
20241018;100911;3997;1;11313314704;B
20241018;100912;3997;1;11313315004;B
20241018;100915;3997;3;11313315515;B
20241018;100919;3997;5;11313316122;B
20241018;100920;3997;10;11313316196;B
20241018;100921;3996.5;60;11313316529;S
20241018;100923;3997;2;11313316770;B
20241018;100923;3996.5;10;11313316852;S
20241018;100925;3996.5;20;11313317036;S
20241018;100926;3997;56;11313317237;B
20241018;100928;3996.5;52;11313317638;S
20241018;100928;3996.5;28;11313317639;S
20241018;100928;3996.5;1;11313317640;S
20241018;100928;3996.5;19;11313317641;S
20241018;100931;3996.5;28;11313317949;S
20241018;100933;3997;3;11313318231;B
20241018;100933;3997;1;11313318232;B
20241018;100933;3997;20;11313318272;B
20241018;100935;3997;1;11313318454;B
20241018;100935;3997;1;11313318559;B
20241018;100936;3997;2;11313318617;B
20241018;100936;3996.5;3;11313318624;S
20241018;100936;3996.5;50;11313318625;S
20241018;100936;3996.5;1;11313318626;S
20241018;100936;3996.5;1;11313318627;S
20241018;100936;3996.5;2;11313318628;S
20241018;100936;3996.5;6;11313318629;S
20241018;100936;3996.5;100;11313318630;S
20241018;100936;3996.5;337;11313318631;S
20241018;100938;3996.5;22;11313318966;S
20241018;100938;3996.5;28;11313318967;S
20241018;100938;3996.5;44;11313318968;S
20241018;100943;3997;30;11313319492;B
20241018;100943;3997;32;11313319549;B
20241018;100943;3997;1;11313319627;B
20241018;100943;3996.5;6;11313319628;S
20241018;100943;3996.5;19;11313319629;S
20241018;100946;3996.5;1;11313319961;B
20241018;100946;3996;15;11313320034;S
20241018;100946;3996;4;11313320035;S
20241018;100946;3996;9;11313320036;S
20241018;100946;3996.5;14;11313320061;B
20241018;100946;3996.5;51;11313320062;B
20241018;100946;3996.5;18;11313320063;B
20241018;100946;3997;32;11313320064;B
20241018;100946;3997;2;11313320065;B
20241018;100946;3997;15;11313320066;B
20241018;100946;3997;25;11313320067;B
20241018;100946;3997;93;11313320068;B
20241018;100946;3996.5;18;11313320069;S
20241018;100947;3996;10;11313320092;S
20241018;100950;3996.5;2;11313320554;B
20241018;100950;3996.5;1;11313320571;B
20241018;100951;3996.5;1;11313320719;B
20241018;100952;3996;25;11313320835;S
20241018;100952;3996;15;11313320836;S
20241018;100952;3996;10;11313320837;S
20241018;100952;3996;10;11313320838;S
20241018;100952;3996;18;11313320858;B
20241018;100952;3996;15;11313320859;B
20241018;100952;3996;12;11313320860;B
20241018;100954;3996;1;11313321170;B
20241018;100955;3996;1;11313321369;B
20241018;100955;3996;10;11313321374;B
20241018;100958;3996;11;11313321897;B
20241018;101000;3995.5;10;11313322150;S
20241018;101000;3995.5;1;11313322151;S
20241018;101000;3995.5;1;11313322152;S
20241018;101000;3995.5;21;11313322153;S
20241018;101001;3995.5;4;11313322238;B
20241018;101001;3995.5;10;11313322244;B
20241018;101008;3995.5;20;11313323155;S
20241018;101008;3995;20;11313323156;S
20241018;101008;3995;1;11313323157;S
20241018;101008;3995;79;11313323158;S
20241018;101009;3995.5;15;11313323277;B
20241018;101009;3996;2;11313323278;B
20241018;101009;3996;22;11313323279;B
20241018;101009;3996;15;11313323280;B
20241018;101009;3996;18;11313323281;B
20241018;101009;3996;14;11313323311;S
20241018;101009;3996;9;11313323348;S
20241018;101010;3996;60;11313323374;S
20241018;101013;3996;15;11313323962;S
20241018;101015;3996;50;11313324440;S
20241018;101015;3996;366;11313324526;S
20241018;101015;3996;249;11313324527;S
20241018;101015;3996;165;11313324528;S
20241018;101015;3996;2;11313324529;S
20241018;101015;3995;16;11313324539;S
20241018;101015;3995;20;11313324540;S
20241018;101015;3995;37;11313324541;S
20241018;101015;3995;4;11313324542;S
20241018;101015;3995;3;11313324543;S
20241018;101015;3994;4;11313324544;S
20241018;101015;3993;5;11313324547;S
20241018;101016;3993;20;11313324667;S
20241018;101016;3993;13;11313324668;S
20241018;101016;3993;18;11313324669;S
20241018;101016;3993;2;11313324752;S
20241018;101016;3993.5;1;11313324900;B
20241018;101021;3993;10;11313325921;S
20241018;101022;3993;7;11313326032;S
20241018;101022;3993;63;11313326136;S
20241018;101024;3992.5;1;11313326532;S
20241018;101025;3992.5;2;11313326694;S
20241018;101025;3992.5;15;11313326792;S
20241018;101027;3992.5;43;11313327075;S
20241018;101027;3992.5;1;11313327076;S
20241018;101027;3992;6;11313327077;S
20241018;101027;3992;15;11313327078;S
20241018;101027;3992;25;11313327079;S
20241018;101027;3992;1;11313327080;S
20241018;101027;3992;200;11313327081;S
20241018;101027;3992;100;11313327082;S
20241018;101027;3992;20;11313327083;S
20241018;101027;3992;17;11313327084;S
20241018;101027;3991.5;71;11313327085;S
20241018;101028;3991.5;67;11313327188;S
20241018;101030;3992;2;11313327398;B
20241018;101030;3992;7;11313327445;B
20241018;101031;3992;8;11313327673;B
20241018;101031;3992;32;11313327674;B
20241018;101031;3992;30;11313327675;B
20241018;101031;3992;25;11313327676;B
20241018;101033;3992;1;11313327888;S
20241018;101034;3992.5;1;11313328091;B
20241018;101035;3992;11;11313328293;S
20241018;101036;3992.5;3;11313328407;B
20241018;101036;3992.5;2;11313328408;B
20241018;101037;3992.5;2;11313328615;B
20241018;101037;3993;21;11313328616;B
20241018;101037;3993;6;11313328617;B
20241018;101037;3993;15;11313328655;S
20241018;101037;3993;27;11313328656;S
20241018;101037;3992.5;11;11313328657;S
20241018;101038;3993;15;11313328672;S
20241018;101038;3992.5;107;11313328673;S
20241018;101038;3992.5;15;11313328674;S
20241018;101038;3992.5;30;11313328675;S
20241018;101038;3992.5;33;11313328676;S
20241018;101040;3993.5;5;11313328991;B
20241018;101041;3993.5;33;11313329268;B
20241018;101045;3994;3;11313329803;B
20241018;101047;3994;2;11313329987;B
20241018;101051;3993.5;23;11313330469;S
20241018;101056;3995;1;11313331168;B
20241018;101104;3995;2;11313332112;B
20241018;101104;3994;24;11313332138;S
20241018;101107;3993.5;1;11313332650;S
20241018;101107;3993.5;30;11313332651;S
20241018;101107;3994;10;11313332716;B
20241018;101108;3994;1;11313332827;B
20241018;101109;3993.5;5;11313332942;S
20241018;101113;3994;1;11313333640;B
20241018;101115;3993.5;2;11313333858;S
20241018;101116;3994;1;11313333986;B
20241018;101117;3993.5;13;11313334213;S
20241018;101117;3992.5;5;11313334214;S
20241018;101119;3992;65;11313334492;S
20241018;101119;3991.5;35;11313334493;S
20241018;101123;3991.5;50;11313335247;S
20241018;101124;3992;3;11313335344;B
20241018;101128;3992;3;11313335837;B
20241018;101129;3992;5;11313336028;B
20241018;101130;3991.5;4;11313336176;S
20241018;101132;3992;2;11313336473;B
20241018;101132;3992.5;21;11313336474;B
20241018;101135;3992.5;50;11313336885;S
20241018;101137;3992.5;7;11313337303;S
20241018;101137;3992.5;8;11313337304;S
20241018;101137;3992.5;3;11313337305;S
20241018;101137;3992;10;11313337306;S
20241018;101139;3993;1;11313337573;B
20241018;101140;3993;2;11313337599;B
20241018;101140;3992;20;11313337682;S
20241018;101140;3992;17;11313337683;S
20241018;101140;3991.5;33;11313337684;S
20241018;101142;3992;2;11313337979;B
20241018;101143;3992;1;11313338010;B
20241018;101144;3992;20;11313338249;B
20241018;101146;3991.5;3;11313338365;S
20241018;101146;3991.5;6;11313338399;S
20241018;101147;3993;5;11313338515;B
20241018;101150;3991.5;10;11313338986;S
20241018;101152;3991.5;395;11313339318;S
20241018;101152;3991.5;1;11313339319;S
20241018;101152;3991.5;49;11313339320;S
20241018;101152;3991;300;11313339321;S
20241018;101152;3991;1;11313339322;S
20241018;101152;3991;15;11313339323;S
20241018;101152;3991;20;11313339324;S
20241018;101152;3991;27;11313339325;S
20241018;101152;3991;30;11313339326;S
20241018;101152;3990.5;1;11313339327;S
20241018;101152;3990.5;10;11313339328;S
20241018;101152;3990.5;15;11313339329;S
20241018;101152;3990.5;31;11313339330;S
20241018;101152;3990;10;11313339331;S
20241018;101152;3990;20;11313339332;S
20241018;101152;3990;30;11313339333;S
20241018;101152;3990;1;11313339334;S
20241018;101152;3990;187;11313339335;S
20241018;101152;3991;20;11313339439;S
20241018;101152;3990;5;11313339440;S
20241018;101152;3990.5;15;11313339441;S
20241018;101152;3990.5;20;11313339442;S
20241018;101152;3990.5;37;11313339443;B
20241018;101152;3990.5;15;11313339444;S
20241018;101153;3991.5;1;11313339460;B
20241018;101156;3991;1;11313339851;S
20241018;101156;3990.5;4;11313339852;S
20241018;101156;3990;8;11313339853;S
20241018;101156;3990;5;11313339854;S
20241018;101156;3990;1;11313339855;S
20241018;101156;3990;1;11313339856;S
20241018;101156;3990;5;11313339857;S
20241018;101156;3990;15;11313339858;S
20241018;101156;3990;4;11313339859;S
20241018;101156;3990;1;11313339860;S
20241018;101156;3990;5;11313339861;S
20241018;101159;3990.5;15;11313340342;B
20241018;101159;3990.5;23;11313340343;B
20241018;101159;3991;15;11313340344;B
20241018;101159;3991;23;11313340345;B
20241018;101159;3991.5;14;11313340346;B
20241018;101159;3991.5;10;11313340347;B
20241018;101159;3990;1;11313340482;S
20241018;101159;3989.5;1;11313340483;S
20241018;101159;3989.5;2;11313340484;S
20241018;101201;3989.5;6;11313340675;S
20241018;101205;3989;1;11313341188;S
20241018;101205;3989;10;11313341189;S
20241018;101205;3989;1;11313341190;S
20241018;101205;3988.5;1;11313341191;S
20241018;101205;3988.5;7;11313341192;S
20241018;101206;3990;1;11313341319;B
20241018;101207;3988.5;1;11313341470;S
20241018;101209;3990;5;11313341866;B
20241018;101213;3990.5;12;11313342606;B
20241018;101215;3990.5;1;11313342895;B
20241018;101218;3989.5;4;11313343247;S
20241018;101219;3988.5;6;11313343528;S
20241018;101219;3988.5;1;11313343529;S
20241018;101219;3988.5;8;11313343530;S
20241018;101220;3988.5;7;11313343593;S
20241018;101220;3988.5;4;11313343594;S
20241018;101221;3989.5;5;11313343744;B
20241018;101227;3989.5;1;11313344694;S
20241018;101229;3989.5;1;11313344893;B
20241018;101237;3989.5;1;11313346149;B
20241018;101238;3989.5;16;11313346311;B
20241018;101238;3989.5;6;11313346312;B
20241018;101242;3990;6;11313346949;B
20241018;101242;3990.5;4;11313346950;B
20241018;101247;3990.5;4;11313347705;B
20241018;101247;3991;1;11313347706;B
20241018;101247;3991;13;11313347813;B
20241018;101247;3992;3;11313347941;B
20241018;101247;3992;6;11313347953;B
20241018;101247;3992;7;11313347954;B
20241018;101247;3992;19;11313347955;B
20241018;101247;3992;133;11313347967;B
20241018;101247;3992.5;60;11313347968;B
20241018;101247;3993;207;11313347969;B
20241018;101247;3993;5;11313348032;B
20241018;101247;3993;17;11313348091;B
20241018;101247;3993;10;11313348093;B
20241018;101249;3994;1;11313348526;B
20241018;101255;3994;1;11313349396;B
20241018;101257;3994;1;11313349762;B
20241018;101259;3993;3;11313350160;S
20241018;101259;3993;3;11313350161;S
20241018;101303;3993.5;5;11313350755;B
20241018;101304;3992.5;51;11313350914;S
20241018;101304;3992.5;11;11313350915;S
20241018;101304;3992;15;11313350916;S
20241018;101304;3992;23;11313350917;S
20241018;101304;3992;11;11313350918;S
20241018;101304;3991.5;15;11313350919;S
20241018;101304;3991.5;20;11313350920;S
20241018;101304;3991;15;11313350921;S
20241018;101304;3991;30;11313350922;S
20241018;101304;3990.5;15;11313350923;S
20241018;101304;3990.5;91;11313350924;S
20241018;101304;3990.5;152;11313350925;S
20241018;101304;3990;15;11313350926;S
20241018;101304;3990;20;11313350927;S
20241018;101304;3990;60;11313350928;S
20241018;101304;3990;5;11313350929;S
20241018;101304;3990;30;11313350930;S
20241018;101304;3990;121;11313350931;S
20241018;101305;3990;11;11313351391;S
20241018;101306;3989.5;28;11313351842;S
20241018;101306;3989.5;7;11313351843;S
20241018;101310;3990;1;11313352356;B
20241018;101313;3989.5;1;11313352757;S
20241018;101317;3989.5;4;11313353556;S
20241018;101317;3989.5;88;11313353563;S
20241018;101317;3989.5;100;11313353564;S
20241018;101317;3989.5;1;11313353565;S
20241018;101319;3989.5;1;11313353801;B
20241018;101321;3989.5;10;11313354126;B
20241018;101322;3989.5;1;11313354193;B
20241018;101322;3989.5;2;11313354305;B
20241018;101327;3989;1;11313354876;S
20241018;101327;3989;1;11313354877;S
20241018;101327;3989;1;11313354878;S
20241018;101327;3989;30;11313354879;S
20241018;101327;3988.5;1;11313354880;S
20241018;101327;3988.5;8;11313354881;S
20241018;101327;3988.5;10;11313354882;S
20241018;101327;3988.5;20;11313354883;S
20241018;101327;3988;1;11313354884;S
20241018;101327;3988;1;11313354885;S
20241018;101327;3988;1;11313354886;S
20241018;101327;3988;1;11313354887;S
20241018;101327;3988;12;11313354888;S
20241018;101327;3987.5;1;11313354889;S
20241018;101327;3987.5;11;11313354890;S
20241018;101333;3989;5;11313355646;B
20241018;101335;3989;1;11313355951;B
20241018;101335;3989;1;11313355952;B
20241018;101335;3989.5;88;11313355953;B
20241018;101335;3989.5;10;11313355954;B
20241018;101335;3989;2;11313356002;S
20241018;101336;3990;3;11313356122;B
20241018;101336;3990.5;1;11313356161;B
20241018;101340;3989;1;11313356690;S
20241018;101341;3990.5;1;11313356936;B
20241018;101342;3990.5;10;11313356950;B
20241018;101349;3989.5;1;11313357980;S
20241018;101351;3989.5;14;11313358235;S
20241018;101351;3989.5;10;11313358236;S
20241018;101353;3989;5;11313358566;S
20241018;101359;3989;15;11313359202;S
20241018;101359;3989;21;11313359203;S
20241018;101402;3989;9;11313359468;S
20241018;101402;3989;4;11313359469;S
20241018;101403;3989;21;11313359525;S
20241018;101403;3989;1;11313359526;S
20241018;101403;3989;50;11313359527;S
20241018;101403;3989;15;11313359528;S
20241018;101403;3989;30;11313359529;S
20241018;101406;3989;4;11313359886;B
20241018;101406;3989.5;1;11313359887;B
20241018;101406;3989.5;9;11313359905;B
20241018;101408;3989;30;11313360091;S
20241018;101408;3989;9;11313360092;S
20241018;101408;3989;30;11313360106;B
20241018;101410;3989;1;11313360234;B
20241018;101419;3988.5;30;11313361267;S
20241018;101419;3988.5;30;11313361268;S
20241018;101419;3988.5;15;11313361269;S
20241018;101441;3988.5;1;11313363944;B
20241018;101441;3988.5;37;11313363968;B
20241018;101441;3988;2;11313363969;S
20241018;101450;3988.5;26;11313365186;B
20241018;101453;3988.5;4;11313365676;S
20241018;101453;3988.5;6;11313365677;S
20241018;101455;3989;1;11313366375;B
20241018;101456;3989;1;11313366453;B
20241018;101457;3989;1;11313366597;B
20241018;101457;3989;7;11313366622;B
20241018;101458;3989;1;11313366650;B
20241018;101503;3989;3;11313367514;B
20241018;101503;3988.5;9;11313367546;S
20241018;101503;3988.5;30;11313367547;S
20241018;101503;3988.5;60;11313367548;S
20241018;101503;3988.5;60;11313367549;S
20241018;101503;3988;13;11313367550;S
20241018;101503;3988;24;11313367551;S
20241018;101503;3988;9;11313367552;S
20241018;101503;3988;5;11313367553;S
20241018;101507;3989;1;11313368215;B
20241018;101507;3989;1;11313368310;B
20241018;101508;3988.5;1;11313368521;S
20241018;101510;3988.5;11;11313368815;S
20241018;101510;3989;1;11313369029;B
20241018;101510;3989;2;11313369031;B
20241018;101513;3988.5;1;11313369962;S
20241018;101521;3988.5;9;11313372178;S
20241018;101522;3989;1;11313372832;B
20241018;101523;3989;1;11313372983;B
20241018;101524;3989;2;11313373155;B
20241018;101525;3989;2;11313373320;B
20241018;101525;3989;1;11313373379;B
20241018;101527;3989;1;11313373963;B
20241018;101527;3989;2;11313373996;B
20241018;101528;3989;1;11313374347;B
20241018;101528;3989;1;11313374348;B
20241018;101529;3989;1;11313374379;B
20241018;101530;3988.5;1;11313375016;S
20241018;101531;3989;1;11313375171;B
20241018;101531;3989;1;11313375184;B
20241018;101531;3989;10;11313375219;B
20241018;101531;3989.5;18;11313375220;B
20241018;101531;3990;6;11313375221;B
20241018;101531;3990;2;11313375222;B
20241018;101532;3990;1;11313375233;B
20241018;101532;3990.5;3;11313375234;B
20241018;101532;3990;15;11313375414;S
20241018;101532;3990;30;11313375415;S
20241018;101532;3989.5;15;11313375416;S
20241018;101532;3989.5;16;11313375417;S
20241018;101532;3989;15;11313375418;S
20241018;101532;3989;9;11313375419;S
20241018;101533;3989.5;1;11313375507;S
20241018;101533;3989.5;2;11313375574;S
20241018;101535;3990;1;11313375938;B
20241018;101536;3989.5;1;11313376127;S
20241018;101538;3990;3;11313376729;S
20241018;101541;3990.5;3;11313377488;B
20241018;101541;3990;4;11313377533;S
20241018;101541;3989.5;1;11313377534;S
20241018;101542;3990.5;1;11313377689;B
20241018;101543;3990.5;1;11313377907;B
20241018;101544;3989.5;1;11313377992;S
20241018;101544;3990.5;3;11313378040;B
20241018;101545;3990.5;25;11313378319;B
20241018;101546;3990.5;26;11313378557;B
20241018;101546;3991;1;11313378558;B
20241018;101546;3991;15;11313378559;B
20241018;101546;3991;10;11313378560;B
20241018;101547;3991.5;1;11313378656;B
20241018;101548;3991.5;2;11313378711;B
20241018;101551;3990.5;5;11313379343;B
20241018;101551;3990.5;10;11313379377;B
20241018;101552;3991;4;11313379387;B
20241018;101554;3990.5;4;11313379890;S
20241018;101557;3991;9;11313380460;B
20241018;101559;3991;2;11313380941;B
20241018;101559;3991;3;11313380942;B
20241018;101559;3990.5;1;11313381033;S
20241018;101559;3990.5;1;11313381034;S
20241018;101559;3990.5;2;11313381035;S
20241018;101559;3990.5;4;11313381036;S
20241018;101559;3990;7;11313381037;S
20241018;101559;3990;6;11313381038;S
20241018;101603;3990;24;11313381857;S
20241018;101607;3990;2;11313382551;B
20241018;101607;3990;6;11313382591;B
20241018;101608;3990;20;11313382630;B
20241018;101612;3990;2;11313383552;B
20241018;101614;3990;14;11313383914;B
20241018;101620;3989.5;4;11313385098;S
20241018;101623;3990;2;11313385697;B
20241018;101623;3990;30;11313385741;B
20241018;101623;3990;5;11313385742;B
20241018;101631;3990;1;11313387394;B
20241018;101634;3990;1;11313387959;B
20241018;101635;3990;98;11313388349;B
20241018;101635;3990;10;11313388350;B
20241018;101635;3990;8;11313388351;B
20241018;101635;3990;24;11313388352;B
20241018;101635;3990;11;11313388353;B
20241018;101636;3989.5;4;11313388601;S
20241018;101637;3990;2;11313388928;B
20241018;101639;3990;8;11313389187;B
20241018;101640;3990;82;11313389492;B
20241018;101640;3990;18;11313389493;B
20241018;101641;3990;1;11313389678;B
20241018;101643;3990;10;11313390145;B
20241018;101645;3990;1;11313390384;B
20241018;101645;3990;1;11313390468;B
20241018;101647;3990;1;11313390821;B
20241018;101648;3990;1;11313391164;B
20241018;101649;3990;1;11313391178;B
20241018;101650;3990;5;11313391377;B
20241018;101651;3990;5;11313391529;B
20241018;101652;3990;82;11313391649;B
20241018;101652;3990;18;11313391650;B
20241018;101655;3989.5;1;11313392035;S
20241018;101655;3990;6;11313392494;B
20241018;101655;3990;2;11313392495;B
20241018;101655;3990;25;11313392568;B
20241018;101655;3990;25;11313392614;B
20241018;101655;3989.5;1;11313392650;S
20241018;101657;3990;25;11313392977;B
20241018;101658;3990;182;11313393070;B
20241018;101658;3990;18;11313393071;B
20241018;101658;3990;1;11313393206;B
20241018;101700;3990;99;11313393480;B
20241018;101700;3990;18;11313393481;B
20241018;101702;3989.5;15;11313393817;S
20241018;101703;3990;68;11313393903;B
20241018;101703;3990;18;11313393904;B
20241018;101703;3990;39;11313393905;B
20241018;101703;3990;1;11313393906;B
20241018;101706;3990;50;11313394467;B
20241018;101707;3989.5;9;11313394603;S
20241018;101707;3989.5;1;11313394604;S
20241018;101707;3989.5;7;11313394605;S
20241018;101707;3989.5;30;11313394606;S
20241018;101707;3989.5;1;11313394607;S
20241018;101707;3989.5;1;11313394608;S
20241018;101707;3989.5;18;11313394609;S
20241018;101708;3990;5;11313394837;B
20241018;101708;3990;15;11313394838;B
20241018;101708;3990;18;11313394839;B
20241018;101708;3990;12;11313394840;B
20241018;101709;3990;1;11313394848;B
20241018;101709;3990;1;11313394885;B
20241018;101709;3989.5;2;11313394898;S
20241018;101710;3990;98;11313395003;B
20241018;101710;3990;18;11313395004;B
20241018;101710;3990;15;11313395005;B
20241018;101710;3990;19;11313395006;B
20241018;101710;3989.5;10;11313395129;S
20241018;101712;3990;75;11313395267;B
20241018;101714;3990;10;11313395565;B
20241018;101716;3990;3;11313395789;B
20241018;101717;3990;1;11313395937;B
20241018;101721;3990;1;11313396553;B
20241018;101722;3990;10;11313396701;B
20241018;101722;3990;1;11313396725;B
20241018;101729;3990;471;11313397859;B
20241018;101729;3990;19;11313397860;B
20241018;101729;3990;10;11313397861;B
20241018;101729;3990;1;11313397900;B
20241018;101731;3990;6;11313398323;B
20241018;101732;3990;1;11313398446;B
20241018;101732;3990;20;11313398448;B
20241018;101732;3990;1;11313398479;B
20241018;101733;3990;12;11313398657;B
20241018;101733;3990;10;11313398658;B
20241018;101733;3990;353;11313398659;B
20241018;101734;3990;1;11313398821;B
20241018;101736;3990;1;11313399240;B
20241018;101737;3990;1;11313399459;B
20241018;101738;3990;100;11313399543;B
20241018;101738;3990;1;11313399683;B
20241018;101743;3990;500;11313400521;B
20241018;101744;3990;5;11313400706;B
20241018;101748;3990;15;11313401526;B
20241018;101755;3990;5;11313402710;B
20241018;101757;3990;50;11313402931;B
20241018;101757;3989.5;1;11313403011;S
20241018;101757;3989.5;1;11313403112;S
20241018;101757;3990;1;11313403121;B
20241018;101758;3990;1;11313403210;B
20241018;101758;3990;20;11313403242;B
20241018;101801;3989.5;29;11313403716;S
20241018;101801;3989.5;11;11313403717;S
20241018;101801;3990;3;11313403746;B
20241018;101801;3989.5;1;11313403777;S
20241018;101801;3989.5;2;11313403858;S
20241018;101801;3989.5;2;11313403859;S
20241018;101801;3989.5;1;11313403904;S
20241018;101802;3989.5;1;11313403962;S
20241018;101803;3989.5;1;11313404272;S
20241018;101804;3989.5;3;11313404427;S
20241018;101804;3989.5;2;11313404428;S
20241018;101804;3989.5;13;11313404535;S
20241018;101804;3990;1;11313404558;B
20241018;101805;3989.5;6;11313404713;S
20241018;101805;3989.5;4;11313404754;S
20241018;101805;3989.5;2;11313404755;S
20241018;101806;3990;5;11313404859;B
20241018;101807;3990;85;11313405091;B
20241018;101807;3990;15;11313405092;B
20241018;101808;3990;5;11313405320;B
20241018;101810;3989.5;50;11313405753;S
20241018;101820;3990;12;11313407188;B
20241018;101823;3990;1;11313407599;B
20241018;101825;3989.5;7;11313407923;S
20241018;101826;3989.5;22;11313408057;S
20241018;101828;3989.5;100;11313408395;S
20241018;101829;3990;1;11313408529;B
20241018;101836;3990;806;11313409479;B
20241018;101836;3990;15;11313409480;B
20241018;101836;3990;50;11313409481;B
20241018;101836;3990;40;11313409482;B
20241018;101836;3990;7;11313409483;B
20241018;101836;3990;30;11313409484;B
20241018;101836;3990;20;11313409485;B
20241018;101837;3990;25;11313409620;B
20241018;101838;3990;34;11313409762;B
20241018;101838;3990;7;11313409763;B
20241018;101838;3990;31;11313409764;B
20241018;101839;3990;1;11313409999;B
20241018;101841;3990;10;11313410348;B
20241018;101843;3990;8;11313410811;B
20241018;101845;3989.5;7;11313410939;S
20241018;101851;3990;5;11313411896;B
20241018;101854;3989.5;4;11313412234;S
20241018;101855;3990;1;11313412370;B
20241018;101857;3990;3;11313412663;B
20241018;101858;3990;40;11313412910;B
20241018;101858;3990;20;11313412911;B
20241018;101858;3990;10;11313412912;B
20241018;101858;3990;48;11313412913;B
20241018;101901;3990;27;11313413217;B
20241018;101901;3990;26;11313413218;B
20241018;101904;3990;20;11313413582;B
20241018;101905;3989.5;7;11313413620;S
20241018;101907;3989.5;33;11313413955;S
20241018;101907;3989.5;20;11313413956;S
20241018;101907;3989.5;1;11313413957;S
20241018;101907;3989.5;1;11313413958;S
20241018;101907;3989.5;1;11313413959;S
20241018;101907;3989.5;15;11313413960;S
20241018;101907;3989.5;7;11313413961;S
20241018;101907;3989;1;11313413962;S
20241018;101907;3989;1;11313413963;S
20241018;101907;3989;2;11313413964;S
20241018;101907;3989;7;11313413965;S
20241018;101907;3989;2;11313413966;S
20241018;101907;3989;17;11313413967;S
20241018;101907;3989;15;11313413968;S
20241018;101907;3989;51;11313413969;S
20241018;101907;3989;1;11313413970;S
20241018;101907;3989;5;11313413971;S
20241018;101907;3990;20;11313413972;B
20241018;101907;3990;20;11313413973;B
20241018;101907;3990;14;11313413974;B
20241018;101907;3990;6;11313413975;B
20241018;101907;3989.5;10;11313414008;S
20241018;101911;3990;1;11313414493;B
20241018;101913;3990;6;11313414743;B
20241018;101925;3989.5;6;11313416527;S
20241018;101926;3989.5;1;11313416643;S
20241018;101926;3990;6;11313416732;B
20241018;101927;3990;5;11313416905;B
20241018;101927;3990;15;11313416922;B
20241018;101935;3990;4;11313417986;B
20241018;101942;3990;40;11313418469;B
20241018;101945;3989.5;5;11313418710;S
20241018;101945;3989.5;2;11313418711;S
20241018;101946;3989.5;1;11313418829;S
20241018;101948;3990;3;11313419042;B
20241018;101953;3990;39;11313419522;B
20241018;101953;3990;11;11313419523;B
20241018;101953;3989.5;12;11313419525;S
20241018;101953;3989.5;17;11313419526;S
20241018;101953;3989.5;8;11313419527;S
20241018;102000;3990;3;11313420128;B
20241018;102004;3990;10;11313420474;B
20241018;102004;3990;200;11313420496;B
20241018;102005;3989.5;7;11313420548;S
20241018;102006;3990;10;11313420671;B
20241018;102007;3989.5;1;11313420778;S
20241018;102010;3990;1;11313421284;B
20241018;102011;3990;50;11313421292;B
20241018;102012;3990;6;11313421463;B
20241018;102013;3990;1;11313421546;B
20241018;102015;3990;1;11313421854;B
20241018;102016;3990;1;11313421891;B
20241018;102016;3989.5;7;11313421922;S
20241018;102016;3989.5;30;11313421923;S
20241018;102016;3989.5;9;11313421924;S
20241018;102016;3989.5;4;11313421925;S
20241018;102016;3989.5;46;11313422023;S
20241018;102016;3989.5;50;11313422024;S
20241018;102016;3989.5;50;11313422025;S
20241018;102016;3989.5;50;11313422026;S
20241018;102016;3989.5;15;11313422027;S
20241018;102016;3989.5;30;11313422028;S
20241018;102025;3989;7;11313426119;S
20241018;102026;3989;2;11313427257;S
20241018;102032;3989.5;5;11313430684;B
20241018;102032;3990;1;11313430685;B
20241018;102032;3990;4;11313430686;B
20241018;102039;3990;2;11313434445;B
20241018;102040;3990;1;11313435462;B
20241018;102042;3990;2;11313436607;B
20241018;102045;3989.5;6;11313438036;S
20241018;102046;3990;1;11313439044;B
20241018;102053;3990;20;11313443102;B
20241018;102058;3990;1;11313446247;B
20241018;102103;3990;1;11313449075;B
20241018;102105;3989.5;7;11313450137;S
20241018;102108;3989.5;43;11313452015;S
20241018;102109;3989.5;1;11313452631;S
20241018;102109;3989.5;1;11313452632;S
20241018;102111;3990;1;11313453617;B
20241018;102111;3989.5;15;11313453618;B
20241018;102113;3990;1;11313454517;B
20241018;102121;3990;10;11313458935;B
20241018;102122;3989.5;3;11313459789;S
20241018;102123;3990;1;11313459984;B
20241018;102125;3989.5;7;11313460395;S
20241018;102128;3989.5;1;11313461063;S
20241018;102128;3989.5;1;11313461064;S
20241018;102128;3989.5;1;11313461065;S
20241018;102128;3989.5;1;11313461066;S
20241018;102128;3989.5;1;11313461067;S
20241018;102128;3989.5;1;11313461068;S
20241018;102128;3989.5;1;11313461069;S
20241018;102128;3989.5;1;11313461074;S
20241018;102128;3989.5;1;11313461075;S
20241018;102128;3989.5;1;11313461076;S
20241018;102128;3989.5;1;11313461077;S
20241018;102128;3989.5;1;11313461078;S
20241018;102128;3989.5;1;11313461079;S
20241018;102128;3989.5;1;11313461080;S
20241018;102128;3989.5;1;11313461082;S
20241018;102128;3989.5;1;11313461084;S
20241018;102128;3989.5;1;11313461085;S
20241018;102128;3989.5;1;11313461086;S
20241018;102128;3989.5;1;11313461087;S
20241018;102128;3989.5;1;11313461091;S
20241018;102128;3989.5;1;11313461092;S
20241018;102128;3989.5;1;11313461095;S
20241018;102128;3989.5;1;11313461096;S
20241018;102128;3989.5;1;11313461098;S
20241018;102128;3989.5;1;11313461099;S
20241018;102128;3989.5;1;11313461100;S
20241018;102128;3989.5;1;11313461119;S
20241018;102128;3989.5;1;11313461123;S
20241018;102130;3990;9;11313461343;B
20241018;102138;3989.5;1;11313462149;S
20241018;102144;3990;30;11313462900;B
20241018;102145;3989.5;7;11313463047;S
20241018;102147;3989.5;2;11313463368;S
20241018;102147;3989.5;16;11313463369;S
20241018;102147;3989.5;26;11313463370;S
20241018;102147;3989.5;50;11313463371;S
20241018;102147;3989.5;100;11313463372;S
20241018;102153;3989.5;1;11313463998;B
20241018;102153;3989.5;6;11313464007;B
20241018;102153;3989.5;7;11313464008;B
20241018;102157;3989.5;8;11313464435;B
20241018;102202;3990;2;11313464929;B
20241018;102205;3989.5;7;11313465284;S
20241018;102206;3990;80;11313465488;B
20241018;102206;3990;20;11313465489;B
20241018;102209;3990;12;11313465817;B
20241018;102213;3989.5;1;11313466279;S
20241018;102213;3990;650;11313466295;B
20241018;102219;3990;2;11313467012;B
20241018;102221;3989.5;16;11313467197;S
20241018;102221;3989.5;16;11313467208;S
20241018;102221;3989.5;16;11313467209;S
20241018;102221;3989.5;2;11313467210;S
20241018;102221;3989.5;1;11313467211;S
20241018;102221;3989;1;11313467228;S
20241018;102221;3989;4;11313467229;S
20241018;102221;3989;1;11313467230;S
20241018;102221;3989;1;11313467231;S
20241018;102221;3989;1;11313467232;S
20241018;102221;3989;1;11313467233;S
20241018;102221;3989;1;11313467234;S
20241018;102221;3989;1;11313467235;S
20241018;102221;3989;5;11313467236;S
20241018;102225;3989;6;11313467573;S
20241018;102232;3989.5;2;11313468122;B
20241018;102238;3989;9;11313468543;S
20241018;102238;3989;1;11313468544;S
20241018;102238;3989;1;11313468545;S
20241018;102238;3989;1;11313468546;S
20241018;102238;3989;4;11313468547;S
20241018;102238;3989;1;11313468548;S
20241018;102238;3989;15;11313468549;S
20241018;102238;3989;12;11313468550;S
20241018;102238;3989;1;11313468551;S
20241018;102238;3988.5;1;11313468552;S
20241018;102238;3988.5;4;11313468553;S
20241018;102238;3989;4;11313468564;B
20241018;102238;3989;1;11313468565;B
20241018;102238;3989;4;11313468571;B
20241018;102238;3989;1;11313468572;B
20241018;102238;3989;4;11313468573;B
20241018;102238;3989;1;11313468574;B
20241018;102238;3989;4;11313468576;B
20241018;102238;3989;4;11313468585;B
20241018;102238;3989;4;11313468589;B
20241018;102238;3989;4;11313468594;B
20241018;102238;3989;4;11313468596;B
20241018;102238;3989;1;11313468598;B
20241018;102239;3989;3;11313468635;B
20241018;102245;3988.5;6;11313469059;S
20241018;102245;3988.5;1;11313469060;S
20241018;102249;3989;9;11313469470;B
20241018;102255;3989;1;11313469816;B
20241018;102257;3989;2;11313470061;B
20241018;102259;3988.5;1;11313470328;S
20241018;102259;3988.5;13;11313470329;S
20241018;102259;3988;1;11313470330;S
20241018;102259;3988;1;11313470331;S
20241018;102259;3988;9;11313470332;S
20241018;102259;3988;30;11313470333;S
20241018;102259;3988;5;11313470334;S
20241018;102300;3988.5;1;11313470422;B
20241018;102304;3988.5;2;11313470906;B
20241018;102305;3988;7;11313470992;S
20241018;102308;3988;1;11313471391;S
20241018;102309;3988.5;3;11313471546;B
20241018;102311;3989;2;11313471771;B
20241018;102312;3988;22;11313471857;S
20241018;102312;3988;3;11313471858;S
20241018;102315;3988;25;11313472224;S
20241018;102318;3989;1;11313472505;B
20241018;102319;3989;1;11313472617;B
20241018;102323;3988.5;1;11313473246;B
20241018;102325;3988;5;11313473457;S
20241018;102325;3988;2;11313473458;S
20241018;102325;3988;5;11313473464;S
20241018;102331;3988.5;15;11313474146;B
20241018;102331;3989;12;11313474147;B
20241018;102331;3989;15;11313474148;B
20241018;102331;3989;200;11313474149;B
20241018;102331;3989;30;11313474150;B
20241018;102331;3989;6;11313474151;B
20241018;102331;3989.5;41;11313474152;B
20241018;102331;3989.5;15;11313474153;B
20241018;102331;3989.5;26;11313474154;B
20241018;102331;3989.5;7;11313474155;B
20241018;102331;3989.5;6;11313474156;B
20241018;102331;3990;70;11313474157;B
20241018;102331;3990;15;11313474158;B
20241018;102331;3990;42;11313474159;B
20241018;102331;3989.5;3;11313474161;B
20241018;102331;3989.5;107;11313474162;B
20241018;102331;3989.5;51;11313474164;B
20241018;102331;3990;29;11313474165;B
20241018;102331;3990;310;11313474166;B
20241018;102332;3990;50;11313474252;B
20241018;102338;3990;69;11313475043;B
20241018;102338;3990;220;11313475044;B
20241018;102339;3990.5;25;11313475049;B
20241018;102339;3990.5;20;11313475095;B
20241018;102339;3990.5;5;11313475097;B
20241018;102339;3990.5;1;11313475098;B
20241018;102339;3991;100;11313475099;B
20241018;102339;3991;1;11313475100;B
20241018;102339;3991.5;20;11313475101;B
20241018;102339;3992;20;11313475104;B
20241018;102339;3992;20;11313475106;B
20241018;102340;3991.5;2;11313475249;S
20241018;102340;3991.5;2;11313475255;S
20241018;102342;3991.5;9;11313475452;S
20241018;102342;3992;10;11313475457;B
20241018;102342;3992.5;15;11313475458;B
20241018;102342;3992.5;15;11313475477;B
20241018;102342;3992.5;10;11313475478;B
20241018;102343;3993;5;11313475662;B
20241018;102343;3993;25;11313475687;B
20241018;102345;3992.5;7;11313475872;S
20241018;102348;3994;1;11313476228;B
20241018;102349;3993.5;2;11313476389;B
20241018;102354;3993;1;11313476957;B
20241018;102403;3992.5;20;11313478033;B
20241018;102405;3992;6;11313478303;S
20241018;102405;3992.5;3;11313478363;B
20241018;102408;3992;1;11313478804;S
20241018;102408;3992;10;11313478805;S
20241018;102409;3992;1;11313478886;S
20241018;102420;3992.5;2;11313480269;B
20241018;102420;3992;5;11313480279;S
20241018;102420;3992.5;20;11313480281;B
20241018;102422;3992.5;50;11313480462;B
20241018;102424;3992.5;6;11313480636;B
20241018;102425;3992;5;11313480755;S
20241018;102425;3991.5;2;11313480756;S
20241018;102430;3991.5;1;11313481322;S
20241018;102431;3992;4;11313481356;B
20241018;102432;3992;2;11313481528;B
20241018;102433;3992;1;11313481698;B
20241018;102437;3992;7;11313482186;B
20241018;102437;3992;3;11313482187;B
20241018;102438;3992;1;11313482195;B
20241018;102439;3992;1;11313482455;B
20241018;102439;3992;5;11313482456;B
20241018;102442;3992;2;11313482870;B
20241018;102443;3992;3;11313482941;B
20241018;102443;3992;5;11313482942;B
20241018;102443;3992;8;11313482943;B
20241018;102443;3992;1;11313482944;B
20241018;102443;3992.5;32;11313482945;B
20241018;102443;3991.5;10;11313483043;S
20241018;102445;3991.5;7;11313483236;S
20241018;102445;3992;1;11313483260;B
20241018;102449;3992;1;11313483739;B
20241018;102450;3992;1;11313483880;B
20241018;102450;3992;1;11313483882;B
20241018;102450;3992;1;11313483991;B
20241018;102450;3992;1;11313484001;B
20241018;102450;3992;1;11313484002;B
20241018;102452;3992;1;11313484158;B
20241018;102452;3992;1;11313484209;B
20241018;102452;3992;1;11313484215;B
20241018;102456;3991;1;11313484736;S
20241018;102457;3990.5;1;11313484986;S
20241018;102502;3991;1;11313485811;B
20241018;102503;3991;1;11313485964;B
20241018;102505;3990.5;7;11313486237;S
20241018;102509;3991;1;11313486793;B
20241018;102509;3991;1;11313486794;B
20241018;102509;3991.5;18;11313486795;B
20241018;102521;3991;1;11313488163;B
20241018;102521;3991;19;11313488164;B
20241018;102521;3991;12;11313488165;B
20241018;102521;3991;1;11313488166;B
20241018;102523;3991;1;11313488280;B
20241018;102523;3991;2;11313488284;B
20241018;102525;3990.5;6;11313488434;S
20241018;102525;3990;15;11313488484;S
20241018;102525;3990;8;11313488485;S
20241018;102525;3990;11;11313488486;S
20241018;102525;3990;3;11313488487;S
20241018;102525;3989.5;15;11313488488;S
20241018;102525;3989.5;2;11313488489;S
20241018;102525;3989.5;11;11313488490;S
20241018;102525;3989;3;11313488491;S
20241018;102535;3989;1;11313489324;S
20241018;102541;3989;1;11313489856;B
20241018;102545;3988.5;7;11313490152;S
20241018;102547;3989;2;11313490361;B
20241018;102548;3988.5;4;11313490443;S
20241018;102551;3989;1;11313490806;B
20241018;102552;3989;1;11313490954;B
20241018;102556;3989;4;11313491320;B
20241018;102556;3988.5;12;11313491442;S
20241018;102557;3989;1;11313491537;B
20241018;102602;3989;1;11313492155;B
20241018;102605;3988.5;7;11313492466;S
20241018;102607;3989;1;11313492684;B
20241018;102608;3989;1;11313492828;B
20241018;102609;3989;12;11313493010;B
20241018;102609;3989;80;11313493011;B
20241018;102609;3989;26;11313493012;B
20241018;102609;3989;30;11313493013;B
20241018;102609;3989;10;11313493014;B
20241018;102609;3989;2;11313493015;B
20241018;102609;3989.5;15;11313493016;B
20241018;102609;3989.5;10;11313493017;B
20241018;102609;3990;15;11313493018;B
20241018;102610;3989;2;11313493181;B
20241018;102612;3988.5;10;11313493589;S
20241018;102612;3988;3;11313493590;S
20241018;102612;3988;1;11313493591;S
20241018;102612;3987.5;2;11313493592;S
20241018;102612;3987.5;10;11313493593;S
20241018;102612;3987.5;1;11313493594;S
20241018;102612;3987.5;8;11313493595;S
20241018;102612;3987;3;11313493596;S
20241018;102612;3987;1;11313493597;S
20241018;102612;3987;1;11313493598;S
20241018;102612;3987;1;11313493599;S
20241018;102612;3987;9;11313493600;S
20241018;102613;3987;6;11313493725;S
20241018;102613;3987;2;11313493726;S
20241018;102613;3987;1;11313493729;S
20241018;102613;3987.5;2;11313493748;B
20241018;102614;3987;1;11313493885;S
20241018;102614;3987;1;11313493911;S
20241018;102615;3987.5;1;11313494024;B
20241018;102615;3987.5;1;11313494070;B
20241018;102617;3987;1;11313494625;S
20241018;102618;3987;1;11313494669;S
20241018;102618;3987.5;11;11313494754;B
20241018;102618;3987.5;10;11313494755;B
20241018;102618;3987.5;11;11313494756;B
20241018;102618;3988;15;11313494757;B
20241018;102618;3988;10;11313494758;B
20241018;102618;3988.5;15;11313494759;B
20241018;102618;3988.5;30;11313494760;B
20241018;102618;3988.5;30;11313494761;B
20241018;102618;3989;13;11313494762;B
20241018;102618;3989;2;11313494763;B
20241018;102618;3989.5;15;11313494764;B
20241018;102618;3989.5;5;11313494765;B
20241018;102618;3989.5;45;11313494766;B
20241018;102618;3990;15;11313494767;B
20241018;102618;3990;1;11313494768;B
20241018;102618;3990;199;11313494769;S
20241018;102618;3990;5;11313494770;S
20241018;102618;3990;2;11313494780;S
20241018;102618;3990;2;11313494785;S
20241018;102618;3990;2;11313494797;S
20241018;102618;3990;2;11313494803;S
20241018;102618;3990;1;11313494804;S
20241018;102619;3990;2;11313494812;S
20241018;102619;3990;2;11313494817;S
20241018;102619;3990;55;11313494841;S
20241018;102619;3990;19;11313494842;S
20241018;102619;3990.5;2;11313494869;B
20241018;102621;3990;9;11313495155;S
20241018;102621;3990;4;11313495211;S
20241018;102622;3990;3;11313495253;S
20241018;102622;3990;12;11313495254;S
20241018;102622;3990.5;2;11313495363;B
20241018;102625;3990;50;11313495753;S
20241018;102625;3990;7;11313495828;S
20241018;102625;3990;6;11313495858;S
20241018;102625;3990;41;11313495859;S
20241018;102625;3990;39;11313495860;S
20241018;102625;3990;2;11313495861;S
20241018;102626;3990;2;11313496156;S
20241018;102628;3990;200;11313496323;S
20241018;102628;3990;4;11313496324;S
20241018;102628;3990;102;11313496325;S
20241018;102632;3987.5;15;11313497091;B
20241018;102635;3987;3;11313497474;S
20241018;102635;3987;1;11313497538;S
20241018;102635;3987;24;11313497539;S
20241018;102635;3987;20;11313497546;S
20241018;102637;3987;16;11313497840;S
20241018;102637;3987;2;11313497841;S
20241018;102637;3986.5;1;11313497842;S
20241018;102637;3986.5;4;11313497843;S
20241018;102637;3986.5;137;11313497844;S
20241018;102637;3986.5;1;11313497859;S
20241018;102638;3986.5;1;11313497867;S
20241018;102639;3986.5;1;11313498040;S
20241018;102639;3986.5;35;11313498094;S
20241018;102640;3987.5;5;11313498119;B
20241018;102641;3987.5;1;11313498226;B
20241018;102641;3986.5;14;11313498268;S
20241018;102643;3986.5;3;11313498585;S
20241018;102645;3986.5;7;11313498840;S
20241018;102646;3986.5;1;11313499015;S
20241018;102646;3986.5;4;11313499016;S
20241018;102646;3986.5;1;11313499017;S
20241018;102647;3987;15;11313499122;B
20241018;102647;3987;8;11313499123;B
20241018;102649;3987.5;30;11313499450;B
20241018;102649;3987.5;9;11313499451;B
20241018;102649;3988;15;11313499452;B
20241018;102649;3988;20;11313499453;B
20241018;102649;3988;8;11313499454;B
20241018;102649;3988.5;15;11313499455;B
20241018;102649;3988.5;5;11313499456;B
20241018;102649;3988.5;3;11313499457;B
20241018;102649;3989;15;11313499458;B
20241018;102649;3989;20;11313499459;B
20241018;102649;3989;30;11313499460;B
20241018;102649;3989.5;15;11313499461;B
20241018;102649;3990;15;11313499462;B
20241018;102649;3990;51;11313499463;B
20241018;102649;3990;4;11313499464;B
20241018;102649;3990;40;11313499465;S
20241018;102649;3990;17;11313499466;S
20241018;102649;3990;20;11313499467;S
20241018;102649;3990;91;11313499468;S
20241018;102649;3990.5;1;11313499478;B
20241018;102653;3990;25;11313499825;S
20241018;102656;3990;44;11313500216;S
20241018;102656;3990;1;11313500217;S
20241018;102656;3990;7;11313500218;S
20241018;102656;3990;78;11313500219;S
20241018;102656;3990;9;11313500252;S
20241018;102657;3990;23;11313500395;S
20241018;102657;3990;80;11313500396;S
20241018;102657;3990;310;11313500397;S
20241018;102659;3987.5;1;11313500715;S
20241018;102705;3987.5;3;11313501706;S
20241018;102705;3987.5;3;11313501707;S
20241018;102706;3987.5;12;11313501915;S
20241018;102708;3987;42;11313502312;S
20241018;102708;3987;15;11313502313;S
20241018;102708;3986.5;8;11313502314;S
20241018;102708;3986.5;1;11313502315;S
20241018;102708;3986.5;1;11313502316;S
20241018;102708;3986.5;14;11313502317;S
20241018;102708;3986.5;15;11313502318;S
20241018;102708;3986.5;10;11313502319;S
20241018;102708;3986;15;11313502320;S
20241018;102708;3986;1;11313502321;S
20241018;102708;3986;1;11313502322;S
20241018;102708;3986;2;11313502323;S
20241018;102708;3986;1;11313502324;S
20241018;102708;3986;4;11313502325;S
20241018;102708;3986;15;11313502326;S
20241018;102708;3986;60;11313502327;S
20241018;102708;3986;13;11313502328;S
20241018;102708;3986;1;11313502329;S
20241018;102709;3985.5;1;11313502423;S
20241018;102709;3985.5;10;11313502424;S
20241018;102709;3985.5;2;11313502425;S
20241018;102709;3985.5;30;11313502433;S
20241018;102713;3986;82;11313503144;B
20241018;102713;3986;5;11313503145;B
20241018;102713;3986;1;11313503146;B
20241018;102713;3986.5;15;11313503147;B
20241018;102713;3986.5;30;11313503148;B
20241018;102713;3987;15;11313503149;B
20241018;102713;3987;30;11313503150;B
20241018;102713;3987.5;15;11313503151;B
20241018;102713;3987.5;5;11313503152;B
20241018;102713;3988;15;11313503153;B
20241018;102713;3988.5;20;11313503154;B
20241018;102713;3988.5;15;11313503155;B
20241018;102713;3989;15;11313503156;B
20241018;102713;3989;51;11313503157;B
20241018;102713;3989;51;11313503158;B
20241018;102713;3989.5;15;11313503159;B
20241018;102713;3989.5;120;11313503160;B
20241018;102713;3989.5;60;11313503161;B
20241018;102713;3989.5;40;11313503162;B
20241018;102713;3989.5;1;11313503163;B
20241018;102713;3990;9;11313503164;B
20241018;102713;3989;30;11313503166;B
20241018;102713;3989;50;11313503167;B
20241018;102713;3989;1;11313503168;B
20241018;102713;3989;30;11313503169;B
20241018;102713;3989.5;2;11313503170;B
20241018;102713;3990;4;11313503171;B
20241018;102713;3990;30;11313503172;S
20241018;102713;3990.5;15;11313503174;B
20241018;102713;3990;23;11313503175;S
20241018;102715;3990.5;9;11313503308;B
20241018;102718;3990;220;11313503858;S
20241018;102718;3990;15;11313503859;S
20241018;102718;3989.5;15;11313503860;S
20241018;102718;3989;8;11313503861;S
20241018;102719;3989;7;11313503898;S
20241018;102719;3988.5;15;11313503899;S
20241018;102719;3988.5;14;11313503900;S
20241018;102719;3988.5;64;11313503901;S
20241018;102724;3988.5;15;11313504705;S
20241018;102724;3988;15;11313504706;S
20241018;102724;3988;12;11313504707;S
20241018;102724;3987.5;15;11313504708;S
20241018;102724;3987.5;12;11313504709;S
20241018;102724;3987.5;57;11313504710;S
20241018;102724;3989.5;1;11313504714;B
20241018;102725;3988;7;11313504798;S
20241018;102728;3987;15;11313505139;S
20241018;102728;3987;4;11313505140;S
20241018;102728;3987;1;11313505141;S
20241018;102728;3986.5;15;11313505142;S
20241018;102728;3986;15;11313505143;S
20241018;102728;3986;5;11313505144;S
20241018;102728;3986;1;11313505145;S
20241018;102728;3986;60;11313505146;S
20241018;102728;3986;31;11313505147;S
20241018;102728;3986;62;11313505148;S
20241018;102728;3985.5;18;11313505149;S
20241018;102728;3985.5;1;11313505150;S
20241018;102728;3985.5;15;11313505151;S
20241018;102728;3985.5;30;11313505152;S
20241018;102728;3985.5;30;11313505153;S
20241018;102728;3985.5;60;11313505154;S
20241018;102728;3985;1;11313505155;S
20241018;102728;3985;1;11313505156;S
20241018;102728;3985;20;11313505157;S
20241018;102728;3985;1;11313505158;S
20241018;102728;3985;1;11313505159;S
20241018;102728;3985;10;11313505160;S
20241018;102728;3985;2;11313505161;S
20241018;102728;3985;1;11313505162;S
20241018;102728;3985;2;11313505163;S
20241018;102728;3985;1;11313505164;S
20241018;102728;3985;1;11313505165;S
20241018;102728;3985;10;11313505166;S
20241018;102728;3985;1;11313505167;S
20241018;102728;3985;5;11313505168;S
20241018;102728;3985;2;11313505169;S
20241018;102728;3985;15;11313505170;S
20241018;102728;3985;60;11313505171;S
20241018;102728;3985;40;11313505172;S
20241018;102728;3985;140;11313505173;S
20241018;102728;3985;24;11313505174;S
20241018;102728;3984.5;2;11313505175;S
20241018;102728;3984.5;150;11313505176;S
20241018;102728;3984.5;15;11313505177;S
20241018;102728;3984;132;11313505178;S
20241018;102728;3985.5;4;11313505219;B
20241018;102728;3984.5;1;11313505235;S
20241018;102728;3984.5;29;11313505268;S
20241018;102728;3984;68;11313505269;S
20241018;102728;3984;13;11313505270;S
20241018;102728;3983.5;2;11313505281;S
20241018;102728;3983.5;1;11313505282;S
20241018;102728;3983;3;11313505283;S
20241018;102729;3983;11;11313505294;S
20241018;102729;3983;2;11313505295;S
20241018;102729;3984;1;11313505298;B
20241018;102729;3984;4;11313505299;B
20241018;102729;3983;4;11313505413;S
20241018;102729;3983;3;11313505414;S
20241018;102729;3984;1;11313505470;B
20241018;102730;3983;28;11313505481;S
20241018;102731;3983;19;11313505563;S
20241018;102731;3983;30;11313505564;S
20241018;102731;3983;9;11313505565;S
20241018;102731;3983;91;11313505567;S
20241018;102731;3983;10;11313505568;S
20241018;102731;3983;20;11313505755;S
20241018;102731;3982.5;10;11313505756;S
20241018;102734;3983.5;51;11313506166;S
20241018;102734;3983;30;11313506167;S
20241018;102734;3983;9;11313506168;S
20241018;102734;3983;15;11313506169;S
20241018;102734;3982.5;30;11313506170;S
20241018;102734;3982.5;2;11313506171;S
20241018;102734;3982.5;2;11313506172;S
20241018;102734;3982.5;15;11313506173;S
20241018;102734;3982.5;8;11313506174;S
20241018;102734;3982;1;11313506175;S
20241018;102734;3982;1;11313506176;S
20241018;102734;3982;36;11313506177;S
20241018;102734;3983.5;20;11313506201;S
20241018;102734;3982.5;6;11313506202;S
20241018;102735;3983;2;11313506261;S
20241018;102738;3983;13;11313506565;S
20241018;102738;3983;3;11313506566;S
20241018;102741;3983.5;15;11313506993;S
20241018;102742;3983;13;11313507266;S
20241018;102742;3983;15;11313507267;S
20241018;102742;3982.5;6;11313507268;S
20241018;102744;3983;15;11313507517;S
20241018;102744;3983;75;11313507518;S
20241018;102744;3982.5;3;11313507519;S
20241018;102744;3982.5;30;11313507520;S
20241018;102744;3982.5;46;11313507521;S
20241018;102744;3982.5;5;11313507522;S
20241018;102744;3982.5;9;11313507523;S
20241018;102744;3982;14;11313507524;S
20241018;102744;3982;15;11313507525;S
20241018;102744;3982;1;11313507526;S
20241018;102744;3982;10;11313507527;S
20241018;102744;3982;10;11313507528;S
20241018;102744;3982;10;11313507529;S
20241018;102744;3982;8;11313507530;S
20241018;102744;3982;60;11313507531;S
20241018;102744;3981.5;15;11313507532;S
20241018;102744;3981.5;10;11313507533;S
20241018;102744;3981.5;10;11313507534;S
20241018;102744;3981.5;10;11313507535;S
20241018;102744;3981.5;31;11313507536;S
20241018;102744;3981;1;11313507537;S
20241018;102744;3981;7;11313507538;S
20241018;102744;3981;1;11313507539;S
20241018;102744;3981;5;11313507540;S
20241018;102744;3981;15;11313507541;S
20241018;102744;3981;60;11313507542;S
20241018;102744;3981;24;11313507543;S
20241018;102744;3981.5;5;11313507573;S
20241018;102744;3981.5;10;11313507615;S
20241018;102744;3981.5;5;11313507622;S
20241018;102744;3981.5;16;11313507623;S
20241018;102744;3981.5;30;11313507624;S
20241018;102744;3981.5;1;11313507625;S
20241018;102744;3981.5;6;11313507635;S
20241018;102745;3981.5;7;11313507709;S
20241018;102745;3983;1;11313507727;B
20241018;102745;3983;2;11313507760;B
20241018;102748;3981.5;30;11313508211;S
20241018;102748;3981.5;1;11313508235;S
20241018;102749;3982.5;20;11313508327;S
20241018;102749;3982;51;11313508328;S
20241018;102749;3982;7;11313508329;S
20241018;102749;3982;15;11313508330;S
20241018;102749;3982;10;11313508331;S
20241018;102749;3981.5;15;11313508332;S
20241018;102749;3981.5;30;11313508333;S
20241018;102749;3981.5;10;11313508334;S
20241018;102749;3981.5;63;11313508335;S
20241018;102749;3981;40;11313508336;S
20241018;102749;3981;15;11313508337;S
20241018;102749;3981;60;11313508338;S
20241018;102749;3981;60;11313508339;S
20241018;102749;3981;60;11313508340;S
20241018;102749;3980.5;1;11313508341;S
20241018;102749;3980.5;1;11313508342;S
20241018;102749;3980.5;1;11313508343;S
20241018;102749;3980.5;50;11313508344;S
20241018;102749;3980.5;1;11313508345;S
20241018;102749;3980.5;45;11313508346;S
20241018;102749;3981;20;11313508348;S
20241018;102749;3981.5;20;11313508376;S
20241018;102750;3981.5;1;11313508425;S
20241018;102750;3981.5;4;11313508426;S
20241018;102750;3981;5;11313508427;S
20241018;102750;3981;10;11313508453;S
20241018;102751;3981.5;1;11313508537;B
20241018;102751;3982.5;1;11313508538;B
20241018;102751;3983;6;11313508539;B
20241018;102751;3981;1;11313508541;S
20241018;102751;3981;1;11313508560;S
20241018;102752;3981.5;1;11313508721;S
20241018;102752;3981.5;2;11313508722;S
20241018;102752;3981;12;11313508723;S
20241018;102752;3981.5;1;11313508725;S
20241018;102752;3981;31;11313508726;S
20241018;102752;3981;13;11313508727;S
20241018;102753;3981;1;11313508800;S
20241018;102755;3981;16;11313509007;S
20241018;102755;3981;2;11313509008;S
20241018;102756;3981;61;11313509102;S
20241018;102756;3981;19;11313509103;S
20241018;102757;3982.5;1;11313509361;B
20241018;102757;3981;25;11313509377;S
20241018;102758;3981;16;11313509467;S
20241018;102758;3981;1;11313509468;S
20241018;102758;3981;30;11313509469;S
20241018;102758;3981;15;11313509470;S
20241018;102758;3980.5;13;11313509471;S
20241018;102800;3981;2;11313509767;S
20241018;102802;3981.5;1;11313509919;B
20241018;102802;3981;6;11313509997;S
20241018;102803;3981;22;11313510020;S
20241018;102803;3981;58;11313510021;S
20241018;102803;3981.5;9;11313510057;B
20241018;102803;3981.5;3;11313510058;B
20241018;102804;3981;2;11313510154;S
20241018;102804;3981;98;11313510155;S
20241018;102804;3981;3;11313510156;S
20241018;102805;3981;29;11313510266;S
20241018;102805;3981;7;11313510291;S
20241018;102805;3981;15;11313510372;S
20241018;102806;3981;80;11313510471;S
20241018;102807;3981;20;11313510606;S
20241018;102807;3981.5;3;11313510663;B
20241018;102807;3981.5;30;11313510720;S
20241018;102807;3981.5;20;11313510721;S
20241018;102807;3981.5;10;11313510722;S
20241018;102807;3983;8;11313510731;B
20241018;102808;3983;2;11313510800;B
20241018;102808;3982.5;3;11313510892;S
20241018;102808;3982;40;11313510893;S
20241018;102808;3981.5;40;11313510894;S
20241018;102808;3981.5;30;11313510895;S
20241018;102808;3981.5;30;11313510896;S
20241018;102808;3981;57;11313510897;S
20241018;102809;3982.5;20;11313511048;S
20241018;102809;3982.5;15;11313511049;S
20241018;102809;3982;15;11313511050;S
20241018;102809;3982;30;11313511051;S
20241018;102810;3983.5;1;11313511147;B
20241018;102811;3982.5;25;11313511282;S
20241018;102811;3982.5;20;11313511283;S
20241018;102811;3982.5;20;11313511284;S
20241018;102811;3982.5;3;11313511285;S
20241018;102811;3982.5;19;11313511286;S
20241018;102811;3982.5;1;11313511387;S
20241018;102811;3982.5;7;11313511388;S
20241018;102811;3982;21;11313511389;S
20241018;102811;3982;20;11313511390;S
20241018;102811;3982;30;11313511391;S
20241018;102811;3982;20;11313511392;S
20241018;102811;3982;15;11313511393;S
20241018;102812;3982;25;11313511436;S
20241018;102812;3982;60;11313511437;S
20241018;102812;3982;30;11313511438;S
20241018;102812;3981.5;85;11313511439;S
20241018;102813;3982;3;11313511539;S
20241018;102814;3982.5;19;11313511780;S
20241018;102816;3982.5;1;11313511930;S
20241018;102816;3982;4;11313511931;S
20241018;102819;3983;5;11313512259;B
20241018;102819;3982;3;11313512302;S
20241018;102819;3983;5;11313512339;B
20241018;102819;3983;5;11313512372;B
20241018;102823;3982;1;11313512797;S
20241018;102823;3982;9;11313512798;S
20241018;102823;3983;1;11313512859;B
20241018;102823;3982;21;11313512870;S
20241018;102823;3982;14;11313512871;S
20241018;102823;3982;40;11313512872;S
20241018;102824;3983;1;11313512926;B
20241018;102825;3982;2;11313513086;S
20241018;102825;3982;5;11313513087;S
20241018;102828;3982;1;11313513470;S
20241018;102829;3982.5;1;11313513578;B
20241018;102829;3982.5;9;11313513605;B
20241018;102829;3982.5;20;11313513652;B
20241018;102829;3982;31;11313513664;S
20241018;102829;3982;51;11313513665;S
20241018;102829;3981.5;115;11313513666;S
20241018;102829;3981.5;3;11313513667;S
20241018;102830;3981.5;1;11313513758;S
20241018;102833;3982;25;11313514177;S
20241018;102833;3981.5;435;11313514178;S
20241018;102833;3982;1;11313514247;B
20241018;102834;3981.5;30;11313514252;S
20241018;102836;3981.5;13;11313514538;S
20241018;102839;3982;1;11313515001;B
20241018;102841;3982;49;11313515278;B
20241018;102841;3982;1;11313515279;B
20241018;102841;3981.5;18;11313515320;S
20241018;102841;3981.5;20;11313515321;S
20241018;102841;3981.5;16;11313515322;S
20241018;102841;3981.5;3;11313515323;S
20241018;102841;3981.5;5;11313515324;S
20241018;102841;3981.5;1;11313515325;S
20241018;102842;3981.5;24;11313515359;S
20241018;102842;3981.5;20;11313515360;S
20241018;102842;3981;6;11313515361;S
20241018;102842;3981;1;11313515374;S
20241018;102842;3981.5;60;11313515398;B
20241018;102842;3981.5;15;11313515399;B
20241018;102842;3982;2;11313515400;B
20241018;102842;3982;23;11313515401;B
20241018;102842;3982;2;11313515455;B
20241018;102843;3981.5;1;11313515630;B
20241018;102845;3981.5;2;11313516002;B
20241018;102845;3981;6;11313516089;S
20241018;102845;3981;75;11313516170;S
20241018;102846;3981.5;5;11313516258;B
20241018;102849;3981.5;54;11313516857;B
20241018;102849;3981.5;20;11313516993;B
20241018;102853;3981.5;18;11313518098;B
20241018;102853;3981.5;4;11313518099;B
20241018;102854;3981.5;5;11313518230;B
20241018;102854;3981.5;1;11313518313;B
20241018;102856;3981.5;22;11313518733;B
20241018;102857;3981;74;11313518760;S
20241018;102857;3981;13;11313518862;S
20241018;102858;3981.5;2;11313519073;B
20241018;102859;3981.5;4;11313519438;B
20241018;102859;3981.5;6;11313519439;B
20241018;102900;3981.5;1;11313519513;B
20241018;102900;3981.5;1;11313519539;B
20241018;102900;3981.5;3;11313519587;B
20241018;102900;3981.5;5;11313519637;B
20241018;102900;3981;67;11313519664;S
20241018;102901;3981.5;18;11313519737;B
20241018;102902;3981.5;12;11313520092;B
20241018;102903;3981;1;11313520376;S
20241018;102904;3981.5;12;11313520425;B
20241018;102904;3981.5;12;11313520479;B
20241018;102905;3981;7;11313520715;S
20241018;102906;3981;65;11313520828;S
20241018;102907;3981.5;1;11313520909;B
20241018;102908;3981.5;15;11313521109;B
20241018;102908;3981.5;1;11313521110;B
20241018;102908;3981.5;2;11313521111;B
20241018;102908;3981.5;25;11313521112;B
20241018;102908;3981.5;7;11313521113;B
20241018;102909;3981;100;11313521214;S
20241018;102909;3981.5;1;11313521363;B
20241018;102910;3981.5;14;11313521382;B
20241018;102910;3981.5;1;11313521383;B
20241018;102911;3982;1;11313521586;B
20241018;102911;3981.5;30;11313521587;S
20241018;102911;3981;114;11313521588;S
20241018;102911;3981;131;11313521589;S
20241018;102911;3981.5;15;11313521590;B
20241018;102911;3981.5;15;11313521591;B
20241018;102911;3981.5;15;11313521592;B
20241018;102911;3981.5;15;11313521599;B
20241018;102914;3981;3;11313521928;S
20241018;102915;3981;57;11313521978;S
20241018;102915;3981.5;15;11313521979;B
20241018;102915;3981.5;25;11313521980;B
20241018;102915;3981.5;4;11313521981;B
20241018;102915;3982;32;11313521982;B
20241018;102915;3981.5;15;11313521983;B
20241018;102915;3981.5;50;11313522047;B
20241018;102916;3981;5;11313522174;S
20241018;102919;3982;12;11313522514;B
20241018;102919;3982;450;11313522602;B
20241018;102919;3982.5;71;11313522603;B
20241018;102919;3982.5;35;11313522604;B
20241018;102919;3982.5;94;11313522605;B
20241018;102919;3982.5;30;11313522606;B
20241018;102919;3983;13;11313522607;B
20241018;102919;3983;3;11313522608;B
20241018;102919;3983;4;11313522609;B
20241018;102919;3983;41;11313522610;B
20241018;102919;3983;41;11313522611;B
20241018;102919;3983;3;11313522612;B
20241018;102919;3983;18;11313522613;B
20241018;102919;3983.5;18;11313522614;B
20241018;102919;3983.5;5;11313522615;B
20241018;102919;3983.5;11;11313522616;B
20241018;102921;3984;3;11313522710;B
20241018;102922;3984;7;11313522838;B
20241018;102922;3984;8;11313522839;B
20241018;102922;3984;10;11313522843;B
20241018;102922;3983.5;15;11313522855;S
20241018;102922;3983.5;3;11313522856;S
20241018;102922;3983.5;1;11313522857;S
20241018;102922;3983;15;11313522858;S
20241018;102922;3983;36;11313522859;S
20241018;102922;3982.5;5;11313522860;S
20241018;102923;3982.5;10;11313523101;S
20241018;102923;3982.5;4;11313523102;S
20241018;102925;3983.5;1;11313523294;B
20241018;102925;3983;1;11313523395;S
20241018;102925;3983;6;11313523396;S
20241018;102925;3983.5;2;11313523505;B
20241018;102925;3983;9;11313523532;S
20241018;102925;3982.5;21;11313523533;S
20241018;102926;3982.5;11;11313523561;S
20241018;102926;3983.5;7;11313523625;B
20241018;102926;3984;12;11313523626;B
20241018;102926;3984;1;11313523627;B
20241018;102927;3984;9;11313523734;B
20241018;102927;3984;30;11313523735;B
20241018;102927;3984;14;11313523736;B
20241018;102928;3984.5;2;11313523888;B
20241018;102928;3984.5;2;11313523949;B
20241018;102929;3984.5;6;11313524124;B
20241018;102929;3984.5;15;11313524125;B
20241018;102929;3985;4;11313524126;B
20241018;102929;3984.5;2;11313524128;B
20241018;102930;3984.5;2;11313524177;B
20241018;102935;3984.5;11;11313524903;B
20241018;102935;3984.5;30;11313524904;B
20241018;102935;3984.5;9;11313524920;S
20241018;102935;3984;2;11313524921;S
20241018;102935;3984;4;11313524922;S
20241018;102935;3985;1;11313524961;B
20241018;102936;3984;6;11313525297;S
20241018;102936;3984;12;11313525298;S
20241018;102936;3984;2;11313525299;S
20241018;102938;3984;10;11313525468;S
20241018;102938;3985;5;11313525471;B
20241018;102938;3985;5;11313525472;B
20241018;102941;3985;6;11313525925;B
20241018;102942;3985;4;11313525962;B
20241018;102942;3985;12;11313525963;B
20241018;102942;3985;17;11313525964;B
20241018;102942;3985;10;11313526038;B
20241018;102943;3984;10;11313526092;B
20241018;102944;3984;10;11313526143;B
20241018;102944;3983.5;2;11313526189;S
20241018;102944;3983.5;14;11313526190;S
20241018;102944;3983.5;2;11313526191;S
20241018;102944;3983;2;11313526192;S
20241018;102944;3984;10;11313526193;B
20241018;102945;3983;7;11313526277;S
20241018;102946;3983;2;11313526469;S
20241018;102947;3984;30;11313526667;B
20241018;102949;3984;1;11313526806;B
20241018;102949;3983;39;11313526898;S
20241018;102949;3983;4;11313526899;S
20241018;102949;3982.5;30;11313526906;S
20241018;102949;3983;9;11313526944;B
20241018;102949;3983.5;21;11313526945;B
20241018;102949;3982.5;2;11313526975;S
20241018;102952;3984.5;5;11313527300;B
20241018;102957;3984;1;11313528138;B
20241018;102958;3983;1;11313528373;S
20241018;103003;3983;1;11313529147;S
20241018;103003;3983;48;11313529239;S
20241018;103003;3983;7;11313529240;S
20241018;103003;3982.5;8;11313529241;S
20241018;103003;3982.5;1;11313529242;S
20241018;103003;3982.5;10;11313529243;S
20241018;103003;3982;426;11313529244;S
20241018;103003;3982.5;15;11313529246;B
20241018;103003;3982.5;10;11313529247;B
20241018;103004;3982;1;11313529412;S
20241018;103005;3982;6;11313529655;S
20241018;103005;3982;1;11313529766;S
20241018;103006;3982.5;1;11313529907;B
20241018;103006;3982;5;11313529927;S
20241018;103007;3982.5;19;11313530064;B
20241018;103007;3982.5;11;11313530065;B
20241018;103008;3982;99;11313530321;S
20241018;103011;3982.5;1;11313530716;B
20241018;103013;3982.5;10;11313531647;B
20241018;103017;3982;12;11313533194;S
20241018;103017;3982;150;11313533195;S
20241018;103017;3982;30;11313533196;S
20241018;103017;3982;3;11313533197;S
20241018;103017;3982;1;11313533198;S
20241018;103018;3982;1;11313533319;S
20241018;103020;3982.5;1;11313533713;B
20241018;103020;3982.5;14;11313533770;B
20241018;103020;3982.5;14;11313533771;B
20241018;103021;3982;1;11313534011;S
20241018;103021;3982;1;11313534012;S
20241018;103021;3982;1;11313534013;S
20241018;103021;3982;4;11313534014;S
20241018;103021;3982;2;11313534015;S
20241018;103025;3981.5;7;11313534707;S
20241018;103027;3981.5;3;11313535016;S
20241018;103030;3981.5;10;11313535520;S
20241018;103030;3981.5;40;11313535521;S
20241018;103031;3981.5;20;11313535762;S
20241018;103031;3981.5;18;11313535763;B
20241018;103031;3981.5;2;11313535766;S
20241018;103034;3981;10;11313536594;S
20241018;103035;3981.5;5;11313536867;B
20241018;103039;3981;4;11313537443;S
20241018;103039;3981.5;5;11313537582;B
20241018;103040;3981.5;18;11313537673;B
20241018;103040;3981.5;1;11313537674;B
20241018;103040;3981.5;6;11313537675;B
20241018;103040;3981;13;11313537681;S
20241018;103042;3981.5;1;11313537914;B
20241018;103043;3981.5;19;11313538116;B
20241018;103043;3981.5;30;11313538117;B
20241018;103043;3981.5;5;11313538118;B
20241018;103043;3981.5;21;11313538119;B
20241018;103043;3982;5;11313538133;B
20241018;103043;3982;30;11313538134;B
20241018;103043;3982.5;80;11313538135;B
20241018;103043;3982.5;1;11313538136;B
20241018;103043;3982.5;20;11313538137;B
20241018;103043;3983;15;11313538138;B
20241018;103043;3983;20;11313538139;B
20241018;103043;3983;29;11313538140;B
20241018;103045;3982;7;11313538415;S
20241018;103045;3982;8;11313538480;S
20241018;103045;3982;12;11313538481;S
20241018;103046;3982;39;11313538594;S
20241018;103046;3981.5;20;11313538595;S
20241018;103049;3982.5;12;11313539176;B
20241018;103049;3983;8;11313539177;B
20241018;103050;3982;15;11313539401;S
20241018;103050;3982;11;11313539402;S
20241018;103050;3981.5;55;11313539403;S
20241018;103050;3981.5;15;11313539404;S
20241018;103050;3981.5;4;11313539405;S
20241018;103052;3983.5;30;11313539843;B
