<DATE>;<TIME>;<LAST>;<VOL>;<ID>;<OPER>
20240528;095937;237.7;10;10500114906;S
20240528;095937;237.7;10;10500114907;S
20240528;095937;237.7;10;10500114908;S
20240528;095937;237.7;20;10500114909;B
20240528;095937;237.7;10;10500114910;B
20240528;095937;237.7;10;10500114911;B
20240528;095937;237.7;20;10500114912;B
20240528;095937;237.7;20;10500114913;B
20240528;095937;237.7;20;10500114914;B
20240528;095937;237.7;10;10500114915;B
20240528;095937;237.7;30;10500114916;S
20240528;095937;237.7;30;10500114917;B
20240528;095937;237.7;10;10500114918;B
20240528;095937;237.7;10;10500114919;B
20240528;095937;237.7;80;10500114920;B
20240528;095937;237.7;10;10500114921;B
20240528;095937;237.7;730;10500114922;S
20240528;095937;237.7;60;10500114923;B
20240528;095937;237.7;130;10500114924;B
20240528;095937;237.7;60;10500114925;B
20240528;095937;237.7;20;10500114926;B
20240528;095937;237.7;10;10500114927;B
20240528;095937;237.7;20;10500114928;B
20240528;095937;237.7;10;10500114929;B
20240528;095937;237.7;60;10500114930;B
20240528;095937;237.7;10;10500114931;B
20240528;095937;237.7;110;10500114932;S
20240528;095937;237.7;10;10500114933;S
20240528;095937;237.7;2030;10500114934;B
20240528;095937;237.7;10;10500114935;B
20240528;095937;237.7;210;10500114936;B
20240528;095937;237.7;10;10500114937;B
20240528;095937;237.7;250;10500114938;B
20240528;095937;237.7;30;10500114939;B
20240528;095937;237.7;20;10500114940;B
20240528;095937;237.7;30;10500114941;B
20240528;095937;237.7;70;10500114942;S
20240528;095937;237.7;10;10500114943;S
20240528;095937;237.7;70;10500114944;S
20240528;095937;237.7;10;10500114945;S
20240528;095937;237.7;10;10500114946;S
20240528;095937;237.7;30;10500114947;B
20240528;095937;237.7;130;10500114948;B
20240528;095937;237.7;120;10500114949;B
20240528;095937;237.7;110;10500114950;S
20240528;095937;237.7;10;10500114951;S
20240528;095937;237.7;10;10500114952;B
20240528;095937;237.7;10;10500114953;B
20240528;100000;237.69;100;10500119725;B
20240528;100000;237.69;90;10500119904;B
20240528;100000;237.68;200;10500119912;S
20240528;100000;237.67;420;10500120092;B
20240528;100000;237.68;10;10500120093;B
20240528;100000;237.7;160;10500120094;B
20240528;100000;237.75;30;10500120095;B
20240528;100000;237.78;500;10500120096;B
20240528;100000;237.8;20;10500120097;B
20240528;100000;237.8;10;10500120098;B
20240528;100000;237.89;450;10500120099;B
20240528;100000;237.68;10;10500120201;S
20240528;100001;237.68;70;10500120439;S
20240528;100001;237.67;10;10500120793;B
20240528;100001;237.66;100;10500120917;S
20240528;100001;237.66;110;10500120965;S
20240528;100001;237.28;40;10500120977;S
20240528;100001;237.27;60;10500120978;S
20240528;100001;237.27;50;10500121276;S
20240528;100002;237.27;30;10500121294;S
20240528;100002;237.6;2220;10500121467;S
20240528;100002;237.61;420;10500121468;B
20240528;100002;237.62;100;10500121469;B
20240528;100002;237.62;40;10500121470;B
20240528;100002;237.33;100;10500121471;S
20240528;100002;237.72;150;10500121955;S
20240528;100002;237.3;100;10500121992;S
20240528;100002;237.66;80;10500122034;S
20240528;100003;237.22;100;10500122194;S
20240528;100003;237.11;10;10500122562;S
20240528;100003;237.1;30;10500122563;S
20240528;100003;237.65;50;10500122662;B
20240528;100004;237.67;30;10500122912;B
20240528;100004;237.12;60;10500123101;S
20240528;100004;237.67;10;10500123273;B
20240528;100005;237.67;30;10500123897;B
20240528;100005;237.67;10;10500124201;B
20240528;100005;237.35;30;10500124299;S
20240528;100005;237.67;10;10500124347;B
20240528;100005;237.67;10;10500124538;B
20240528;100005;237.2;20;10500124577;S
20240528;100005;237.55;10;10500125241;B
20240528;100006;237.32;20;10500125638;S
20240528;100006;237.32;20;10500125643;S
20240528;100006;237.34;10;10500125746;S
20240528;100006;237.55;10;10500125815;B
20240528;100006;237.55;400;10500126013;B
20240528;100006;237.56;60;10500126014;B
20240528;100006;237.68;40;10500126015;B
20240528;100006;237.68;40;10500126016;B
20240528;100006;237.7;850;10500126017;B
20240528;100006;237.71;240;10500126018;B
20240528;100006;237.68;10;10500126070;B
20240528;100007;237.37;20;10500126952;S
20240528;100007;237.68;10;10500127328;B
20240528;100007;237.68;10;10500127330;B
20240528;100007;237.42;10;10500127527;S
20240528;100008;237.36;20;10500127996;S
20240528;100008;237.68;20;10500127997;B
20240528;100008;237.44;10;10500128244;S
20240528;100009;237.17;10;10500129110;S
20240528;100009;237.16;10;10500129111;S
20240528;100010;237.35;140;10500129598;S
20240528;100010;237.45;320;10500129625;B
20240528;100010;237.47;60;10500129658;B
20240528;100010;237.36;20;10500129878;S
20240528;100010;237.26;50;10500129879;S
20240528;100010;237.47;150;10500129970;B
20240528;100010;237.47;70;10500130019;B
20240528;100011;237.27;40;10500130084;S
20240528;100015;237.41;10;10500131236;B
20240528;100016;237.4;50;10500131361;B
20240528;100016;237.41;30;10500131362;B
20240528;100018;237.4;40;10500131713;B
20240528;100022;237.68;100;10500133199;B
20240528;100023;237.4;50;10500133240;B
20240528;100024;237.28;10;10500133492;S
20240528;100024;237.24;290;10500133493;B
20240528;100024;237.31;80;10500133609;B
20240528;100026;237.36;10;10500134000;S
20240528;100026;237.39;420;10500134003;B
20240528;100026;237.39;420;10500134004;B
20240528;100026;237.39;420;10500134005;B
20240528;100026;237.4;300;10500134006;B
20240528;100040;237.6;10;10500137606;B
20240528;100040;237.6;10;10500137612;B
20240528;100042;237.59;20;10500138144;B
20240528;100042;237.59;60;10500138145;B
20240528;100053;237.6;10;10500140983;B
20240528;100054;237.6;60;10500141523;B
20240528;100055;237.52;10;10500141538;S
20240528;100055;237.59;40;10500141764;S
20240528;100057;237.59;170;10500142215;B
20240528;100058;237.6;630;10500142346;B
20240528;100058;237.63;250;10500142482;B
20240528;100058;237.63;180;10500142486;B
20240528;100058;237.79;40;10500142550;S
20240528;100058;237.69;40;10500142584;S
20240528;100059;237.79;10;10500142636;S
20240528;100059;237.66;10;10500142684;S
20240528;100059;237.79;20;10500142692;S
20240528;100059;237.67;10;10500142725;S
20240528;100059;237.79;30;10500142766;S
20240528;100103;237.67;40;10500143886;S
20240528;100103;237.67;60;10500143887;B
20240528;100104;237.79;10;10500144143;S
20240528;100104;237.79;10;10500144206;S
20240528;100107;237.67;50;10500145120;S
20240528;100107;237.67;10;10500145133;S
20240528;100109;237.67;50;10500145496;S
20240528;100110;237.68;50;10500145726;S
20240528;100111;237.73;20;10500145992;S
20240528;100111;237.67;30;10500145993;S
20240528;100112;237.77;30;10500146149;B
20240528;100112;237.77;140;10500146150;B
20240528;100112;237.78;90;10500146151;B
20240528;100112;237.67;50;10500146199;S
20240528;100113;237.68;10;10500146494;S
20240528;100113;237.67;40;10500146495;S
20240528;100114;237.79;510;10500146580;B
20240528;100114;237.8;50;10500146581;B
20240528;100114;237.8;430;10500146582;B
20240528;100114;237.8;10;10500146583;B
20240528;100114;237.8;170;10500146584;B
20240528;100114;237.81;40;10500146585;B
20240528;100114;237.86;50;10500146586;B
20240528;100114;237.86;240;10500146587;B
20240528;100114;237.69;50;10500146688;S
20240528;100115;237.71;50;10500146964;S
20240528;100116;237.71;50;10500147134;S
20240528;100117;237.7;30;10500147341;S
20240528;100117;237.69;20;10500147342;S
20240528;100118;237.69;50;10500147673;S
20240528;100119;237.7;20;10500147800;S
20240528;100119;237.69;30;10500147801;S
20240528;100119;237.83;50;10500147803;B
20240528;100119;237.83;30;10500147804;B
20240528;100119;237.85;40;10500147805;B
20240528;100125;237.77;10;10500149188;B
20240528;100125;237.83;30;10500149189;B
20240528;100125;237.84;40;10500149190;B
20240528;100125;237.84;420;10500149191;B
20240528;100130;237.83;10;10500150101;B
20240528;100130;237.85;10;10500150102;B
20240528;100130;237.85;20;10500150103;B
20240528;100130;237.85;30;10500150226;B
20240528;100130;237.85;30;10500150227;B
20240528;100130;237.85;40;10500150228;B
20240528;100134;237.72;50;10500150890;S
20240528;100137;237.7;10;10500151563;S
20240528;100137;237.69;40;10500151564;S
20240528;100139;237.79;10;10500151794;B
20240528;100139;237.8;10;10500151846;B
20240528;100139;237.81;10;10500151847;B
20240528;100145;237.81;50;10500153256;B
20240528;100146;237.72;40;10500153387;B
20240528;100153;237.75;20;10500154513;S
20240528;100155;237.8;50;10500155085;S
20240528;100202;237.75;10;10500156174;S
20240528;100202;237.74;20;10500156175;S
20240528;100207;237.75;220;10500157042;S
20240528;100208;237.79;20;10500157243;B
20240528;100215;237.75;10;10500158447;S
20240528;100219;237.8;20;10500159083;B
20240528;100219;237.8;10;10500159084;B
20240528;100222;237.75;60;10500159470;S
20240528;100223;237.75;120;10500159608;S
20240528;100223;237.75;10;10500159609;S
20240528;100223;237.74;30;10500159610;S
20240528;100223;237.74;50;10500159611;S
20240528;100223;237.73;20;10500159612;S
20240528;100223;237.72;30;10500159613;S
20240528;100223;237.59;130;10500159614;S
20240528;100224;237.72;170;10500159819;B
20240528;100224;237.72;20;10500159820;B
20240528;100224;237.75;10;10500159821;B
20240528;100225;237.62;10;10500159873;S
20240528;100233;237.74;20;10500161356;B
20240528;100234;237.74;10;10500161465;B
20240528;100234;237.74;10;10500161514;B
20240528;100237;237.71;20;10500162031;B
20240528;100237;237.71;30;10500162032;B
20240528;100240;237.63;10;10500162498;S
20240528;100240;237.61;10;10500162499;S
20240528;100240;237.6;60;10500162500;S
20240528;100241;237.67;20;10500162608;B
20240528;100241;237.67;70;10500162609;B
20240528;100241;237.68;70;10500162610;B
20240528;100241;237.66;190;10500162699;B
20240528;100241;237.6;20;10500162742;S
20240528;100241;237.58;40;10500162743;S
20240528;100241;237.53;20;10500162747;S
20240528;100242;237.48;20;10500162757;S
20240528;100242;237.46;510;10500162760;S
20240528;100242;237.44;90;10500162771;S
20240528;100242;237.44;10;10500162814;S
20240528;100242;237.44;200;10500162815;S
20240528;100242;237.41;10;10500162836;S
20240528;100242;237.37;420;10500162852;S
20240528;100242;237.33;10;10500162951;B
20240528;100243;237.31;420;10500162985;S
20240528;100243;237.3;10;10500163098;S
20240528;100244;237.3;10;10500163200;S
20240528;100244;237.3;10;10500163201;S
20240528;100244;237.3;110;10500163202;S
20240528;100247;237.3;30;10500163894;S
20240528;100247;237.29;20;10500163895;S
20240528;100247;237.29;420;10500163896;S
20240528;100247;237.19;30;10500163898;S
20240528;100247;237.19;300;10500163899;B
20240528;100247;237.23;200;10500163900;S
20240528;100247;237.23;200;10500163901;S
20240528;100247;237.23;20;10500163904;S
20240528;100247;237.21;20;10500163905;S
20240528;100247;237.2;50;10500163906;S
20240528;100247;237.18;510;10500163907;B
20240528;100247;237.2;100;10500163908;B
20240528;100247;237.19;50;10500163909;B
20240528;100247;237.18;100;10500163911;S
20240528;100250;237.29;10;10500164498;S
20240528;100254;237.24;20;10500165192;S
20240528;100255;237.28;20;10500165309;B
20240528;100256;237.34;10;10500165429;B
20240528;100257;237.3;20;10500165591;B
20240528;100258;237.32;50;10500165824;S
20240528;100300;237.35;10;10500166259;B
20240528;100301;237.39;50;10500166472;B
20240528;100301;237.39;40;10500166473;B
20240528;100301;237.4;200;10500166474;B
20240528;100301;237.55;20;10500166475;B
20240528;100301;237.55;120;10500166476;B
20240528;100302;237.56;10;10500166573;B
20240528;100307;237.39;170;10500167630;S
20240528;100307;237.38;40;10500167631;S
20240528;100308;237.54;20;10500167807;B
20240528;100308;237.54;20;10500167808;B
20240528;100309;237.5;10;10500167921;B
20240528;100309;237.54;510;10500167922;B
20240528;100309;237.55;50;10500167923;B
20240528;100309;237.55;30;10500167924;B
20240528;100314;237.58;30;10500168885;B
20240528;100324;237.58;10;10500171060;S
20240528;100329;237.59;20;10500172501;B
20240528;100329;237.6;40;10500172502;B
20240528;100329;237.62;1010;10500172503;B
20240528;100329;237.63;50;10500172504;B
20240528;100329;237.64;170;10500172505;B
20240528;100329;237.65;420;10500172506;B
20240528;100329;237.72;10;10500172507;B
20240528;100329;237.72;140;10500172508;B
20240528;100334;237.69;20;10500173454;B
20240528;100334;237.7;120;10500173455;B
20240528;100334;237.71;260;10500173456;B
20240528;100334;237.71;200;10500173498;S
20240528;100338;237.63;50;10500174717;S
20240528;100338;237.63;50;10500174718;S
20240528;100338;237.63;100;10500174719;S
20240528;100340;237.63;50;10500175173;S
20240528;100340;237.58;50;10500175174;S
20240528;100340;237.58;330;10500175175;S
20240528;100340;237.47;10;10500175176;S
20240528;100341;237.42;20;10500175312;S
20240528;100341;237.41;10;10500175313;S
20240528;100342;237.32;20;10500175581;S
20240528;100342;237.3;100;10500175703;S
20240528;100343;237.28;10;10500176009;S
20240528;100343;237.27;20;10500176082;B
20240528;100343;237.27;170;10500176083;B
20240528;100343;237.28;10;10500176084;B
20240528;100343;237.19;60;10500176192;S
20240528;100343;237.26;200;10500176220;B
20240528;100343;237.26;200;10500176413;B
20240528;100343;237.28;30;10500176578;B
20240528;100344;237.26;50;10500176597;S
20240528;100344;237.26;10;10500176598;B
20240528;100344;237.26;10;10500176599;B
20240528;100344;237.26;10;10500176600;B
20240528;100344;237.26;10;10500176601;B
20240528;100344;237.26;10;10500176602;B
20240528;100344;237.26;10;10500176603;B
20240528;100344;237.26;10;10500176604;B
20240528;100344;237.26;10;10500176605;B
20240528;100344;237.26;10;10500176606;B
20240528;100344;237.26;10;10500176607;B
20240528;100344;237.26;300;10500176608;B
20240528;100344;237.26;370;10500176609;B
20240528;100344;237.26;30;10500176610;B
20240528;100344;237.26;30;10500176612;S
20240528;100344;237.26;500;10500176613;B
20240528;100344;237.26;80;10500176614;B
20240528;100344;237.26;390;10500176615;B
20240528;100344;237.26;970;10500176616;B
20240528;100344;237.26;30;10500176617;B
20240528;100344;237.27;170;10500176618;S
20240528;100344;237.26;500;10500176619;B
20240528;100344;237.26;500;10500176620;B
20240528;100344;237.26;500;10500176621;B
20240528;100344;237.26;1000;10500176622;B
20240528;100344;237.26;150;10500176623;B
20240528;100345;237.25;200;10500176857;S
20240528;100345;237.24;10;10500177054;S
20240528;100346;237.24;160;10500177055;S
20240528;100347;237.2;10;10500177272;S
20240528;100347;237.2;20;10500177273;S
20240528;100347;237.2;160;10500177274;B
20240528;100347;237.58;20;10500177399;B
20240528;100347;237.59;20;10500177400;B
20240528;100347;237.63;10;10500177450;B
20240528;100347;237.64;50;10500177451;B
20240528;100347;237.68;10;10500177469;B
20240528;100347;237.68;10;10500177470;B
20240528;100350;237.67;20;10500177989;B
20240528;100350;237.68;30;10500177990;B
20240528;100354;237.52;10;10500179124;S
20240528;100355;237.67;20;10500179268;B
20240528;100355;237.68;50;10500179269;B
20240528;100355;237.68;20;10500179270;B
20240528;100355;237.68;10;10500179271;B
20240528;100355;237.69;200;10500179272;B
20240528;100356;237.71;10;10500179342;B
20240528;100356;237.71;190;10500179343;S
20240528;100357;237.63;10;10500179497;S
20240528;100357;237.7;90;10500179650;S
20240528;100357;237.7;110;10500179651;S
20240528;100403;237.71;10;10500180836;B
20240528;100409;237.67;10;10500181986;S
20240528;100413;237.68;20;10500182701;B
20240528;100425;237.63;20;10500185034;S
20240528;100425;237.63;10;10500185095;S
20240528;100428;237.63;10;10500185685;S
20240528;100428;237.63;200;10500185897;S
20240528;100428;237.65;20;10500185898;B
20240528;100428;237.66;30;10500185899;B
20240528;100429;237.62;20;10500185981;S
20240528;100430;237.62;10;10500186115;B
20240528;100431;237.6;150;10500186555;S
20240528;100432;237.51;10;10500186808;S
20240528;100433;237.51;40;10500186961;S
20240528;100433;237.48;50;10500186962;S
20240528;100433;237.48;20;10500186963;S
20240528;100440;237.47;50;10500188715;S
20240528;100440;237.45;20;10500188716;S
20240528;100440;237.43;50;10500188717;S
20240528;100440;237.4;200;10500188718;S
20240528;100440;237.32;20;10500188719;S
20240528;100440;237.31;170;10500188720;S
20240528;100440;237.3;800;10500188721;S
20240528;100440;237.26;260;10500188722;S
20240528;100440;237.25;980;10500188723;S
20240528;100440;237.21;300;10500188724;S
20240528;100440;237.18;150;10500188725;S
20240528;100440;237.19;10;10500188770;S
20240528;100440;237.18;70;10500188771;S
20240528;100441;237.28;10;10500189192;B
20240528;100441;237.26;40;10500189206;S
20240528;100441;237.26;30;10500189292;S
20240528;100443;237.27;10;10500189828;B
20240528;100444;237.27;10;10500189891;B
20240528;100444;237.25;10;10500189894;S
20240528;100445;237.25;10;10500190292;S
20240528;100445;237.21;20;10500190293;S
20240528;100445;237.2;40;10500190294;S
20240528;100445;237.18;30;10500190295;S
20240528;100445;237.04;10;10500190296;S
20240528;100445;237.03;50;10500190297;S
20240528;100445;237.03;1520;10500190298;S
20240528;100445;237.01;420;10500190299;S
20240528;100445;237;50;10500190300;S
20240528;100445;237;100;10500190301;S
20240528;100445;237;10;10500190302;S
20240528;100445;237;10;10500190303;S
20240528;100445;237;100;10500190304;S
20240528;100445;236.97;170;10500190305;S
20240528;100445;236.95;10;10500190306;S
20240528;100445;236.94;10;10500190307;S
20240528;100445;236.93;10;10500190308;S
20240528;100445;236.93;10;10500190309;S
20240528;100445;236.93;10;10500190310;S
20240528;100445;236.93;10;10500190311;S
20240528;100445;236.93;50;10500190312;S
20240528;100445;236.93;10;10500190313;S
20240528;100445;236.93;10;10500190314;S
20240528;100445;236.93;10;10500190315;S
20240528;100445;236.93;10;10500190316;S
20240528;100445;236.93;10;10500190317;S
20240528;100445;236.93;4000;10500190318;S
20240528;100445;236.91;30;10500190319;S
20240528;100445;236.88;10;10500190320;S
20240528;100445;236.88;120;10500190321;S
20240528;100445;236.87;170;10500190322;S
20240528;100445;236.86;10;10500190323;S
20240528;100445;236.85;420;10500190324;S
20240528;100445;236.84;420;10500190325;S
20240528;100445;236.83;420;10500190326;S
20240528;100445;236.83;10;10500190327;S
20240528;100445;236.82;420;10500190328;S
20240528;100445;236.81;420;10500190329;S
20240528;100445;236.8;420;10500190330;S
20240528;100445;236.8;20;10500190331;S
20240528;100445;236.79;420;10500190332;S
20240528;100445;236.78;420;10500190333;S
20240528;100445;236.77;420;10500190334;S
20240528;100445;236.76;420;10500190335;S
20240528;100445;236.76;10;10500190336;S
20240528;100445;236.75;420;10500190337;S
20240528;100445;236.75;10;10500190338;S
20240528;100445;236.74;420;10500190339;S
20240528;100445;236.73;420;10500190340;S
20240528;100445;236.73;800;10500190341;S
20240528;100445;236.72;420;10500190342;S
20240528;100445;236.71;420;10500190343;S
20240528;100445;236.71;10;10500190344;S
20240528;100445;236.71;10;10500190345;S
20240528;100445;236.7;420;10500190346;S
20240528;100445;236.7;10;10500190347;S
20240528;100445;236.69;420;10500190348;S
20240528;100445;236.69;10;10500190349;S
20240528;100445;236.68;420;10500190350;S
20240528;100445;236.67;420;10500190351;S
20240528;100445;236.67;1000;10500190352;S
20240528;100445;236.66;420;10500190353;S
20240528;100445;236.66;10;10500190354;S
20240528;100445;236.65;10;10500190355;S
20240528;100445;236.62;20;10500190356;S
20240528;100445;236.6;10;10500190357;S
20240528;100445;236.56;100;10500190358;S
20240528;100445;236.55;20;10500190359;S
20240528;100445;236.53;510;10500190360;S
20240528;100445;236.52;100;10500190361;S
20240528;100445;236.52;2510;10500190362;S
20240528;100445;236.5;10;10500190363;S
20240528;100445;236.5;10;10500190364;S
20240528;100445;236.46;3000;10500190365;S
20240528;100445;236.31;20;10500190366;S
20240528;100445;236.3;300;10500190367;S
20240528;100445;236.3;100;10500190368;S
20240528;100445;236.25;10;10500190369;S
20240528;100445;236.24;5000;10500190370;S
20240528;100445;236.2;30;10500190371;S
20240528;100445;236.16;10;10500190372;S
20240528;100445;236.1;840;10500190373;S
20240528;100445;236.05;20;10500190374;S
20240528;100445;236.04;210;10500190375;S
20240528;100445;236.01;40;10500190376;S
20240528;100445;236.01;30;10500190377;S
20240528;100445;236;400;10500190378;S
20240528;100445;236;30;10500190379;S
20240528;100445;236;100;10500190380;S
20240528;100445;236;10;10500190381;S
20240528;100445;236;410;10500190382;S
20240528;100445;236;2000;10500190383;S
20240528;100445;236;600;10500190384;S
20240528;100445;235.9;10;10500190385;S
20240528;100445;235.9;500;10500190386;S
20240528;100445;235.8;1000;10500190387;S
20240528;100445;235.8;840;10500190388;S
20240528;100445;235.75;10;10500190389;S
20240528;100445;235.72;420;10500190390;S
20240528;100445;235.72;210;10500190391;S
20240528;100445;235.71;420;10500190392;S
20240528;100445;235.7;420;10500190393;S
20240528;100445;235.7;120;10500190394;S
20240528;100445;235.69;420;10500190395;S
20240528;100445;235.68;420;10500190396;S
20240528;100445;235.67;420;10500190397;S
20240528;100445;235.66;420;10500190398;S
20240528;100445;235.66;10;10500190399;S
20240528;100445;235.65;420;10500190400;S
20240528;100445;235.65;840;10500190401;S
20240528;100445;235.64;420;10500190402;S
20240528;100445;235.63;420;10500190403;S
20240528;100445;235.61;30;10500190404;S
20240528;100445;235.6;10;10500190405;S
20240528;100445;235.53;50;10500190406;S
20240528;100445;235.51;30;10500190407;S
20240528;100445;235.51;30;10500190408;S
20240528;100445;235.51;1210;10500190409;S
20240528;100445;235.5;4220;10500190410;S
20240528;100445;235.5;50;10500190411;S
20240528;100445;235.5;770;10500190412;S
20240528;100445;235.4;1000;10500190413;S
20240528;100445;235.35;10;10500190414;S
20240528;100445;235.3;10;10500190415;S
20240528;100445;235.3;10;10500190416;S
20240528;100445;235.3;1500;10500190417;S
20240528;100445;235.3;200;10500190418;S
20240528;100445;235.25;100;10500190419;S
20240528;100445;235.16;10;10500190420;S
20240528;100445;235.13;10;10500190421;S
20240528;100445;235.12;10;10500190422;S
20240528;100445;235.1;10;10500190423;S
20240528;100445;235.1;10;10500190424;S
20240528;100445;235.06;20;10500190425;S
20240528;100445;235.05;500;10500190426;S
20240528;100445;235.05;10;10500190427;S
20240528;100445;235.05;20;10500190428;S
20240528;100445;235.04;10;10500190429;S
20240528;100445;235.03;200;10500190430;S
20240528;100445;235.03;800;10500190431;S
20240528;100445;235.01;50;10500190432;S
20240528;100445;235.01;50;10500190433;S
20240528;100445;235.01;10;10500190434;S
20240528;100445;235;20;10500190435;S
20240528;100445;235;180;10500190436;S
20240528;100445;235;10;10500190437;S
20240528;100445;235;10;10500190438;S
20240528;100445;235;250;10500190439;S
20240528;100445;235;200;10500190440;S
20240528;100445;235;200;10500190441;S
20240528;100445;235;100;10500190442;S
20240528;100445;235;10;10500190443;S
20240528;100445;235;200;10500190444;S
20240528;100445;235;150;10500190445;S
20240528;100445;235;10;10500190446;S
20240528;100445;235;4000;10500190447;S
20240528;100445;234.99;10;10500190458;S
20240528;100445;234.99;20;10500190459;S
20240528;100445;234.94;230;10500190460;S
20240528;100445;235;4900;10500190461;B
20240528;100445;235;200;10500190462;B
20240528;100445;234.9;70;10500190463;S
20240528;100445;234.98;200;10500190480;B
20240528;100445;234.99;70;10500190481;B
20240528;100445;235;1580;10500190482;B
20240528;100445;234.99;60;10500190485;B
20240528;100445;235;1210;10500190486;B
20240528;100445;234.99;160;10500190494;B
20240528;100445;235;770;10500190495;B
20240528;100445;235;30;10500190496;B
20240528;100445;235;110;10500190497;B
20240528;100446;234.96;100;10500190505;S
20240528;100446;234.99;20;10500190514;B
20240528;100446;234.99;110;10500190519;B
20240528;100446;235;11890;10500190520;B
20240528;100446;235;10;10500190521;B
20240528;100446;235;1000;10500190522;B
20240528;100446;234.96;10;10500190523;S
20240528;100446;235;3000;10500190529;B
20240528;100446;234.97;370;10500190535;S
20240528;100446;235;30;10500190541;B
20240528;100446;234.98;510;10500190574;S
20240528;100446;234.97;1830;10500190575;S
20240528;100446;234.97;190;10500190576;S
20240528;100446;234.96;170;10500190577;S
20240528;100446;234.95;620;10500190578;S
20240528;100446;234.95;260;10500190579;S
20240528;100446;234.91;70;10500190580;S
20240528;100446;234.9;1350;10500190581;S
20240528;100446;235;20;10500190582;B
20240528;100446;234.9;690;10500190583;S
20240528;100446;234.9;160;10500190584;S
20240528;100446;234.9;50;10500190585;S
20240528;100446;234.98;60;10500190586;S
20240528;100446;234.99;70;10500190602;B
20240528;100446;234.99;420;10500190603;B
20240528;100446;235;2510;10500190604;B
20240528;100446;234.99;30;10500190605;B
20240528;100446;234.91;510;10500190607;S
20240528;100446;234.9;80;10500190608;S
20240528;100446;234.9;50;10500190609;S
20240528;100446;234.98;450;10500190611;B
20240528;100446;234.91;20;10500190612;S
20240528;100446;234.91;450;10500190613;S
20240528;100446;234.9;1050;10500190614;S
20240528;100446;234.98;450;10500190615;B
20240528;100446;234.98;130;10500190616;B
20240528;100446;234.98;170;10500190617;B
20240528;100446;235;10;10500190618;B
20240528;100446;234.97;40;10500190627;S
20240528;100446;234.91;360;10500190628;S
20240528;100446;234.91;10;10500190630;S
20240528;100446;234.99;10;10500190631;B
20240528;100446;234.99;200;10500190632;B
20240528;100446;234.91;60;10500190639;S
20240528;100446;234.91;30;10500190640;S
20240528;100446;234.91;10;10500190642;S
20240528;100446;234.99;40;10500190643;B
20240528;100446;234.99;260;10500190644;B
20240528;100446;234.99;20;10500190645;B
20240528;100446;235;220;10500190646;B
20240528;100446;234.92;80;10500190647;S
20240528;100446;234.91;400;10500190648;S
20240528;100446;234.9;170;10500190649;S
20240528;100446;234.99;260;10500190665;B
20240528;100446;235;330;10500190666;B
20240528;100446;234.99;130;10500190668;B
20240528;100446;235;20;10500190669;B
20240528;100446;235;30;10500190676;B
20240528;100446;235;20;10500190678;B
20240528;100446;235;10;10500190686;B
20240528;100446;235;6570;10500190692;B
20240528;100446;235;10;10500190693;B
20240528;100446;235;10;10500190694;B
20240528;100446;235;50;10500190696;B
20240528;100446;235;210;10500190697;B
20240528;100446;234.96;20;10500190698;S
20240528;100446;235;10;10500190700;B
20240528;100446;234.96;490;10500190701;S
20240528;100446;234.96;170;10500190702;S
20240528;100446;234.95;590;10500190703;S
20240528;100446;234.99;30;10500190705;B
20240528;100446;234.95;10;10500190715;S
20240528;100446;234.95;50;10500190730;S
20240528;100446;234.9;290;10500190731;S
20240528;100446;234.99;10;10500190740;B
20240528;100447;234.97;40;10500190754;B
20240528;100447;234.98;420;10500190755;B
20240528;100447;234.99;320;10500190756;B
20240528;100447;235;9220;10500190757;B
20240528;100447;234.98;20;10500190780;B
20240528;100447;234.99;420;10500190781;B
20240528;100447;235;9560;10500190782;B
20240528;100447;235;12000;10500190794;B
20240528;100447;235;10000;10500190799;B
20240528;100447;235;10;10500190815;B
20240528;100447;235;2500;10500190821;B
20240528;100447;235;10000;10500190823;B
20240528;100447;235;220;10500190824;B
20240528;100447;235;170;10500190825;B
20240528;100447;235;10000;10500190826;B
20240528;100447;235;500;10500190833;B
20240528;100447;235;10;10500190840;B
20240528;100447;235;300;10500190842;B
20240528;100447;235;1880;10500190844;B
20240528;100447;235;10000;10500190846;B
20240528;100447;234.97;20;10500190852;S
20240528;100447;235;20;10500190884;B
20240528;100447;235;20;10500190888;B
20240528;100447;235;590;10500190889;B
20240528;100447;235;3380;10500190890;B
20240528;100447;235;28760;10500190891;B
20240528;100447;235;29050;10500190892;B
20240528;100447;235.03;70;10500190893;B
20240528;100447;235.04;350;10500190894;B
20240528;100447;235.18;420;10500190897;B
20240528;100447;235.18;420;10500190899;B
20240528;100447;235.18;150;10500190901;B
20240528;100447;235.51;40;10500190909;S
20240528;100447;235.65;40;10500190910;B
20240528;100447;235.49;390;10500190919;S
20240528;100447;235.49;10;10500190920;S
20240528;100447;235.72;170;10500190923;B
20240528;100447;235.74;170;10500190925;B
20240528;100447;235.75;170;10500190927;B
20240528;100447;235.76;170;10500190930;B
20240528;100447;235.78;70;10500190931;B
20240528;100447;235.8;170;10500190934;B
20240528;100447;235.81;10;10500190935;B
20240528;100447;235.81;20;10500190936;B
20240528;100447;235.77;20;10500190955;B
20240528;100447;235.81;50;10500190964;B
20240528;100447;235.81;220;10500190965;B
20240528;100447;235.81;80;10500190966;B
20240528;100447;235.81;30;10500190967;B
20240528;100447;235.82;150;10500190968;B
20240528;100447;235.73;30;10500191014;S
20240528;100447;235.83;420;10500191021;B
20240528;100447;235.83;420;10500191022;B
20240528;100447;235.83;420;10500191026;B
20240528;100447;235.83;420;10500191027;B
20240528;100447;235.83;420;10500191028;B
20240528;100447;235.83;420;10500191029;B
20240528;100448;235.83;420;10500191031;B
20240528;100448;235.83;420;10500191035;B
20240528;100448;235.83;140;10500191036;B
20240528;100448;235.82;420;10500191098;S
20240528;100448;235.81;170;10500191099;S
20240528;100448;235.81;200;10500191100;S
20240528;100448;235.79;1160;10500191101;S
20240528;100448;235.78;70;10500191102;S
20240528;100448;235.71;70;10500191103;S
20240528;100448;235.65;800;10500191104;S
20240528;100448;235.55;100;10500191105;S
20240528;100448;235.51;850;10500191106;S
20240528;100448;235.5;1200;10500191107;S
20240528;100448;235.48;4000;10500191108;S
20240528;100448;235.45;10;10500191109;S
20240528;100448;235.42;220;10500191110;S
20240528;100448;235.42;410;10500191111;B
20240528;100448;235.42;420;10500191112;B
20240528;100448;235.42;370;10500191116;B
20240528;100448;235.42;190;10500191117;B
20240528;100448;235.42;1340;10500191118;B
20240528;100448;235.86;120;10500191164;B
20240528;100448;235.85;10;10500191167;S
20240528;100448;235.85;10;10500191168;S
20240528;100448;235.85;10;10500191169;S
20240528;100448;235.85;10;10500191170;S
20240528;100448;235.79;10;10500191171;S
20240528;100448;235.8;30;10500191391;S
20240528;100448;235.8;20;10500191394;S
20240528;100448;235.79;80;10500191395;S
20240528;100448;235.88;30;10500191463;B
20240528;100448;235.79;330;10500191477;S
20240528;100448;235.79;10;10500191478;S
20240528;100448;235.79;70;10500191479;S
20240528;100448;235.78;40;10500191480;S
20240528;100448;235.75;200;10500191481;S
20240528;100448;235.75;380;10500191482;S
20240528;100448;235.58;170;10500191483;S
20240528;100448;235.53;70;10500191484;S
20240528;100448;235.48;420;10500191485;B
20240528;100448;235.48;200;10500191504;B
20240528;100449;235.48;40;10500191530;B
20240528;100449;235.43;50;10500191580;S
20240528;100449;235.43;180;10500191581;S
20240528;100449;235.42;40;10500191582;S
20240528;100449;235.43;40;10500191663;S
20240528;100449;235.48;10;10500191864;B
20240528;100449;235.44;50;10500191872;S
20240528;100450;235.44;20;10500191931;S
20240528;100450;235.44;40;10500191932;S
20240528;100452;235.59;20;10500192577;B
20240528;100452;235.47;50;10500192580;S
20240528;100452;235.46;50;10500192581;S
20240528;100453;235.45;90;10500192645;S
20240528;100453;235.45;10;10500192769;S
20240528;100453;235.45;70;10500192770;S
20240528;100454;235.45;70;10500192859;S
20240528;100455;235.45;60;10500193151;S
20240528;100455;235.45;220;10500193168;S
20240528;100455;235.44;30;10500193169;S
20240528;100455;235.4;10;10500193170;S
20240528;100455;235.4;10;10500193171;S
20240528;100455;235.33;100;10500193172;S
20240528;100455;235.28;10;10500193173;S
20240528;100455;235.28;20;10500193274;S
20240528;100455;235.23;10;10500193275;S
20240528;100455;235.22;20;10500193276;S
20240528;100455;235.18;150;10500193277;S
20240528;100455;235.18;40;10500193343;S
20240528;100457;235.37;170;10500193669;B
20240528;100457;235.42;10;10500193670;B
20240528;100457;235.29;20;10500193708;S
20240528;100458;235.42;10;10500194124;B
20240528;100458;235.42;200;10500194166;B
20240528;100459;235.42;10;10500194171;B
20240528;100459;235.29;10;10500194287;S
20240528;100459;235.42;40;10500194433;B
20240528;100500;235.42;20;10500194572;B
20240528;100500;235.42;10;10500194607;B
20240528;100500;235.36;30;10500194685;S
20240528;100500;235.36;220;10500194730;S
20240528;100500;235.3;10;10500194731;S
20240528;100500;235.29;10;10500194732;S
20240528;100500;235.21;40;10500194760;B
20240528;100501;235.17;560;10500194926;S
20240528;100501;235.16;420;10500194927;S
20240528;100501;235.15;40;10500194928;S
20240528;100501;235.13;100;10500194929;S
20240528;100501;235.11;10;10500194930;S
20240528;100501;235.1;100;10500194931;S
20240528;100501;235.08;10;10500194932;S
20240528;100501;235.07;70;10500194933;S
20240528;100501;235.03;170;10500194934;S
20240528;100501;235.01;10;10500194935;S
20240528;100501;235.01;850;10500194936;S
20240528;100501;235;50;10500194937;S
20240528;100501;235;100;10500194938;S
20240528;100501;235;10;10500194939;S
20240528;100501;235;10;10500194940;S
20240528;100501;235;1000;10500194941;S
20240528;100501;235;310;10500194942;S
20240528;100501;235;250;10500194943;S
20240528;100501;235;400;10500194944;S
20240528;100501;235;10;10500194945;S
20240528;100501;235;10;10500194946;S
20240528;100501;235;40;10500194947;S
20240528;100501;235;20;10500194948;S
20240528;100501;235;570;10500194949;S
20240528;100501;235;10;10500194950;S
20240528;100501;234.97;10;10500194975;S
20240528;100501;234.98;170;10500195180;B
20240528;100501;235;250;10500195181;B
20240528;100501;234.91;280;10500195283;S
20240528;100501;234.9;320;10500195284;S
20240528;100502;234.98;60;10500195374;B
20240528;100502;234.98;110;10500195413;B
20240528;100502;235;2890;10500195414;B
20240528;100502;234.98;50;10500195542;B
20240528;100502;234.99;30;10500195543;B
20240528;100502;234.95;140;10500195548;S
20240528;100502;234.94;10;10500195549;S
20240528;100502;234.92;50;10500195550;S
20240528;100502;234.91;10;10500195808;S
20240528;100502;234.9;40;10500195809;S
20240528;100502;234.92;20;10500195850;S
20240528;100502;234.93;20;10500195853;B
20240528;100502;234.91;40;10500195877;S
20240528;100502;234.91;30;10500195878;S
20240528;100502;234.9;30;10500195879;S
20240528;100503;234.93;70;10500195976;B
20240528;100503;234.91;40;10500196195;S
20240528;100503;234.91;20;10500196197;S
20240528;100503;234.9;50;10500196256;S
20240528;100503;234.9;40;10500196257;S
20240528;100503;234.91;10;10500196258;S
20240528;100504;234.89;10;10500196611;S
20240528;100504;234.88;10;10500196619;S
20240528;100504;234.86;240;10500196620;S
20240528;100504;234.9;10;10500196632;S
20240528;100504;234.86;30;10500196655;S
20240528;100505;234.86;560;10500196681;S
20240528;100505;234.92;20;10500196884;B
20240528;100506;234.93;10;10500197045;B
20240528;100506;234.93;10;10500197320;B
20240528;100506;234.92;130;10500197325;S
20240528;100507;234.92;20;10500197490;S
20240528;100507;234.93;10;10500197503;B
20240528;100507;234.93;10;10500197536;B
20240528;100508;234.9;10;10500197794;S
20240528;100509;234.93;220;10500198324;B
20240528;100509;234.93;170;10500198325;B
20240528;100509;234.93;420;10500198326;B
20240528;100509;234.95;70;10500198327;B
20240528;100509;234.99;1520;10500198328;B
20240528;100509;235;3860;10500198329;B
20240528;100510;234.88;500;10500198598;S
20240528;100512;234.98;20;10500199203;B
20240528;100512;234.97;10;10500199209;S
20240528;100512;234.98;10;10500199243;B
20240528;100512;234.97;50;10500199289;S
20240528;100512;234.97;120;10500199290;S
20240528;100512;234.92;510;10500199291;S
20240528;100512;234.92;850;10500199292;S
20240528;100512;234.91;10000;10500199293;S
20240528;100512;234.87;10;10500199294;S
20240528;100512;234.86;970;10500199295;S
20240528;100512;234.85;10;10500199296;S
20240528;100512;234.83;60;10500199308;S
20240528;100512;234.83;60;10500199309;S
20240528;100512;234.89;100;10500199317;B
20240528;100513;234.89;10;10500199375;B
20240528;100513;234.89;10;10500199378;B
20240528;100513;234.83;10;10500199491;S
20240528;100513;234.8;10;10500199492;S
20240528;100513;234.8;20;10500199493;S
20240528;100513;234.75;10;10500199494;S
20240528;100513;234.75;10;10500199495;S
20240528;100513;234.75;10;10500199496;S
20240528;100513;234.75;10;10500199497;S
20240528;100513;234.74;10;10500199539;S
20240528;100513;234.71;10;10500199540;S
20240528;100513;234.7;50;10500199543;S
20240528;100513;234.69;50;10500199544;S
20240528;100513;234.69;200;10500199545;S
20240528;100513;234.66;10;10500199546;S
20240528;100513;234.7;10;10500199561;S
20240528;100513;234.6;10;10500199593;S
20240528;100513;234.58;490;10500199594;S
20240528;100513;234.58;50;10500199605;S
20240528;100513;234.58;10;10500199619;S
20240528;100513;234.61;40;10500199696;S
20240528;100513;234.62;10;10500199765;B
20240528;100513;234.61;10;10500199773;S
20240528;100513;234.59;20;10500199774;S
20240528;100513;234.62;10;10500199799;B
20240528;100513;234.59;50;10500199812;S
20240528;100513;234.59;40;10500199813;S
20240528;100514;234.59;70;10500199822;S
20240528;100514;234.56;30;10500199823;S
20240528;100514;234.56;480;10500199827;S
20240528;100514;234.55;220;10500199828;S
20240528;100514;234.58;50;10500199840;S
20240528;100514;234.6;10;10500199851;B
20240528;100514;234.57;20;10500199859;S
20240528;100514;234.6;10;10500199860;B
20240528;100514;234.6;10;10500199874;B
20240528;100514;234.57;60;10500199927;S
20240528;100514;234.6;40;10500199940;B
20240528;100514;234.62;30;10500199941;B
20240528;100514;234.57;10;10500199943;S
20240528;100514;234.57;130;10500199944;S
20240528;100514;234.56;20;10500199945;S
20240528;100514;234.56;250;10500199946;S
20240528;100514;234.62;10;10500199947;B
20240528;100514;234.56;60;10500199956;S
20240528;100514;234.62;10;10500199957;B
20240528;100514;234.56;50;10500199961;S
20240528;100514;234.56;80;10500199962;S
20240528;100514;234.62;50;10500199967;B
20240528;100514;234.62;50;10500199968;B
20240528;100514;234.62;50;10500200002;B
20240528;100514;234.63;10;10500200022;S
20240528;100514;234.66;10;10500200053;B
20240528;100514;234.67;380;10500200054;B
20240528;100514;234.63;40;10500200081;S
20240528;100514;234.7;20;10500200084;B
20240528;100514;234.68;220;10500200106;S
20240528;100514;234.58;20;10500200110;S
20240528;100514;234.56;170;10500200111;S
20240528;100516;234.67;100;10500200410;B
20240528;100516;234.69;10;10500200569;B
20240528;100516;234.59;10;10500200602;S
20240528;100516;234.58;10;10500200603;S
20240528;100516;234.57;50;10500200604;S
20240528;100516;234.56;420;10500200605;S
20240528;100516;234.56;10;10500200606;S
20240528;100516;234.56;510;10500200693;S
20240528;100516;234.56;510;10500200694;S
20240528;100516;234.55;2340;10500200696;S
20240528;100516;234.55;440;10500200697;S
20240528;100516;234.56;510;10500200698;S
20240528;100517;234.51;510;10500200932;S
20240528;100517;234.5;100;10500200958;S
20240528;100517;234.5;10;10500200959;S
20240528;100517;234.5;230;10500200960;S
20240528;100517;234.5;10;10500200961;S
20240528;100517;234.5;100;10500200962;S
20240528;100517;234.5;10;10500200963;S
20240528;100517;234.5;30;10500200964;S
20240528;100517;234.5;200;10500200965;S
20240528;100517;234.48;300;10500201027;S
20240528;100517;234.46;720;10500201033;S
20240528;100517;234.53;10;10500201034;B
20240528;100517;234.46;240;10500201056;S
20240528;100517;234.34;10;10500201057;S
20240528;100517;234.33;10;10500201058;S
20240528;100517;234.32;90;10500201059;S
20240528;100517;234.32;70;10500201060;S
20240528;100517;234.31;30;10500201061;S
20240528;100517;234.31;40;10500201063;S
20240528;100517;234.3;50;10500201064;S
20240528;100517;234.3;100;10500201065;S
20240528;100517;234.28;70;10500201066;S
20240528;100517;234.27;140;10500201067;S
20240528;100517;234.27;50;10500201068;S
20240528;100517;234.27;40;10500201069;S
20240528;100517;234.27;120;10500201070;S
20240528;100517;234.27;50;10500201071;S
20240528;100517;234.27;50;10500201072;S
20240528;100517;234.27;510;10500201075;S
20240528;100517;234.25;10;10500201076;S
20240528;100517;234.25;40;10500201077;S
20240528;100517;234.24;40;10500201078;S
20240528;100517;234.24;60;10500201079;S
20240528;100517;234.23;10;10500201080;S
20240528;100517;234.16;10;10500201081;S
20240528;100517;234.16;10;10500201082;S
20240528;100517;234.15;50;10500201083;S
20240528;100517;234.12;60;10500201084;S
20240528;100517;234.12;10;10500201085;S
20240528;100517;234.1;10;10500201086;S
20240528;100517;234.1;10;10500201087;S
20240528;100517;234.1;10;10500201088;S
20240528;100517;234.09;10;10500201089;S
20240528;100517;234.09;70;10500201090;S
20240528;100517;234.08;40;10500201091;S
20240528;100517;234.08;120;10500201092;S
20240528;100517;234.08;50;10500201093;S
20240528;100517;234.08;40;10500201094;S
20240528;100517;234.06;80;10500201095;S
20240528;100517;234.17;10;10500201096;B
20240528;100517;234.17;160;10500201097;B
20240528;100517;234.2;80;10500201098;B
20240528;100517;234.28;20;10500201099;B
20240528;100517;234.32;750;10500201100;B
20240528;100517;234.33;230;10500201101;B
20240528;100517;234.06;50;10500201103;S
20240528;100517;234.13;50;10500201114;S
20240528;100517;234.13;40;10500201117;S
20240528;100517;234.06;330;10500201118;S
20240528;100517;234.16;50;10500201147;S
20240528;100517;234.16;50;10500201152;S
20240528;100517;234.16;90;10500201223;S
20240528;100517;234.16;50;10500201224;S
20240528;100518;234.23;10;10500201308;B
20240528;100518;234.16;150;10500201309;S
20240528;100518;234.23;50;10500201310;B
20240528;100518;234.16;100;10500201311;S
20240528;100518;234.16;290;10500201312;S
20240528;100518;234.16;80;10500201313;S
20240528;100518;234.16;50;10500201315;S
20240528;100518;234.16;100;10500201316;S
20240528;100518;234.16;150;10500201317;S
20240528;100518;234.16;100;10500201318;S
20240528;100518;234.16;60;10500201319;S
20240528;100518;234.16;250;10500201320;S
20240528;100518;234.16;100;10500201321;S
20240528;100518;234.16;100;10500201322;S
20240528;100518;234.16;220;10500201323;S
20240528;100518;234.23;50;10500201324;B
20240528;100518;234.16;50;10500201325;S
20240528;100518;234.16;100;10500201326;S
20240528;100518;234.16;50;10500201327;S
20240528;100518;234.16;220;10500201328;S
20240528;100518;234.16;150;10500201329;S
20240528;100518;234.16;60;10500201330;S
20240528;100518;234.16;40;10500201331;S
20240528;100518;234.16;10;10500201332;S
20240528;100518;234.1;60;10500201333;S
20240528;100518;234.1;10;10500201334;S
20240528;100518;234.1;10;10500201335;S
20240528;100518;234.06;20;10500201336;S
20240528;100518;234.06;60;10500201337;S
20240528;100518;234.06;200;10500201338;S
20240528;100518;234.06;60;10500201339;S
20240528;100518;234.06;200;10500201340;S
20240528;100518;234.06;60;10500201341;S
20240528;100518;234.06;50;10500201342;S
20240528;100518;234.06;50;10500201343;S
20240528;100518;234.06;10;10500201344;S
20240528;100518;234.06;300;10500201345;S
20240528;100518;234.06;50;10500201346;S
20240528;100518;234.06;100;10500201347;S
20240528;100518;234.05;1540;10500201348;S
20240528;100518;234.02;760;10500201349;S
20240528;100518;234.02;10;10500201350;S
20240528;100518;234.02;90;10500201351;S
20240528;100518;234.02;30;10500201353;S
20240528;100518;234.02;500;10500201354;S
20240528;100518;234.02;90;10500201355;S
20240528;100518;234.14;10;10500201356;B
20240528;100518;234.02;80;10500201357;S
20240528;100518;234.14;10;10500201367;B
20240528;100518;234.02;160;10500201368;S
20240528;100518;234.02;10;10500201369;S
20240528;100518;234.02;10;10500201370;S
20240528;100518;234.02;240;10500201371;S
20240528;100518;234.03;10;10500201373;S
20240528;100518;234.02;10;10500201374;S
20240528;100518;234.02;10;10500201375;S
20240528;100518;234.02;90;10500201376;S
20240528;100518;234.02;50;10500201377;S
20240528;100518;234.02;100;10500201378;S
20240528;100518;234.02;60;10500201379;S
20240528;100518;234.02;10;10500201380;S
20240528;100518;234.01;50;10500201381;S
20240528;100518;234.01;180;10500201382;S
20240528;100518;234.01;120;10500201383;S
20240528;100518;234;10;10500201384;S
20240528;100518;234;10;10500201385;S
20240528;100518;234;10;10500201386;S
20240528;100518;234;10;10500201387;S
20240528;100518;234;10;10500201388;S
20240528;100518;234;50;10500201389;S
20240528;100518;234;200;10500201390;S
20240528;100518;234;30;10500201391;S
20240528;100518;234;50;10500201392;S
20240528;100518;234;60;10500201393;S
20240528;100518;234;40;10500201395;S
20240528;100518;234;10;10500201396;S
20240528;100518;234;10;10500201397;S
20240528;100518;234;40;10500201398;S
20240528;100518;234;200;10500201399;S
20240528;100518;234;50;10500201400;S
20240528;100518;234;50;10500201401;S
20240528;100518;234;50;10500201402;S
20240528;100518;234;30;10500201403;S
20240528;100518;234;50;10500201404;S
20240528;100518;234;10;10500201405;S
20240528;100518;234;10;10500201406;S
20240528;100518;234;50;10500201407;S
20240528;100518;234;100;10500201408;S
20240528;100518;234;150;10500201409;S
20240528;100518;234;150;10500201410;S
20240528;100518;234;50;10500201411;S
20240528;100518;234;50;10500201412;S
20240528;100518;234;100;10500201413;S
20240528;100518;234;10;10500201414;S
20240528;100518;234;100;10500201415;S
20240528;100518;234;20;10500201416;S
20240528;100518;233.89;80;10500201417;S
20240528;100518;233.88;10;10500201418;S
20240528;100518;233.75;60;10500201419;S
20240528;100518;233.7;70;10500201420;S
20240528;100518;233.7;80;10500201423;S
20240528;100518;233.7;20;10500201424;S
20240528;100518;233.84;100;10500201426;S
20240528;100518;233.84;100;10500201427;S
20240528;100518;233.7;30;10500201428;S
20240528;100518;233.7;20;10500201429;S
20240528;100518;233.7;40;10500201430;S
20240528;100518;233.7;200;10500201431;S
20240528;100518;233.66;10;10500201432;S
20240528;100518;233.61;10;10500201433;S
20240528;100518;233.6;10;10500201434;S
20240528;100518;233.54;80;10500201435;S
20240528;100518;233.52;90;10500201436;S
20240528;100518;233.52;50;10500201438;S
20240528;100518;233.67;100;10500201439;S
20240528;100518;233.53;80;10500201440;S
20240528;100518;233.52;50;10500201441;S
20240528;100518;233.52;220;10500201442;S
20240528;100518;233.68;80;10500201445;B
20240528;100518;233.52;350;10500201447;S
20240528;100518;233.65;50;10500201468;B
20240528;100518;233.52;400;10500201469;S
20240528;100518;233.65;20;10500201471;B
20240528;100518;233.65;40;10500201474;B
20240528;100518;233.53;50;10500201482;S
20240528;100518;233.52;130;10500201483;S
20240528;100518;233.52;40;10500201484;S
20240528;100518;233.54;20;10500201489;B
20240528;100518;233.52;670;10500201501;S
20240528;100518;233.51;300;10500201502;S
20240528;100518;233.5;10;10500201503;S
20240528;100518;233.5;10;10500201504;S
20240528;100518;233.5;110;10500201505;S
20240528;100518;233.54;20;10500201506;B
20240528;100518;233.5;160;10500201511;S
20240528;100518;233.5;10;10500201520;S
20240528;100518;233.5;20;10500201521;S
20240528;100518;233.5;70;10500201559;S
20240528;100518;233.5;30;10500201566;S
20240528;100518;233.5;50;10500201567;S
20240528;100518;233.47;10;10500201568;S
20240528;100518;233.45;20;10500201569;S
20240528;100518;233.37;90;10500201570;S
20240528;100518;233.36;10;10500201571;S
20240528;100518;233.36;60;10500201572;S
20240528;100518;233.35;180;10500201573;S
20240528;100518;233.35;120;10500201577;S
20240528;100518;233.34;10;10500201578;S
20240528;100518;233.25;10;10500201579;S
20240528;100518;233.25;110;10500201580;S
20240528;100518;233.25;120;10500201581;S
20240528;100518;233.25;100;10500201585;S
20240528;100518;233.25;200;10500201586;S
20240528;100518;233.25;50;10500201587;S
20240528;100518;233.25;40;10500201588;S
20240528;100518;233.25;50;10500201589;S
20240528;100518;233.25;50;10500201591;S
20240528;100518;233.25;40;10500201593;S
20240528;100518;233.25;40;10500201594;S
20240528;100518;233.23;50;10500201595;S
20240528;100518;233.21;30;10500201596;S
20240528;100518;233.21;100;10500201597;S
20240528;100518;233.21;50;10500201599;B
20240528;100518;233.41;80;10500201600;B
20240528;100518;233.3;20;10500201601;S
20240528;100518;233.18;100;10500201604;S
20240528;100518;233.18;20;10500201605;S
20240528;100518;233.21;20;10500201606;B
20240528;100518;233.18;50;10500201607;S
20240528;100518;233.18;80;10500201608;S
20240528;100518;233.18;30;10500201609;S
20240528;100518;233.18;60;10500201610;S
20240528;100518;233.18;80;10500201611;S
20240528;100518;233.17;10;10500201612;S
20240528;100518;233.16;10;10500201613;S
20240528;100518;233.21;10;10500201615;B
20240528;100518;233.4;10;10500201616;B
20240528;100518;233.26;30;10500201617;S
20240528;100518;233.15;20;10500201618;S
20240528;100518;233.21;10;10500201619;B
20240528;100518;233.15;30;10500201621;S
20240528;100518;233.11;20;10500201622;S
20240528;100518;233.21;10;10500201623;B
20240528;100518;233.21;20;10500201624;B
20240528;100518;233.21;30;10500201625;B
20240528;100518;233.4;160;10500201626;B
20240528;100518;233.45;420;10500201627;B
20240528;100518;233.54;70;10500201628;B
20240528;100518;233.55;80;10500201629;B
20240528;100518;233.62;1520;10500201630;B
20240528;100518;233.64;220;10500201631;B
20240528;100518;233.11;30;10500201632;S
20240528;100518;233.08;50;10500201633;S
20240528;100518;233.08;100;10500201634;S
20240528;100518;233.51;10;10500201635;B
20240528;100518;233.22;20;10500201636;S
20240528;100518;233.09;10;10500201637;S
20240528;100518;233.15;80;10500201638;S
20240528;100518;233.15;20;10500201639;S
20240528;100518;233.15;70;10500201640;S
20240528;100518;233.05;20;10500201641;S
20240528;100518;233.2;10;10500201642;B
20240528;100518;233.18;20;10500201643;S
20240528;100518;233.08;130;10500201644;S
20240528;100518;233.2;40;10500201645;B
20240528;100518;233.21;60;10500201646;B
20240528;100518;233.08;40;10500201647;S
20240528;100518;233.07;60;10500201648;S
20240528;100518;233.07;400;10500201649;S
20240528;100518;233.11;20;10500201651;S
20240528;100518;233.07;20;10500201652;S
20240528;100518;233.05;10;10500201653;S
20240528;100518;233.05;140;10500201655;S
20240528;100518;233.05;110;10500201656;S
20240528;100518;233.2;10;10500201657;B
20240528;100518;233.2;30;10500201658;B
20240528;100518;233.05;30;10500201659;S
20240528;100518;233.06;30;10500201660;S
20240528;100518;233.05;220;10500201661;S
20240528;100518;233.2;10;10500201662;B
20240528;100518;233.2;10;10500201676;B
20240528;100518;233.03;10;10500201677;S
20240528;100518;233.03;220;10500201678;S
20240528;100518;233.02;370;10500201679;S
20240528;100518;233.03;20;10500201681;S
20240528;100518;233.02;410;10500201682;S
20240528;100518;233.02;50;10500201683;S
20240528;100518;233.02;30;10500201687;S
20240528;100518;233.02;50;10500201688;S
20240528;100518;233.02;20;10500201714;S
20240528;100518;233.02;1000;10500201715;S
20240528;100518;233.02;70;10500201721;S
20240528;100518;233.02;80;10500201722;S
20240528;100518;233.17;30;10500201723;B
20240528;100518;233.01;200;10500201724;S
20240528;100518;233.16;170;10500201725;B
20240528;100518;233.2;10;10500201726;B
20240528;100518;233.2;50;10500201727;B
20240528;100518;233.21;40;10500201728;B
20240528;100518;233.29;170;10500201730;B
20240528;100518;233.31;80;10500201731;B
20240528;100518;233.36;600;10500201732;B
20240528;100518;233.22;30;10500201733;S
20240528;100518;233.34;100;10500201734;B
20240528;100518;233.22;40;10500201741;S
20240528;100518;233.22;20;10500201746;S
20240528;100518;233.22;100;10500201747;S
20240528;100518;233.35;50;10500201749;B
20240528;100518;233.35;20;10500201761;B
20240528;100518;233.35;10;10500201763;B
20240528;100518;233.39;170;10500201764;B
20240528;100518;233.42;80;10500201765;B
20240528;100518;233.43;240;10500201766;B
20240528;100518;233.24;80;10500201770;S
20240528;100518;233.24;10;10500201771;S
20240528;100518;233.23;170;10500201772;S
20240528;100518;233.23;840;10500201773;S
20240528;100518;233.22;1900;10500201774;S
20240528;100518;233.22;50;10500201775;S
20240528;100518;233.22;20;10500201776;S
20240528;100518;233.12;80;10500201777;S
20240528;100518;233.11;400;10500201778;S
20240528;100518;233.31;30;10500201779;B
20240528;100518;233.11;40;10500201780;S
20240528;100518;233.3;200;10500201781;B
20240528;100518;233.11;10;10500201782;S
20240528;100518;233.11;200;10500201788;S
20240528;100518;233.11;20;10500201790;S
20240528;100518;233.22;10;10500201791;B
20240528;100518;233.11;220;10500201794;S
20240528;100518;233.11;870;10500201795;S
20240528;100518;233.11;20;10500201796;S
20240528;100518;233.22;170;10500201797;B
20240528;100518;233.23;80;10500201798;B
20240528;100518;233.11;60;10500201799;S
20240528;100518;233.11;40;10500201800;S
20240528;100518;233.05;60;10500201801;S
20240528;100518;233.03;200;10500201803;S
20240528;100518;233.03;220;10500201804;S
20240528;100518;233.02;70;10500201805;S
20240528;100518;233.01;20;10500201806;S
20240528;100518;233;20;10500201807;S
20240528;100518;233;10;10500201808;S
20240528;100518;233;10;10500201809;S
20240528;100518;233;50;10500201810;S
20240528;100518;233;10;10500201811;S
20240528;100518;233;10;10500201812;S
20240528;100518;233;10;10500201813;S
20240528;100518;233;10;10500201814;S
20240528;100518;233;100;10500201815;S
20240528;100518;233;130;10500201816;S
20240528;100518;233;50;10500201817;S
20240528;100518;233;20;10500201831;S
20240528;100518;233;500;10500201832;S
20240528;100518;233;200;10500201833;S
20240528;100518;233;10;10500201834;S
20240528;100518;233;50;10500201835;S
20240528;100518;233;10;10500201836;S
20240528;100518;233;10;10500201837;S
20240528;100518;233;10;10500201838;S
20240528;100518;233;150;10500201839;S
20240528;100518;233;20;10500201840;S
20240528;100518;232.97;80;10500201841;S
20240528;100518;232.97;20;10500201842;S
20240528;100518;232.96;260;10500201843;S
20240528;100518;232.94;10;10500201844;S
20240528;100518;232.94;420;10500201845;S
20240528;100518;232.9;10;10500201846;S
20240528;100518;232.83;170;10500201847;S
20240528;100518;232.81;1010;10500201848;S
20240528;100518;232.8;2000;10500201849;S
20240528;100518;232.8;40;10500201850;S
20240528;100518;232.8;40;10500201851;S
20240528;100518;232.8;20;10500201852;S
20240528;100518;232.81;30;10500201853;S
20240528;100518;232.83;70;10500201854;S
20240528;100518;232.81;390;10500201855;S
20240528;100518;232.8;40;10500201856;S
20240528;100518;233.01;10;10500201868;B
20240528;100518;233.01;20;10500201869;B
20240528;100518;232.81;390;10500201871;S
20240528;100518;232.81;30;10500201872;S
20240528;100518;232.81;20;10500201873;S
20240528;100518;232.8;170;10500201874;S
20240528;100518;232.81;10;10500201878;S
20240528;100518;232.8;200;10500201885;S
20240528;100518;232.98;10;10500201892;B
20240528;100518;232.91;800;10500201893;S
20240528;100518;232.91;130;10500201894;S
20240528;100518;232.81;420;10500201895;S
20240528;100518;232.8;250;10500201896;S
20240528;100518;232.81;30;10500201897;S
20240528;100518;232.81;20;10500201898;S
20240528;100518;232.8;100;10500201899;S
20240528;100518;232.8;150;10500201900;S
20240528;100518;232.8;40;10500201904;S
20240528;100518;232.8;110;10500201905;S
20240528;100518;232.8;50;10500201906;S
20240528;100519;233.08;20;10500201930;B
20240528;100519;233.08;10;10500201951;B
20240528;100519;233.21;20;10500201959;B
20240528;100519;232.97;50;10500201961;S
20240528;100519;232.99;60;10500201976;B
20240528;100519;232.97;30;10500201980;S
20240528;100519;233.02;20;10500201982;S
20240528;100519;233.02;20;10500201983;S
20240528;100519;232.97;20;10500201984;S
20240528;100519;232.97;70;10500201990;S
20240528;100519;232.95;50;10500201991;S
20240528;100519;232.94;20;10500201992;S
20240528;100519;232.94;120;10500201993;S
20240528;100519;232.94;400;10500202003;S
20240528;100519;232.94;380;10500202004;S
20240528;100519;232.94;1000;10500202005;S
20240528;100519;232.94;30;10500202006;S
20240528;100519;232.94;50;10500202007;S
20240528;100519;232.89;230;10500202008;S
20240528;100519;232.87;20;10500202009;S
20240528;100519;232.88;200;10500202010;S
20240528;100519;233.05;10;10500202015;B
20240528;100519;233.05;30;10500202016;B
20240528;100519;233.08;20;10500202017;B
20240528;100519;233.09;10;10500202018;B
20240528;100519;233.01;230;10500202019;S
20240528;100519;232.88;180;10500202020;S
20240528;100519;232.88;40;10500202022;S
20240528;100519;232.87;30;10500202023;S
20240528;100519;233.09;160;10500202026;B
20240528;100519;233.13;80;10500202027;B
20240528;100519;233.14;300;10500202028;B
20240528;100519;233.15;80;10500202029;B
20240528;100519;233.16;420;10500202030;B
20240528;100519;233.23;20;10500202031;B
20240528;100519;233.23;940;10500202032;B
20240528;100519;232.95;10;10500202033;S
20240528;100519;233.15;10;10500202040;B
20240528;100519;232.98;10;10500202041;B
20240528;100519;233.14;20;10500202042;B
20240528;100519;232.94;170;10500202043;S
20240528;100519;232.93;420;10500202044;S
20240528;100519;232.89;10;10500202045;S
20240528;100519;233;440;10500202046;B
20240528;100519;233;10;10500202047;B
20240528;100519;233;10;10500202048;B
20240528;100519;232.94;150;10500202049;S
20240528;100519;233;10;10500202050;B
20240528;100519;232.94;20;10500202051;S
20240528;100519;232.89;80;10500202052;S
20240528;100519;232.88;50;10500202053;S
20240528;100519;232.89;50;10500202056;S
20240528;100519;232.89;120;10500202057;S
20240528;100519;232.88;20;10500202058;S
20240528;100519;232.98;80;10500202066;B
20240528;100519;232.99;80;10500202067;B
20240528;100519;232.99;80;10500202068;B
20240528;100519;233;260;10500202069;B
20240528;100519;232.99;80;10500202072;B
20240528;100519;233;180;10500202073;B
20240528;100519;233;220;10500202074;B
20240528;100519;232.9;170;10500202076;S
20240528;100519;232.89;80;10500202077;S
20240528;100519;232.88;50;10500202078;S
20240528;100519;233;50;10500202079;B
20240528;100519;233;10;10500202080;B
20240528;100519;232.98;20;10500202082;S
20240528;100519;232.93;170;10500202083;S
20240528;100519;232.88;520;10500202084;S
20240528;100519;232.88;10;10500202085;S
20240528;100519;232.88;280;10500202086;S
20240528;100519;232.88;350;10500202087;S
20240528;100519;233;110;10500202088;B
20240528;100519;233;150;10500202089;B
20240528;100519;233.04;170;10500202090;B
20240528;100519;233.12;20;10500202091;B
20240528;100519;233.09;10;10500202092;B
20240528;100519;233.13;30;10500202102;B
20240528;100519;233.15;20;10500202103;B
20240528;100519;233.15;10;10500202104;B
20240528;100519;233.03;10;10500202105;S
20240528;100519;233.03;20;10500202107;S
20240528;100519;232.95;170;10500202108;S
20240528;100519;232.91;60;10500202109;S
20240528;100519;232.94;20;10500202111;S
20240528;100519;233.05;100;10500202112;B
20240528;100519;233.14;10;10500202113;B
20240528;100519;233.02;20;10500202114;B
20240528;100519;233.14;330;10500202115;B
20240528;100519;233.15;20;10500202116;B
20240528;100519;233.17;420;10500202117;B
20240528;100519;233.22;170;10500202118;B
20240528;100519;233.24;40;10500202119;B
20240528;100519;233.01;20;10500202121;S
20240528;100519;233.01;10;10500202122;S
20240528;100519;233.01;140;10500202123;S
20240528;100519;232.94;40;10500202124;B
20240528;100519;232.94;650;10500202125;B
20240528;100519;232.94;30;10500202127;B
20240528;100519;232.98;50;10500202130;S
20240528;100519;233.07;10;10500202131;B
20240528;100519;232.94;100;10500202132;S
20240528;100519;232.94;30;10500202133;S
20240528;100519;232.98;30;10500202134;B
20240528;100519;233.07;70;10500202135;B
20240528;100519;233.15;60;10500202136;B
20240528;100519;233.13;10;10500202138;B
20240528;100519;232.94;40;10500202139;S
20240528;100519;232.91;60;10500202140;S
20240528;100519;232.9;420;10500202141;S
20240528;100519;232.87;290;10500202142;S
20240528;100519;232.9;10;10500202143;S
20240528;100519;232.9;100;10500202144;S
20240528;100519;232.88;420;10500202146;S
20240528;100519;232.87;1340;10500202147;S
20240528;100519;232.87;600;10500202148;S
20240528;100519;233.03;20;10500202165;B
20240528;100519;232.87;150;10500202175;S
20240528;100519;233.03;150;10500202191;B
20240528;100519;233.11;50;10500202192;B
20240528;100519;232.87;30;10500202193;S
20240528;100519;232.87;30;10500202194;S
20240528;100519;232.87;100;10500202195;S
20240528;100519;232.87;80;10500202196;S
20240528;100519;233.1;170;10500202205;B
20240528;100519;233.17;190;10500202206;B
20240528;100519;232.87;18510;10500202207;S
20240528;100519;232.85;60;10500202208;S
20240528;100519;232.85;420;10500202209;S
20240528;100519;232.81;10;10500202210;S
20240528;100519;232.81;300;10500202211;S
20240528;100519;232.8;3790;10500202212;S
20240528;100519;232.8;10;10500202213;S
20240528;100519;232.77;170;10500202214;S
20240528;100519;232.76;30;10500202215;S
20240528;100519;232.76;30;10500202216;S
20240528;100519;232.76;80;10500202217;S
20240528;100519;232.75;10;10500202218;S
20240528;100519;232.75;400;10500202219;S
20240528;100519;232.74;10;10500202220;S
20240528;100519;232.7;10;10500202221;S
20240528;100519;232.7;10;10500202222;S
20240528;100519;232.7;10;10500202223;S
20240528;100519;232.7;10;10500202224;S
20240528;100519;232.7;10;10500202225;S
20240528;100519;232.7;10;10500202226;S
20240528;100519;232.7;150;10500202227;S
20240528;100519;232.7;10;10500202228;S
20240528;100519;232.7;10;10500202229;S
20240528;100519;232.7;40;10500202230;S
20240528;100519;232.7;10;10500202231;S
20240528;100519;232.7;10;10500202232;S
20240528;100519;232.7;10;10500202233;S
20240528;100519;232.7;20;10500202234;S
20240528;100519;232.7;10;10500202235;S
20240528;100519;232.7;50;10500202236;S
20240528;100519;232.7;10;10500202237;S
20240528;100519;232.7;170;10500202238;S
20240528;100519;232.7;10;10500202239;S
20240528;100519;232.7;130;10500202240;S
20240528;100519;232.7;10;10500202241;S
20240528;100519;232.7;10;10500202242;S
20240528;100519;232.7;20;10500202243;S
20240528;100519;232.7;10;10500202244;S
20240528;100519;232.7;10;10500202245;S
20240528;100519;232.7;100;10500202246;S
20240528;100519;232.7;70;10500202247;S
20240528;100519;232.7;10;10500202248;S
20240528;100519;232.7;10;10500202249;S
20240528;100519;232.7;10;10500202250;S
20240528;100519;232.7;10;10500202251;S
20240528;100519;232.7;20;10500202252;S
20240528;100519;232.7;10;10500202253;S
20240528;100519;232.7;10;10500202254;S
20240528;100519;232.7;10;10500202255;S
20240528;100519;232.7;10;10500202256;S
20240528;100519;232.7;10;10500202257;S
20240528;100519;232.7;10;10500202258;S
20240528;100519;232.7;100;10500202259;S
20240528;100519;232.7;100;10500202260;S
20240528;100519;232.7;70;10500202261;S
20240528;100519;232.7;10;10500202262;S
20240528;100519;232.7;4500;10500202263;S
20240528;100519;232.69;10;10500202264;S
20240528;100519;232.68;50;10500202265;S
20240528;100519;232.68;10;10500202266;S
20240528;100519;232.66;10;10500202267;S
20240528;100519;232.63;4000;10500202268;S
20240528;100519;232.62;400;10500202269;S
20240528;100519;232.62;4000;10500202270;S
20240528;100519;232.6;20;10500202271;S
20240528;100519;232.58;20;10500202272;S
20240528;100519;232.55;10;10500202273;S
20240528;100519;232.52;2000;10500202274;S
20240528;100519;232.51;1000;10500202275;S
20240528;100519;232.5;10;10500202276;S
20240528;100519;232.5;50;10500202277;S
20240528;100519;232.5;180;10500202278;S
20240528;100519;232.5;600;10500202279;S
20240528;100519;232.5;170;10500202280;S
20240528;100519;233.01;10;10500202282;B
20240528;100519;232.94;50;10500202283;S
20240528;100519;232.4;10;10500202284;S
20240528;100519;232.39;10;10500202285;S
20240528;100519;232.35;10;10500202286;S
20240528;100519;232.32;20;10500202287;S
20240528;100519;232.33;10;10500202298;S
20240528;100519;232.57;170;10500202300;B
20240528;100519;232.58;30;10500202302;S
20240528;100519;232.49;220;10500202303;S
20240528;100519;232.64;10;10500202304;B
20240528;100519;232.32;130;10500202305;S
20240528;100519;232.31;270;10500202306;S
20240528;100519;232.32;20;10500202307;S
20240528;100519;232.28;20;10500202314;S
20240528;100519;232.28;170;10500202315;S
20240528;100519;232.25;20;10500202316;S
20240528;100519;232.25;800;10500202317;S
20240528;100519;232.24;260;10500202318;S
20240528;100519;232.23;2000;10500202319;S
20240528;100519;232.22;50;10500202320;S
20240528;100519;232.2;680;10500202321;S
20240528;100519;232.4;30;10500202322;B
20240528;100519;232.27;170;10500202323;S
20240528;100519;232.2;1330;10500202324;S
20240528;100519;232.55;10;10500202325;B
20240528;100519;232.66;10;10500202327;B
20240528;100519;232.38;50;10500202328;S
20240528;100519;232.78;30;10500202331;B
20240528;100519;232.45;50;10500202332;S
20240528;100519;232.66;20;10500202333;S
20240528;100519;232.45;110;10500202334;S
20240528;100519;232.45;10;10500202335;S
20240528;100519;232.4;40;10500202336;S
20240528;100519;232.29;100;10500202337;S
20240528;100519;232.23;20;10500202340;S
20240528;100519;232.49;10;10500202345;B
20240528;100519;232.49;50;10500202346;B
20240528;100519;232.53;10;10500202347;B
20240528;100519;232.53;20;10500202348;B
20240528;100519;232.53;50;10500202350;B
20240528;100519;232.51;10;10500202353;S
20240528;100519;232.29;370;10500202354;S
20240528;100519;232.31;70;10500202359;S
20240528;100519;232.3;70;10500202360;S
20240528;100519;232.3;50;10500202361;S
20240528;100519;232.3;50;10500202363;S
20240528;100519;232.21;70;10500202364;S
20240528;100519;232.2;310;10500202365;S
20240528;100519;232.7;80;10500202378;B
20240528;100519;232.71;420;10500202379;B
20240528;100519;232.72;20;10500202380;B
20240528;100519;232.74;170;10500202381;B
20240528;100519;232.81;300;10500202382;B
20240528;100519;232.92;1520;10500202383;B
20240528;100519;232.93;80;10500202384;B
20240528;100519;233;1520;10500202385;B
20240528;100519;233;890;10500202386;B
20240528;100519;232.77;100;10500202387;S
20240528;100519;232.61;100;10500202389;S
20240528;100519;232.54;100;10500202391;S
20240528;100519;232.49;450;10500202403;S
20240528;100519;232.48;50;10500202410;S
20240528;100519;232.48;30;10500202412;S
20240528;100519;232.48;70;10500202413;S
20240528;100519;232.48;10;10500202427;S
20240528;100519;232.38;170;10500202428;S
20240528;100519;232.37;320;10500202429;S
20240528;100519;232.38;80;10500202430;S
20240528;100519;232.37;70;10500202431;S
20240528;100519;232.7;50;10500202436;B
20240528;100519;232.38;80;10500202438;S
20240528;100519;232.37;1130;10500202439;S
20240528;100519;232.32;1070;10500202440;S
20240528;100519;232.32;4000;10500202441;S
20240528;100519;232.31;300;10500202442;S
20240528;100519;232.3;100;10500202443;S
20240528;100519;232.3;170;10500202444;S
20240528;100519;232.27;4000;10500202445;S
20240528;100519;232.26;400;10500202446;S
20240528;100519;232.22;420;10500202447;S
20240528;100519;232.2;8330;10500202448;S
20240528;100519;232.21;50;10500202455;S
20240528;100519;232.2;4000;10500202457;S
20240528;100519;232.2;400;10500202458;S
20240528;100519;232.37;10;10500202464;B
20240528;100519;232.2;250;10500202466;S
20240528;100519;232.39;20;10500202467;B
20240528;100519;232.39;60;10500202471;B
20240528;100519;232.42;240;10500202472;B
20240528;100519;232.42;180;10500202473;B
20240528;100519;232.46;170;10500202474;B
20240528;100519;232.73;10;10500202475;B
20240528;100519;232.75;60;10500202476;B
20240528;100519;232.71;660;10500202477;S
20240528;100519;232.71;1990;10500202478;S
20240528;100519;232.3;170;10500202480;S
20240528;100519;232.21;60;10500202481;S
20240528;100519;232.2;60;10500202482;S
20240528;100519;232.52;30;10500202484;B
20240528;100519;232.52;140;10500202485;B
20240528;100519;232.6;280;10500202486;B
20240528;100519;232.59;10;10500202487;B
20240528;100519;232.63;10;10500202489;B
20240528;100519;232.27;110;10500202490;S
20240528;100519;232.57;20;10500202491;B
20240528;100519;232.56;420;10500202492;B
20240528;100519;232.57;80;10500202493;B
20240528;100519;232.29;170;10500202496;S
20240528;100519;232.21;10;10500202497;S
20240528;100519;232.21;20;10500202498;S
20240528;100519;232.43;10;10500202534;S
20240528;100519;232.55;70;10500202543;B
20240528;100519;232.55;80;10500202546;B
20240528;100519;232.32;170;10500202560;S
20240528;100519;232.2;50;10500202561;S
20240528;100519;232.55;40;10500202564;B
20240528;100519;232.55;240;10500202566;B
20240528;100519;232.56;20;10500202567;B
20240528;100519;232.68;300;10500202568;B
20240528;100519;232.73;110;10500202569;B
20240528;100519;232.75;170;10500202570;B
20240528;100519;232.87;20340;10500202571;S
20240528;100519;232.87;170;10500202572;S
20240528;100519;232.88;10;10500202573;B
20240528;100519;232.53;500;10500202574;S
20240528;100519;232.79;430;10500202575;B
20240528;100519;232.8;170;10500202576;B
20240528;100519;232.88;70;10500202577;B
20240528;100519;232.91;1170;10500202578;B
20240528;100519;233.08;160;10500202579;B
20240528;100519;232.78;10;10500202622;B
20240528;100519;232.66;50;10500202625;S
20240528;100519;232.57;70;10500202626;S
20240528;100519;232.93;10;10500202627;B
20240528;100519;232.58;100;10500202632;S
20240528;100520;232.71;100;10500202640;B
20240528;100520;232.41;200;10500202641;S
20240528;100520;232.53;80;10500202646;B
20240528;100520;232.34;300;10500202647;S
20240528;100520;232.34;280;10500202648;S
20240528;100520;232.23;350;10500202649;S
20240528;100520;232.46;50;10500202650;B
20240528;100520;232.46;10;10500202653;B
20240528;100520;232.46;20;10500202659;B
20240528;100520;232.52;10;10500202672;B
20240528;100520;232.5;90;10500202674;S
20240528;100520;232.45;60;10500202675;S
20240528;100520;232.57;1510;10500202681;B
20240528;100520;232.58;430;10500202682;B
20240528;100520;232.58;170;10500202683;B
20240528;100520;232.58;400;10500202684;B
20240528;100520;232.59;4000;10500202685;B
20240528;100520;232.74;20;10500202687;S
20240528;100520;233.08;80;10500202773;B
20240528;100520;233;170;10500202774;S
20240528;100520;233;320;10500202775;S
20240528;100520;233.06;170;10500202783;S
20240528;100520;233.05;10;10500202784;S
20240528;100520;233.05;250;10500202785;S
20240528;100520;233.11;10;10500202792;S
20240528;100520;232.85;380;10500202793;S
20240528;100520;233.06;170;10500202795;B
20240528;100520;233.17;430;10500202796;B
20240528;100520;233.23;80;10500202797;B
20240528;100520;233.27;80;10500202798;B
20240528;100520;233.28;240;10500202799;B
20240528;100520;232.96;170;10500202806;S
20240528;100520;232.92;720;10500202807;S
20240528;100520;232.93;80;10500202811;S
20240528;100520;232.78;50;10500202812;S
20240528;100520;233;20;10500202814;B
20240528;100520;232.77;250;10500202815;S
20240528;100520;232.77;40;10500202817;S
20240528;100520;233;30;10500202881;B
20240528;100520;233;30;10500202884;B
20240528;100520;232.87;370;10500202898;S
20240528;100520;232.77;140;10500202899;S
20240528;100520;232.76;80;10500202900;S
20240528;100520;232.7;10;10500202901;S
20240528;100520;232.7;10;10500202907;S
20240528;100520;232.7;80;10500202917;S
20240528;100520;232.61;730;10500202918;S
20240528;100520;232.6;190;10500202919;S
20240528;100520;232.6;200;10500202933;S
20240528;100520;232.86;170;10500202944;B
20240528;100520;232.95;40;10500202945;B
20240528;100520;232.96;20;10500202949;B
20240528;100520;232.96;80;10500202950;B
20240528;100520;232.64;100;10500202951;S
20240528;100520;232.6;150;10500202960;S
20240528;100520;232.95;20;10500202964;B
20240528;100520;232.91;90;10500202966;S
20240528;100520;232.75;130;10500202967;S
20240528;100520;232.75;100;10500203018;S
20240528;100520;232.75;10;10500203024;S
20240528;100520;232.75;210;10500203025;S
20240528;100520;232.65;300;10500203026;S
20240528;100520;232.65;10;10500203027;S
20240528;100520;232.65;170;10500203028;S
20240528;100520;232.64;420;10500203029;S
20240528;100520;232.6;380;10500203030;S
20240528;100520;232.61;10;10500203033;S
20240528;100520;232.6;350;10500203057;S
20240528;100520;232.74;110;10500203059;S
20240528;100520;232.6;1970;10500203062;S
20240528;100520;232.71;10;10500203085;S
20240528;100520;232.71;300;10500203091;S
20240528;100520;232.71;100;10500203092;S
20240528;100520;232.6;1000;10500203094;S
20240528;100520;232.6;50;10500203095;S
20240528;100520;232.6;500;10500203100;S
20240528;100520;232.76;10;10500203134;B
20240528;100520;232.76;100;10500203137;B
20240528;100520;232.76;60;10500203138;B
20240528;100520;232.9;20;10500203139;B
20240528;100520;232.61;40;10500203146;S
20240528;100520;232.6;700;10500203163;S
20240528;100520;232.56;420;10500203164;S
20240528;100520;232.46;410;10500203165;S
20240528;100520;232.44;470;10500203166;S
20240528;100520;232.42;150;10500203171;S
20240528;100520;232.43;20;10500203184;S
20240528;100520;232.42;60;10500203185;S
20240528;100520;232.41;120;10500203186;S
20240528;100520;232.42;420;10500203191;S
20240528;100520;232.41;30;10500203192;S
20240528;100520;232.42;80;10500203198;S
20240528;100520;232.63;90;10500203202;S
20240528;100520;232.64;80;10500203204;B
20240528;100520;232.71;170;10500203205;B
20240528;100520;232.82;80;10500203206;B
20240528;100520;232.83;170;10500203207;B
20240528;100520;232.79;50;10500203227;B
20240528;100520;232.68;60;10500203228;S
20240528;100520;232.9;30;10500203229;B
20240528;100520;232.7;20;10500203236;S
20240528;100520;232.93;90;10500203273;S
20240528;100520;232.74;40;10500203274;S
20240528;100520;232.71;10;10500203275;S
20240528;100520;232.71;80;10500203276;S
20240528;100520;232.71;10;10500203277;S
20240528;100520;232.7;50;10500203279;S
20240528;100521;232.94;10;10500203333;B
20240528;100521;232.81;30;10500203350;S
20240528;100521;232.81;150;10500203351;S
20240528;100521;232.97;20;10500203360;B
20240528;100521;232.97;80;10500203361;B
20240528;100521;232.88;90;10500203378;S
20240528;100521;232.82;10;10500203379;S
20240528;100521;232.81;70;10500203380;S
20240528;100521;232.82;10;10500203390;S
20240528;100521;232.82;40;10500203426;S
20240528;100521;232.81;30;10500203427;S
20240528;100521;232.81;50;10500203428;S
20240528;100521;232.81;10;10500203429;S
20240528;100521;232.98;10;10500203495;B
20240528;100521;232.84;30;10500203502;S
20240528;100521;232.84;70;10500203503;S
20240528;100521;232.84;10;10500203560;S
20240528;100521;232.83;100;10500203561;S
20240528;100521;232.81;70;10500203562;S
20240528;100521;232.81;20;10500203563;S
20240528;100521;232.98;10;10500203573;B
20240528;100521;232.98;40;10500203583;B
20240528;100521;232.86;10;10500203599;S
20240528;100521;232.94;10;10500203601;B
20240528;100521;232.85;10;10500203606;S
20240528;100521;232.85;20;10500203607;S
20240528;100521;232.94;70;10500203654;B
20240528;100522;232.93;250;10500203932;B
20240528;100522;232.94;90;10500203933;B
20240528;100522;232.94;420;10500203934;B
20240528;100522;232.97;100;10500203935;B
20240528;100522;232.96;420;10500203994;B
20240528;100522;232.97;80;10500203995;B
20240528;100522;232.96;10;10500204063;B
20240528;100523;232.96;10;10500204071;B
20240528;100523;232.96;20;10500204120;B
20240528;100523;232.92;230;10500204375;S
20240528;100523;232.9;50;10500204376;S
20240528;100523;232.89;50;10500204377;S
20240528;100523;232.93;140;10500204378;S
20240528;100523;232.87;250;10500204391;S
20240528;100523;232.87;10;10500204454;S
20240528;100523;232.87;40;10500204455;S
20240528;100523;232.87;60;10500204456;S
20240528;100523;232.85;80;10500204457;S
20240528;100523;232.84;30;10500204458;S
20240528;100523;232.75;80;10500204459;S
20240528;100523;232.73;50;10500204460;S
20240528;100523;232.72;10;10500204461;S
20240528;100523;232.71;10;10500204462;S
20240528;100523;232.71;640;10500204463;S
20240528;100524;232.71;20;10500204526;S
20240528;100524;232.71;10;10500204527;S
20240528;100524;232.72;200;10500204680;S
20240528;100524;232.71;10;10500204681;S
20240528;100524;232.7;100;10500204682;S
20240528;100524;232.7;10;10500204683;S
20240528;100524;232.67;90;10500204684;S
20240528;100524;232.6;20;10500204685;S
20240528;100524;232.53;70;10500204686;S
20240528;100524;232.53;420;10500204778;S
20240528;100524;232.53;10;10500204779;S
20240528;100524;232.52;250;10500204780;S
20240528;100524;232.52;10;10500204781;S
20240528;100524;232.49;20;10500204782;S
20240528;100524;232.46;60;10500204783;S
20240528;100524;232.44;80;10500204784;S
20240528;100524;232.44;400;10500204785;S
20240528;100524;232.43;50;10500204786;S
20240528;100524;232.41;850;10500204787;S
20240528;100524;232.39;170;10500204788;S
20240528;100524;232.38;2630;10500204789;S
20240528;100525;232.35;450;10500204798;S
20240528;100525;232.45;170;10500204799;B
20240528;100525;232.46;80;10500204800;B
20240528;100525;232.45;80;10500204801;B
20240528;100525;232.46;170;10500204802;B
20240528;100525;232.5;80;10500204803;B
20240528;100525;232.51;80;10500204804;B
20240528;100525;232.52;170;10500204805;B
20240528;100525;232.53;3830;10500204806;S
20240528;100525;232.55;80;10500204831;B
20240528;100525;232.55;80;10500204832;B
20240528;100525;232.57;40;10500204833;B
20240528;100526;232.56;80;10500205191;S
20240528;100526;232.56;20;10500205192;S
20240528;100526;232.67;20;10500205205;B
20240528;100526;232.68;170;10500205206;B
20240528;100526;232.72;80;10500205207;B
20240528;100526;232.73;2230;10500205208;B
20240528;100526;232.65;80;10500205239;S
20240528;100526;232.64;1740;10500205240;S
20240528;100527;232.5;80;10500205361;S
20240528;100527;232.49;180;10500205362;S
20240528;100527;232.48;50;10500205487;S
20240528;100527;232.56;170;10500205603;B
20240528;100527;232.6;80;10500205604;B
20240528;100527;232.64;80;10500205605;B
20240528;100527;232.65;270;10500205606;B
20240528;100528;232.51;10;10500205902;S
20240528;100528;232.5;80;10500205903;S
20240528;100528;232.46;10;10500205904;S
20240528;100529;232.43;20;10500205963;S
20240528;100529;232.42;10;10500205964;S
20240528;100529;232.32;10;10500205965;S
20240528;100529;232.48;10;10500205979;B
20240528;100531;232.51;10;10500207021;B
20240528;100531;232.51;10;10500207185;B
20240528;100532;232.5;10;10500207613;B
20240528;100532;232.5;50;10500207727;B
20240528;100532;232.5;170;10500207728;B
20240528;100532;232.51;130;10500207729;B
20240528;100532;232.39;50;10500207829;S
20240528;100532;232.34;10;10500207830;S
20240528;100532;232.3;40;10500207853;S
20240528;100533;232.42;170;10500207990;B
20240528;100533;232.46;80;10500207991;B
20240528;100533;232.47;610;10500207992;B
20240528;100533;232.47;10;10500208022;B
20240528;100533;232.47;10;10500208160;B
20240528;100535;232.55;430;10500209247;B
20240528;100535;232.56;90;10500209248;B
20240528;100535;232.55;10;10500209281;B
20240528;100536;232.54;200;10500209740;S
20240528;100536;232.55;200;10500209752;B
20240528;100536;232.55;220;10500209811;B
20240528;100536;232.56;230;10500209812;B
20240528;100536;232.55;10;10500209818;B
20240528;100536;232.55;250;10500209887;B
20240528;100536;232.55;170;10500209890;B
20240528;100536;232.55;430;10500209892;B
20240528;100537;232.54;10;10500210087;S
20240528;100537;232.53;30;10500210088;S
20240528;100537;232.56;10;10500210143;B
20240528;100537;232.56;10;10500210160;B
20240528;100537;232.56;20;10500210175;B
20240528;100537;232.56;100;10500210185;B
20240528;100537;232.53;10;10500210190;S
20240528;100538;232.56;10;10500210761;B
20240528;100539;232.56;30;10500210807;B
20240528;100539;232.63;10;10500210808;B
20240528;100539;232.63;960;10500210809;S
20240528;100539;232.67;30;10500210880;B
20240528;100539;232.63;40;10500211044;S
20240528;100540;232.72;50;10500211128;B
20240528;100540;232.72;20;10500211304;B
20240528;100540;232.63;40;10500211393;S
20240528;100540;232.62;190;10500211394;S
20240528;100540;232.54;80;10500211399;S
20240528;100540;232.53;20;10500211400;S
20240528;100540;232.63;170;10500211441;B
20240528;100540;232.64;30;10500211442;B
20240528;100541;232.69;170;10500211534;B
20240528;100541;232.7;130;10500211535;S
20240528;100541;232.71;10;10500211722;B
20240528;100541;232.75;40;10500211723;B
20240528;100542;232.75;40;10500211865;B
20240528;100542;232.75;20;10500211866;B
20240528;100542;232.75;10;10500211867;B
20240528;100542;232.76;180;10500211868;B
20240528;100542;232.78;500;10500211869;B
20240528;100542;232.78;170;10500211870;B
20240528;100542;232.78;10;10500211871;B
20240528;100542;232.81;80;10500211872;B
20240528;100542;232.82;1400;10500211873;B
20240528;100542;232.82;620;10500211874;B
20240528;100542;232.83;1970;10500211875;B
20240528;100542;232.76;60;10500211956;S
20240528;100542;232.82;10;10500211971;B
20240528;100542;232.83;80;10500211972;B
20240528;100543;232.83;50;10500212004;B
20240528;100543;232.83;80;10500212064;B
20240528;100543;232.76;110;10500212134;S
20240528;100543;232.75;2890;10500212135;S
20240528;100544;232.81;10;10500212318;B
20240528;100545;232.63;500;10500212870;S
20240528;100546;232.62;200;10500213319;S
20240528;100546;232.61;80;10500213320;S
20240528;100546;232.61;180;10500213321;S
20240528;100546;232.6;80;10500213322;S
20240528;100546;232.6;20;10500213323;S
20240528;100546;232.59;420;10500213324;S
20240528;100546;232.57;170;10500213325;S
20240528;100546;232.55;100;10500213326;S
20240528;100546;232.52;1020;10500213327;S
20240528;100546;232.51;30;10500213328;S
20240528;100546;232.51;4000;10500213329;S
20240528;100546;232.5;10;10500213330;S
20240528;100546;232.47;190;10500213331;S
20240528;100546;232.48;40;10500213510;S
20240528;100546;232.55;30;10500213616;S
20240528;100546;232.53;200;10500213630;S
20240528;100547;232.47;310;10500213695;S
20240528;100547;232.47;500;10500213696;S
20240528;100547;232.46;60;10500213697;S
20240528;100547;232.45;80;10500213698;S
20240528;100547;232.44;180;10500213699;S
20240528;100547;232.3;10;10500213700;S
20240528;100547;232.3;10;10500213701;S
20240528;100547;232.28;50;10500213702;S
20240528;100547;232.26;10;10500213703;S
20240528;100547;232.25;20;10500213704;S
20240528;100547;232.25;3200;10500213705;S
20240528;100547;232.24;40;10500213706;S
20240528;100547;232.24;530;10500213707;S
20240528;100547;232.37;10;10500213834;B
20240528;100548;232.24;400;10500214165;S
20240528;100548;232.37;10;10500214284;B
20240528;100550;232.37;150;10500215229;B
20240528;100550;232.39;50;10500215230;B
20240528;100550;232.24;1670;10500215323;S
20240528;100550;232.23;230;10500215324;S
20240528;100550;232.23;180;10500215325;S
20240528;100550;232.23;80;10500215326;S
20240528;100550;232.21;40;10500215327;S
20240528;100550;232.35;10;10500215328;B
20240528;100550;232.34;10;10500215354;B
20240528;100550;232.34;50;10500215362;B
20240528;100550;232.34;20;10500215594;B
20240528;100551;232.21;260;10500215628;S
20240528;100551;232.2;1590;10500215629;S
20240528;100551;232.2;100;10500215630;S
20240528;100551;232.2;180;10500215631;S
20240528;100551;232.19;450;10500215632;S
20240528;100551;232.18;900;10500215633;S
20240528;100551;232.16;10;10500215634;S
20240528;100551;232.15;10;10500215635;S
20240528;100551;232.15;10;10500215636;S
20240528;100551;232.15;170;10500215637;S
20240528;100551;232.15;80;10500215638;S
20240528;100551;232.11;10;10500215708;S
20240528;100551;232.1;20;10500215709;S
20240528;100551;232.1;60;10500215729;S
20240528;100551;232.1;110;10500215806;S
20240528;100551;232.1;640;10500215807;S
20240528;100551;232.1;40;10500215808;S
20240528;100551;232.1;150;10500215809;S
20240528;100551;232.1;2170;10500215810;S
20240528;100551;232.1;10;10500215811;S
20240528;100551;232.1;40;10500215812;S
20240528;100551;232.1;200;10500215813;S
20240528;100551;232.1;10;10500215814;S
20240528;100551;232.09;180;10500215815;S
20240528;100551;232.06;10;10500215816;S
20240528;100551;232.06;10;10500215817;S
20240528;100551;232.05;10;10500215818;S
20240528;100551;232.05;10;10500215819;S
20240528;100551;232.05;10;10500215820;S
20240528;100551;232.05;10;10500215821;S
20240528;100551;232.05;330;10500215822;S
20240528;100551;232.05;170;10500215823;S
20240528;100551;232.05;20;10500215824;S
20240528;100551;232.02;60;10500215825;S
20240528;100551;232.02;70;10500215842;S
20240528;100551;232.03;10;10500215880;S
20240528;100551;232.02;140;10500215881;S
20240528;100551;232.02;30;10500215882;S
20240528;100551;232.02;950;10500215886;S
20240528;100551;232.09;20;10500215888;B
20240528;100551;232.02;30;10500215921;S
20240528;100551;232.09;40;10500215963;B
20240528;100551;232.09;10;10500215992;B
20240528;100551;232.09;100;10500215995;B
20240528;100551;232.1;20;10500215996;B
20240528;100551;232.13;170;10500215997;B
20240528;100551;232.14;80;10500215998;B
20240528;100551;232.14;80;10500215999;B
20240528;100551;232.15;200;10500216000;B
20240528;100552;232.03;80;10500216043;S
20240528;100552;232.03;10;10500216044;S
20240528;100552;232.02;720;10500216045;S
20240528;100552;232;10;10500216046;S
20240528;100552;232;10;10500216047;S
20240528;100552;232;10;10500216048;S
20240528;100552;232;10;10500216049;S
20240528;100552;232;10;10500216050;S
20240528;100552;232;140;10500216059;S
20240528;100552;232;10;10500216060;S
20240528;100552;232;10;10500216061;S
20240528;100552;232;10;10500216062;S
20240528;100552;232;10;10500216063;S
20240528;100552;232;10;10500216064;S
20240528;100552;232;50;10500216065;S
20240528;100552;232;10;10500216066;S
20240528;100552;232;10;10500216067;S
20240528;100552;232;10;10500216068;S
20240528;100552;232;10;10500216069;S
20240528;100552;232;10;10500216070;S
20240528;100552;232;10;10500216071;S
20240528;100552;232;20;10500216072;S
20240528;100552;232;10;10500216073;S
20240528;100552;232;10;10500216074;S
20240528;100552;232;10;10500216075;S
20240528;100552;232;720;10500216076;S
20240528;100552;232;20;10500216091;S
20240528;100552;232.1;20;10500216123;B
20240528;100552;232;140;10500216161;S
20240528;100552;232;100;10500216162;S
20240528;100552;232;20;10500216209;S
20240528;100552;232;10;10500216210;S
20240528;100552;232;50;10500216211;S
20240528;100552;232;10;10500216212;S
20240528;100552;232;10;10500216213;S
20240528;100552;232;10;10500216214;S
20240528;100552;232.04;20;10500216225;S
20240528;100552;232.05;10;10500216230;S
20240528;100552;232;10;10500216281;S
20240528;100552;232.05;100;10500216282;S
20240528;100552;232.1;20;10500216334;B
20240528;100552;232.1;10;10500216335;B
20240528;100552;232;10;10500216336;S
20240528;100552;232.1;10;10500216338;B
20240528;100552;232;120;10500216339;S
20240528;100552;232;10;10500216340;S
20240528;100552;232;40;10500216341;S
20240528;100552;232;60;10500216411;S
20240528;100552;232;940;10500216412;S
20240528;100552;232;10;10500216413;S
20240528;100552;232;10;10500216415;S
20240528;100552;232.09;1170;10500216423;B
20240528;100552;232.09;80;10500216424;B
20240528;100552;232.1;110;10500216425;B
20240528;100552;232.1;170;10500216426;B
20240528;100552;232.11;80;10500216427;B
20240528;100552;232.13;200;10500216428;B
20240528;100552;232.15;1040;10500216429;B
20240528;100552;232.17;40;10500216430;B
20240528;100552;232.17;110;10500216431;B
20240528;100552;232.01;80;10500216439;S
20240528;100552;232.01;20;10500216440;S
20240528;100552;232.05;30;10500216448;S
20240528;100552;232.01;60;10500216449;S
20240528;100552;232;40;10500216450;S
20240528;100552;232.01;30;10500216520;S
20240528;100552;232;20;10500216521;S
20240528;100552;232;160;10500216526;S
20240528;100553;232;820;10500216538;S
20240528;100553;232;10;10500216539;S
20240528;100553;232;10;10500216540;S
20240528;100553;231.98;80;10500216542;S
20240528;100553;231.97;10;10500216543;S
20240528;100553;231.96;50;10500216550;B
20240528;100553;231.96;10;10500216561;B
20240528;100553;231.99;80;10500216572;B
20240528;100553;231.99;170;10500216573;B
20240528;100553;232;410;10500216574;B
20240528;100553;232;340;10500216575;S
20240528;100553;231.83;10;10500216597;S
20240528;100553;231.83;170;10500216646;S
20240528;100553;231.81;10;10500216647;S
20240528;100553;231.8;10;10500216648;S
20240528;100553;231.8;10;10500216649;S
20240528;100553;231.79;20;10500216650;S
20240528;100553;231.79;200;10500216651;S
20240528;100553;231.94;170;10500216654;B
20240528;100553;231.98;80;10500216655;B
20240528;100553;232;400;10500216656;S
20240528;100553;232;850;10500216657;S
20240528;100553;231.92;80;10500216658;S
20240528;100553;231.79;50;10500216667;S
20240528;100553;231.79;80;10500216668;S
20240528;100553;231.97;170;10500216674;B
20240528;100553;231.99;1520;10500216675;B
20240528;100553;231.99;10;10500216676;B
20240528;100553;232;960;10500216677;B
20240528;100553;231.98;150;10500216681;B
20240528;100553;231.83;170;10500216722;S
20240528;100553;231.79;30;10500216723;S
20240528;100553;231.81;170;10500216735;S
20240528;100553;231.8;80;10500216736;B
20240528;100553;231.98;20;10500216756;B
20240528;100553;231.98;100;10500216782;B
20240528;100553;231.98;30;10500216793;B
20240528;100553;232;540;10500216794;B
20240528;100553;232;10;10500216795;B
20240528;100553;232.01;80;10500216796;B
20240528;100553;232.01;80;10500216797;B
20240528;100553;232.01;170;10500216798;B
20240528;100553;232.03;4000;10500216799;B
20240528;100553;232.04;90;10500216800;B
20240528;100553;232.34;430;10500216806;B
20240528;100553;232.34;590;10500216807;B
20240528;100553;232.35;30;10500216808;B
20240528;100553;232.56;430;10500216897;B
20240528;100553;232.57;10;10500216898;B
20240528;100553;232.59;170;10500216899;B
20240528;100553;232.63;40;10500216900;B
20240528;100553;232.67;30;10500216901;B
20240528;100553;232.8;290;10500216902;B
20240528;100553;232.81;1520;10500216903;B
20240528;100553;232.82;500;10500216904;B
20240528;100553;232.82;80;10500216905;B
20240528;100553;232.83;820;10500216906;B
20240528;100553;232.85;1000;10500216907;B
20240528;100553;232.98;110;10500216908;B
20240528;100553;232.63;80;10500216921;S
20240528;100553;232.5;100;10500216932;S
20240528;100553;232.69;30;10500216949;B
20240528;100553;232.58;170;10500216988;S
20240528;100554;232.59;170;10500217014;S
20240528;100554;232.65;90;10500217042;B
20240528;100554;232.65;30;10500217141;B
20240528;100554;232.65;300;10500217143;B
20240528;100554;232.62;280;10500217145;S
20240528;100554;232.63;80;10500217146;S
20240528;100554;232.76;100;10500217147;B
20240528;100554;232.64;10;10500217171;B
20240528;100554;232.64;20;10500217197;B
20240528;100554;232.64;10;10500217198;B
20240528;100554;232.64;10;10500217199;B
20240528;100554;232.64;20;10500217200;B
20240528;100554;232.64;20;10500217201;B
20240528;100554;232.87;420;10500217203;B
20240528;100554;232.88;170;10500217204;B
20240528;100554;232.89;80;10500217205;B
20240528;100554;232.98;150;10500217206;B
20240528;100554;232.99;80;10500217207;B
20240528;100554;233;60;10500217208;B
20240528;100554;233;30;10500217209;B
20240528;100554;233;150;10500217210;B
20240528;100554;233;30;10500217211;B
20240528;100554;233;10;10500217212;B
20240528;100554;233.03;80;10500217213;B
20240528;100554;233.04;60;10500217214;B
20240528;100554;233.05;170;10500217215;B
20240528;100554;232.7;170;10500217216;S
20240528;100554;232.73;170;10500217217;S
20240528;100554;232.94;10;10500217218;B
20240528;100554;232.77;30;10500217256;S
20240528;100554;232.79;40;10500217291;S
20240528;100556;232.8;10;10500217990;S
20240528;100558;232.8;50;10500218575;S
20240528;100558;232.8;110;10500218612;S
20240528;100558;232.8;110;10500218613;S
20240528;100558;232.84;10;10500218871;B
20240528;100558;232.85;10;10500218872;B
20240528;100558;232.87;160;10500218873;B
20240528;100558;232.88;420;10500218874;B
20240528;100558;232.9;500;10500218875;B
20240528;100558;232.91;500;10500218876;B
20240528;100558;232.98;100;10500218877;B
20240528;100558;232.86;50;10500218912;S
20240528;100559;232.88;20;10500218947;S
20240528;100559;232.98;40;10500219008;B
20240528;100559;232.88;60;10500219357;S
20240528;100559;232.86;10;10500219358;S
20240528;100601;232.87;1020;10500220028;S
20240528;100601;232.86;5000;10500220030;S
20240528;100601;232.86;80;10500220031;S
20240528;100601;232.86;80;10500220032;S
20240528;100601;232.8;90;10500220033;S
20240528;100601;232.68;420;10500220035;S
20240528;100601;232.68;420;10500220037;S
20240528;100601;232.67;10;10500220088;B
20240528;100601;232.67;10;10500220104;B
20240528;100601;232.67;50;10500220105;B
20240528;100601;232.53;510;10500220107;S
20240528;100601;232.5;80;10500220108;S
20240528;100601;232.49;3010;10500220109;S
20240528;100601;232.42;10;10500220170;B
20240528;100601;232.42;10;10500220176;B
20240528;100601;232.31;10;10500220205;S
20240528;100601;232.31;20;10500220206;S
20240528;100601;232.31;10;10500220207;S
20240528;100601;232.31;20;10500220208;S
20240528;100602;232.39;10;10500220511;B
20240528;100602;232.39;70;10500220571;B
20240528;100602;232.4;170;10500220572;B
20240528;100602;232.49;840;10500220573;B
20240528;100602;232.5;400;10500220574;B
20240528;100602;232.51;20;10500220575;B
20240528;100602;232.5;100;10500220606;B
20240528;100602;232.5;70;10500220624;B
20240528;100602;232.51;60;10500220625;B
20240528;100602;232.53;300;10500220626;B
20240528;100602;232.53;70;10500220627;B
20240528;100604;232.36;50;10500221210;S
20240528;100604;232.5;40;10500221467;B
20240528;100604;232.29;230;10500221599;S
20240528;100604;232.28;80;10500221600;S
20240528;100604;232.24;80;10500221601;S
20240528;100604;232.22;880;10500221602;S
20240528;100605;232.35;100;10500221873;B
20240528;100607;232.25;200;10500222559;B
20240528;100607;232.17;10;10500222696;S
20240528;100607;232.17;70;10500222852;S
20240528;100609;232.24;10;10500223225;B
20240528;100609;232.25;10;10500223342;B
20240528;100609;232.25;10;10500223436;B
20240528;100610;232.25;10;10500223442;B
20240528;100610;232.25;200;10500223463;B
20240528;100610;232.25;10;10500223551;B
20240528;100610;232.25;2000;10500223691;B
20240528;100611;232.19;50;10500223981;S
20240528;100611;232.21;2390;10500223989;B
20240528;100611;232.39;170;10500223991;B
20240528;100611;232.4;60;10500223992;B
20240528;100611;232.44;80;10500223993;B
20240528;100611;232.44;80;10500223994;B
20240528;100611;232.44;880;10500223995;B
20240528;100611;232.45;430;10500223996;B
20240528;100611;232.49;4000;10500223997;B
20240528;100611;232.49;400;10500223998;B
20240528;100611;232.5;300;10500223999;B
20240528;100611;232.71;800;10500224000;B
20240528;100611;232.78;1120;10500224001;B
20240528;100611;232.79;4680;10500224002;B
20240528;100611;232.77;50;10500224095;B
20240528;100611;232.74;10;10500224303;B
20240528;100612;232.71;80;10500224372;S
20240528;100612;232.73;10;10500224453;B
20240528;100612;232.73;10;10500224475;B
20240528;100612;232.74;420;10500224476;B
20240528;100612;232.75;170;10500224477;B
20240528;100612;232.78;10;10500224478;B
20240528;100612;232.8;2390;10500224479;B
20240528;100612;232.82;10;10500224541;B
20240528;100612;232.78;20;10500224545;S
20240528;100612;232.81;10;10500224753;B
20240528;100613;232.82;130;10500224824;B
20240528;100613;232.82;10;10500224837;B
20240528;100613;232.82;20;10500224850;B
20240528;100613;232.83;420;10500224851;B
20240528;100613;232.83;170;10500224852;B
20240528;100613;232.83;170;10500224853;B
20240528;100613;232.83;170;10500224854;B
20240528;100613;232.83;80;10500224855;B
20240528;100613;232.83;170;10500224856;B
20240528;100613;232.83;170;10500224857;B
20240528;100613;232.84;10;10500224858;B
20240528;100613;232.85;10;10500224859;B
20240528;100613;232.85;210;10500224860;S
20240528;100613;232.85;10;10500224987;B
20240528;100613;232.83;10;10500225188;B
20240528;100614;232.8;20;10500225299;S
20240528;100614;232.85;10;10500225408;B
20240528;100614;232.85;10;10500225496;B
20240528;100614;232.85;10;10500225579;B
20240528;100615;232.85;10;10500225838;B
20240528;100615;232.79;560;10500225918;S
20240528;100615;232.79;30;10500225919;B
20240528;100615;232.79;30;10500225920;B
20240528;100615;232.79;30;10500225921;B
20240528;100615;232.79;30;10500225922;B
20240528;100615;232.79;30;10500225923;B
20240528;100615;232.79;30;10500225924;B
20240528;100615;232.79;20;10500225925;B
20240528;100615;232.85;10;10500225934;B
20240528;100615;232.84;10;10500226125;B
20240528;100615;232.84;80;10500226172;B
20240528;100616;232.84;10;10500226189;B
20240528;100616;232.84;10;10500226407;B
20240528;100617;232.8;10;10500226581;B
20240528;100617;232.8;100;10500226668;B
20240528;100617;232.8;10;10500226669;B
20240528;100617;232.8;10;10500226806;B
20240528;100617;232.8;10;10500226927;B
20240528;100618;232.79;10;10500227010;S
20240528;100618;232.8;10;10500227067;B
20240528;100618;232.8;10;10500227206;B
20240528;100618;232.75;80;10500227259;S
20240528;100618;232.75;80;10500227260;S
20240528;100618;232.72;50;10500227261;S
20240528;100618;232.71;280;10500227262;S
20240528;100618;232.7;10;10500227263;S
20240528;100619;232.73;10;10500227274;B
20240528;100619;232.73;120;10500227330;B
20240528;100619;232.73;10;10500227469;B
20240528;100619;232.73;30;10500227511;B
20240528;100619;232.74;80;10500227512;B
20240528;100619;232.76;390;10500227513;B
20240528;100619;232.72;10;10500227572;B
20240528;100620;232.72;10;10500227675;B
20240528;100620;232.64;10;10500227805;B
20240528;100620;232.62;10;10500227921;B
20240528;100621;232.56;20;10500228045;S
20240528;100621;232.55;10;10500228046;S
20240528;100621;232.62;20;10500228081;B
20240528;100621;232.62;10;10500228091;B
20240528;100621;232.56;140;10500228159;S
20240528;100621;232.55;70;10500228160;S
20240528;100621;232.53;10;10500228161;S
20240528;100621;232.52;4000;10500228162;S
20240528;100621;232.51;400;10500228163;S
20240528;100621;232.5;10;10500228164;S
20240528;100621;232.5;200;10500228165;S
20240528;100621;232.5;170;10500228166;S
20240528;100621;232.6;10;10500228181;B
20240528;100621;232.58;10;10500228365;B
20240528;100622;232.59;10;10500228491;B
20240528;100622;232.42;70;10500228715;S
20240528;100622;232.41;80;10500228716;S
20240528;100622;232.41;1070;10500228717;B
20240528;100622;232.41;1810;10500228718;B
20240528;100622;232.41;1970;10500228719;B
20240528;100623;232.36;40;10500228811;S
20240528;100623;232.35;10;10500228812;S
20240528;100623;232.37;100;10500228895;S
20240528;100624;232.53;80;10500229445;B
20240528;100624;232.58;20;10500229446;B
20240528;100624;232.36;20;10500229555;S
20240528;100624;232.35;90;10500229556;S
20240528;100624;232.33;80;10500229557;S
20240528;100624;232.32;310;10500229558;S
20240528;100625;232.57;10;10500229887;B
20240528;100627;232.54;170;10500231072;B
20240528;100627;232.57;70;10500231073;B
20240528;100627;232.58;10;10500231074;B
20240528;100627;232.58;70;10500231075;B
20240528;100628;232.41;10;10500231122;S
20240528;100628;232.4;10;10500231123;S
20240528;100628;232.38;20;10500231124;S
20240528;100628;232.35;160;10500231125;S
20240528;100628;232.36;1230;10500231130;B
20240528;100628;232.36;30;10500231131;B
20240528;100628;232.56;80;10500231334;B
20240528;100628;232.57;80;10500231335;B
20240528;100628;232.57;40;10500231336;B
20240528;100628;232.57;40;10500231448;B
20240528;100629;232.57;30;10500231872;B
20240528;100630;232.42;80;10500232050;S
20240528;100630;232.42;20;10500232051;S
20240528;100630;232.42;170;10500232052;S
20240528;100630;232.4;80;10500232053;S
20240528;100630;232.39;10;10500232054;S
20240528;100630;232.38;470;10500232055;S
20240528;100631;232.42;80;10500232718;S
20240528;100631;232.42;20;10500232719;S
20240528;100632;232.42;60;10500232766;S
20240528;100632;232.4;10;10500232767;S
20240528;100632;232.39;10;10500232768;S
20240528;100632;232.34;10;10500232769;S
20240528;100632;232.34;110;10500232770;S
20240528;100632;232.5;10;10500232791;S
20240528;100633;232.33;400;10500232976;S
20240528;100634;232.51;170;10500233197;B
20240528;100634;232.53;140;10500233198;B
20240528;100634;232.54;80;10500233199;B
20240528;100634;232.56;80;10500233200;B
20240528;100634;232.56;130;10500233201;B
20240528;100636;232.43;80;10500234036;S
20240528;100636;232.42;170;10500234037;S
20240528;100637;232.55;80;10500234055;B
20240528;100637;232.56;20;10500234056;B
