<DATE>;<TIME>;<LAST>;<VOL>;<ID>;<OPER>
20240517;095941;236.59;10;10384752371;S
20240517;095941;236.59;90;10384752372;S
20240517;095941;236.59;20;10384752373;B
20240517;095941;236.59;10;10384752374;B
20240517;095941;236.59;40;10384752375;S
20240517;095941;236.59;10;10384752376;B
20240517;095941;236.59;50;10384752377;B
20240517;095941;236.59;20;10384752378;B
20240517;095941;236.59;10;10384752379;B
20240517;095941;236.59;70;10384752380;S
20240517;095941;236.59;20;10384752381;S
20240517;095941;236.59;50;10384752382;S
20240517;095941;236.59;80;10384752383;S
20240517;095941;236.59;10;10384752384;S
20240517;095941;236.59;10;10384752385;S
20240517;095941;236.59;10;10384752386;S
20240517;095941;236.59;30;10384752387;B
20240517;095941;236.59;10;10384752388;B
20240517;095941;236.59;40;10384752389;S
20240517;095941;236.59;20;10384752390;B
20240517;095941;236.59;50;10384752391;B
20240517;095941;236.59;40;10384752392;B
20240517;095941;236.59;130;10384752393;B
20240517;095941;236.59;40;10384752394;B
20240517;095941;236.59;60;10384752395;B
20240517;095941;236.59;10;10384752396;B
20240517;095941;236.59;10;10384752397;B
20240517;095941;236.59;40;10384752398;B
20240517;095941;236.59;50;10384752399;S
20240517;095941;236.59;20;10384752400;B
20240517;095941;236.59;290;10384752401;B
20240517;095941;236.59;100;10384752402;B
20240517;095941;236.59;10;10384752403;B
20240517;095941;236.59;30;10384752404;B
20240517;095941;236.59;10;10384752405;B
20240517;095941;236.59;60;10384752406;B
20240517;095941;236.59;20;10384752407;B
20240517;095941;236.59;50;10384752408;B
20240517;095941;236.59;10;10384752409;B
20240517;095941;236.59;100;10384752410;S
20240517;095941;236.59;10;10384752411;S
20240517;095941;236.59;10;10384752412;S
20240517;095941;236.59;70;10384752413;S
20240517;095941;236.59;20;10384752414;S
20240517;095941;236.59;10;10384752415;S
20240517;095941;236.59;10;10384752416;S
20240517;095941;236.59;290;10384752417;S
20240517;095941;236.59;10;10384752418;S
20240517;095941;236.59;10;10384752419;B
20240517;095941;236.59;40;10384752420;B
20240517;095941;236.59;20;10384752421;B
20240517;100000;236.59;320;10384755714;B
20240517;100000;236.59;500;10384755715;B
20240517;100000;236.59;30;10384755716;B
20240517;100000;236.59;100;10384755717;B
20240517;100000;236.59;50;10384755718;B
20240517;100000;236.58;200;10384755719;S
20240517;100000;236.58;10;10384755720;S
20240517;100000;236.55;130;10384755912;S
20240517;100000;236.51;10;10384756037;S
20240517;100000;236.5;30;10384756061;S
20240517;100000;236.5;20;10384756062;S
20240517;100000;236.45;40;10384756099;S
20240517;100000;236.44;10;10384756120;S
20240517;100000;236.44;760;10384756150;B
20240517;100000;236.45;40;10384756151;B
20240517;100000;236.59;50;10384756152;B
20240517;100000;236.59;30;10384756153;B
20240517;100000;236.65;10;10384756154;B
20240517;100000;236.65;40;10384756155;B
20240517;100000;236.79;70;10384756156;B
20240517;100000;236.35;250;10384756468;S
20240517;100001;236.34;70;10384756644;S
20240517;100001;236.32;760;10384756746;B
20240517;100001;236.31;60;10384756749;S
20240517;100001;236.3;80;10384756750;S
20240517;100001;236.29;100;10384756751;S
20240517;100001;236.29;30;10384756752;S
20240517;100001;236.28;10;10384756753;S
20240517;100001;236.28;30;10384756754;S
20240517;100001;236.32;70;10384756757;B
20240517;100001;236.32;70;10384756758;B
20240517;100001;236.32;70;10384756759;B
20240517;100001;236.32;70;10384756760;B
20240517;100001;236.32;70;10384756761;B
20240517;100001;236.32;410;10384756883;B
20240517;100001;236.33;60;10384756884;B
20240517;100001;236.33;60;10384756885;B
20240517;100001;236.34;70;10384756886;B
20240517;100001;236.36;260;10384756887;S
20240517;100001;236.35;70;10384756888;S
20240517;100001;236.35;60;10384756889;S
20240517;100001;236.35;100;10384756892;B
20240517;100001;236.36;60;10384756893;B
20240517;100001;236.36;510;10384757093;S
20240517;100001;236.36;20;10384757094;S
20240517;100001;236.35;700;10384757095;S
20240517;100001;236.36;350;10384757239;S
20240517;100001;236.35;10;10384757326;S
20240517;100001;236.4;40;10384757331;B
20240517;100001;236.4;60;10384757333;B
20240517;100001;236.41;760;10384757334;B
20240517;100001;236.42;60;10384757335;B
20240517;100001;236.42;60;10384757336;B
20240517;100001;236.43;30;10384757337;B
20240517;100001;236.67;30;10384757338;B
20240517;100001;236.37;20;10384757376;S
20240517;100001;236.25;20;10384757426;S
20240517;100001;236.25;20;10384757427;S
20240517;100001;236.23;510;10384757428;S
20240517;100001;236.22;60;10384757429;S
20240517;100001;236.22;60;10384757430;S
20240517;100001;236.22;70;10384757431;S
20240517;100001;236.21;190;10384757432;S
20240517;100001;236.2;20;10384757433;S
20240517;100001;236.2;30;10384757434;S
20240517;100001;236.16;10;10384757435;S
20240517;100001;236.15;40;10384757436;S
20240517;100001;236.15;800;10384757437;S
20240517;100001;236.15;850;10384757438;S
20240517;100001;236.14;320;10384757439;S
20240517;100001;236.12;10;10384757451;S
20240517;100002;236.36;60;10384757568;B
20240517;100002;236.32;10;10384757696;B
20240517;100002;236.32;70;10384757697;B
20240517;100002;236.33;760;10384757698;B
20240517;100002;236.34;60;10384757699;B
20240517;100002;236.35;10;10384757786;S
20240517;100002;236.35;50;10384757790;S
20240517;100002;236.35;10;10384757800;S
20240517;100002;236.34;10;10384757805;S
20240517;100002;236.34;30;10384757947;S
20240517;100002;236.34;60;10384757948;S
20240517;100002;236.18;60;10384757949;S
20240517;100002;236.16;60;10384757950;S
20240517;100002;236.15;670;10384757951;S
20240517;100002;236.16;10;10384758004;S
20240517;100002;236.16;10;10384758171;S
20240517;100002;236.16;40;10384758176;S
20240517;100002;236.15;100;10384758177;S
20240517;100002;236.13;360;10384758178;S
20240517;100002;236.14;60;10384758233;S
20240517;100002;236.12;20;10384758235;S
20240517;100002;236.14;20;10384758243;S
20240517;100002;236.14;490;10384758281;S
20240517;100002;236.13;60;10384758282;S
20240517;100002;236.12;190;10384758283;S
20240517;100002;236.12;300;10384758284;S
20240517;100002;236.12;1740;10384758285;S
20240517;100002;236.38;10;10384758430;B
20240517;100002;236.13;10;10384758461;S
20240517;100003;236.12;450;10384758591;S
20240517;100003;236.11;10;10384758592;S
20240517;100003;236.11;50;10384758593;S
20240517;100003;236.09;60;10384758594;S
20240517;100003;236.08;680;10384758595;S
20240517;100003;236.12;20;10384758657;S
20240517;100003;236.08;320;10384758658;S
20240517;100003;236.05;30;10384758659;S
20240517;100003;236.05;20;10384758660;S
20240517;100003;236.02;50;10384758661;S
20240517;100003;236.01;10;10384758662;S
20240517;100003;236.01;30;10384758663;S
20240517;100003;236.01;510;10384758664;S
20240517;100003;236.01;60;10384758665;S
20240517;100003;236;10;10384758666;S
20240517;100003;236;400;10384758667;S
20240517;100003;236;40;10384758668;S
20240517;100003;236;10;10384758738;S
20240517;100003;236;10;10384758739;S
20240517;100003;236;20;10384758740;S
20240517;100003;236;30;10384758741;S
20240517;100003;236.21;10;10384758813;B
20240517;100003;236.15;10;10384758870;S
20240517;100003;236;70;10384758871;S
20240517;100003;236.21;100;10384758872;B
20240517;100003;236.23;60;10384758873;B
20240517;100003;236.24;100;10384758874;B
20240517;100003;236.28;70;10384758875;B
20240517;100003;236.29;320;10384758876;B
20240517;100003;236.01;10;10384758927;S
20240517;100003;236.01;30;10384758970;S
20240517;100003;236.01;10;10384758975;S
20240517;100003;236.02;10;10384759016;S
20240517;100003;236.02;60;10384759047;S
20240517;100003;236.01;20;10384759048;S
20240517;100003;236.01;120;10384759049;S
20240517;100003;236.18;10;10384759086;B
20240517;100003;236.01;10;10384759118;S
20240517;100003;236.01;10;10384759120;S
20240517;100003;236.01;10;10384759125;S
20240517;100003;236.01;10;10384759218;S
20240517;100003;236.11;50;10384759245;S
20240517;100003;236.01;50;10384759246;S
20240517;100003;236.01;20;10384759248;S
20240517;100003;236.18;20;10384759253;B
20240517;100003;236.01;400;10384759270;S
20240517;100003;236.01;380;10384759271;S
20240517;100003;236.01;470;10384759273;S
20240517;100003;236.01;510;10384759274;S
20240517;100003;236;720;10384759275;S
20240517;100003;236;300;10384759276;S
20240517;100004;236;110;10384759289;S
20240517;100004;236;240;10384759310;S
20240517;100004;236;20;10384759311;S
20240517;100004;236;300;10384759312;S
20240517;100004;236;50;10384759313;S
20240517;100004;236;500;10384759314;S
20240517;100004;235.91;10;10384759315;S
20240517;100004;235.91;20;10384759316;S
20240517;100004;235.91;40;10384759317;S
20240517;100004;235.91;220;10384759318;S
20240517;100004;235.9;1500;10384759324;S
20240517;100004;235.9;290;10384759326;S
20240517;100004;235.9;20;10384759327;S
20240517;100004;235.9;200;10384759328;S
20240517;100004;235.9;20;10384759331;S
20240517;100004;236.06;30;10384759335;S
20240517;100004;236.06;30;10384759337;S
20240517;100004;236.18;30;10384759339;B
20240517;100004;236.19;100;10384759340;B
20240517;100004;236.24;20;10384759341;B
20240517;100004;236.06;10;10384759346;S
20240517;100004;236.06;30;10384759360;S
20240517;100004;236;20;10384759383;B
20240517;100004;236.01;10;10384759385;S
20240517;100004;236.01;10;10384759413;S
20240517;100004;236.01;10;10384759414;S
20240517;100004;236.18;20;10384759416;B
20240517;100004;236.2;30;10384759417;B
20240517;100004;236.02;400;10384759547;S
20240517;100004;236.02;10;10384759548;S
20240517;100004;236.02;50;10384759595;S
20240517;100004;236.2;30;10384759599;B
20240517;100004;236.02;450;10384759600;S
20240517;100004;236.02;20;10384759601;S
20240517;100004;236.01;10;10384759816;S
20240517;100004;236.01;100;10384759817;S
20240517;100004;236;40;10384759818;S
20240517;100004;236;20;10384759827;S
20240517;100004;236;1000;10384759871;S
20240517;100004;236;860;10384759874;S
20240517;100004;236;100;10384759875;S
20240517;100004;236;40;10384759876;S
20240517;100004;236;60;10384760096;S
20240517;100004;236;140;10384760097;S
20240517;100005;236;30;10384760116;S
20240517;100005;236;10;10384760129;S
20240517;100005;236;10;10384760206;S
20240517;100005;236.06;100;10384760613;S
20240517;100005;236.06;20;10384760618;S
20240517;100005;236.08;10;10384760619;B
20240517;100005;236.2;30;10384760620;B
20240517;100005;236.14;60;10384761039;B
20240517;100005;236.15;60;10384761040;B
20240517;100005;236.16;200;10384761041;B
20240517;100005;236.16;100;10384761042;B
20240517;100005;236.24;10;10384761044;B
20240517;100005;236.25;110;10384761172;B
20240517;100005;236.07;10;10384761231;S
20240517;100005;236.25;10;10384761271;B
20240517;100006;236.25;10;10384761447;B
20240517;100006;236.25;10;10384761460;B
20240517;100006;236.07;10;10384761585;S
20240517;100006;236.06;10;10384761586;S
20240517;100006;236.06;70;10384761699;S
20240517;100006;236.04;10;10384761700;S
20240517;100006;236.01;220;10384761701;S
20240517;100006;236.25;20;10384761739;B
20240517;100006;236.25;10;10384761744;B
20240517;100006;236.01;290;10384761858;S
20240517;100006;236.01;60;10384761859;S
20240517;100006;236.01;60;10384761860;S
20240517;100006;236;40;10384761861;S
20240517;100006;236.25;430;10384761884;B
20240517;100006;236.25;10;10384761975;B
20240517;100006;236.25;10;10384762183;B
20240517;100006;236.25;10;10384762185;B
20240517;100006;236.25;20;10384762584;B
20240517;100007;236.02;510;10384762984;S
20240517;100007;236.01;60;10384762985;S
20240517;100007;236;20;10384762986;S
20240517;100007;236.25;10;10384763437;B
20240517;100007;236.25;10;10384763438;B
20240517;100007;236.03;10;10384763456;S
20240517;100007;236.32;60;10384763522;B
20240517;100007;236.03;80;10384763664;S
20240517;100007;236.02;90;10384763665;S
20240517;100007;236;330;10384763666;S
20240517;100007;236.3;10;10384763810;B
20240517;100007;236.3;10;10384763984;B
20240517;100008;236;30;10384764299;S
20240517;100008;235.95;60;10384764300;S
20240517;100008;235.94;50;10384764313;S
20240517;100008;236.3;10;10384764314;B
20240517;100008;236.3;10;10384764315;B
20240517;100010;236.29;10;10384767289;B
20240517;100011;236.25;40;10384767728;B
20240517;100011;236.06;370;10384767796;S
20240517;100011;236.06;30;10384767797;S
20240517;100011;236.06;30;10384767798;S
20240517;100011;236.06;30;10384767799;S
20240517;100011;236;30;10384767800;S
20240517;100011;235.95;170;10384767801;S
20240517;100011;235.92;20;10384767802;S
20240517;100011;235.91;60;10384767803;S
20240517;100011;235.91;20;10384767804;S
20240517;100011;235.9;240;10384767805;S
20240517;100014;236.06;30;10384768259;S
20240517;100014;236.03;20;10384768260;S
20240517;100014;236.02;200;10384768261;S
20240517;100014;235.92;60;10384768262;S
20240517;100014;235.91;530;10384768263;S
20240517;100014;236.02;30;10384768311;B
20240517;100015;235.91;10;10384768433;S
20240517;100015;236.02;30;10384768452;B
20240517;100015;236.02;60;10384768453;B
20240517;100015;236.03;10;10384768454;B
20240517;100015;235.92;10;10384768601;S
20240517;100015;235.92;30;10384768620;S
20240517;100015;235.91;30;10384768621;S
20240517;100017;236.02;20;10384769058;B
20240517;100017;236.02;40;10384769096;B
20240517;100017;236.03;130;10384769097;B
20240517;100017;236.16;40;10384769098;B
20240517;100017;236.17;20;10384769099;B
20240517;100017;236.18;60;10384769100;B
20240517;100017;236.18;120;10384769101;B
20240517;100017;236.17;10;10384769110;B
20240517;100017;235.92;50;10384769111;S
20240517;100017;235.92;10;10384769121;S
20240517;100019;236.17;50;10384769430;B
20240517;100019;236.18;50;10384769431;B
20240517;100020;235.95;10;10384769710;S
20240517;100020;235.95;120;10384769711;S
20240517;100020;235.95;60;10384769712;S
20240517;100020;235.95;10;10384769713;S
20240517;100022;236.18;10;10384770359;B
20240517;100022;236.01;20;10384770365;S
20240517;100023;236.01;40;10384770485;S
20240517;100023;236.01;30;10384770486;S
20240517;100023;236.01;30;10384770499;S
20240517;100023;236;20;10384770500;S
20240517;100023;236;10;10384770547;S
20240517;100023;235.97;60;10384770548;S
20240517;100023;235.96;60;10384770549;S
20240517;100023;235.95;20;10384770550;S
20240517;100023;235.95;30;10384770551;S
20240517;100023;235.95;570;10384770552;S
20240517;100025;236.02;10;10384770813;S
20240517;100025;236;30;10384770814;S
20240517;100025;235.99;10;10384770815;S
20240517;100025;235.96;50;10384770816;S
20240517;100025;235.96;20;10384770817;S
20240517;100025;236;50;10384771046;B
20240517;100025;235.96;10;10384771184;S
20240517;100025;235.96;10;10384771185;S
20240517;100029;236.03;10;10384771991;B
20240517;100029;236.04;80;10384771992;B
20240517;100034;236.03;40;10384772850;B
20240517;100034;236.03;210;10384772939;B
20240517;100034;236.03;200;10384772985;B
20240517;100034;236.04;10;10384772986;B
20240517;100034;236.05;60;10384772987;B
20240517;100034;236.06;60;10384772988;B
20240517;100034;236.18;670;10384772989;B
20240517;100035;236.17;10;10384773233;B
20240517;100036;236.01;10;10384773282;S
20240517;100036;236;60;10384773283;S
20240517;100036;236;140;10384773284;S
20240517;100036;236.17;10;10384773330;B
20240517;100037;236.17;40;10384773360;B
20240517;100037;236.17;60;10384773361;B
20240517;100037;236.17;110;10384773362;S
20240517;100037;236.01;60;10384773439;S
20240517;100037;236.01;60;10384773440;S
20240517;100037;236;710;10384773441;S
20240517;100037;236;670;10384773442;B
20240517;100038;236.01;50;10384773533;S
20240517;100038;236.15;60;10384773590;B
20240517;100038;236.16;10;10384773591;B
20240517;100038;236.01;10;10384773597;S
20240517;100040;236.01;10;10384773789;S
20240517;100043;236.02;10;10384774286;S
20240517;100043;236.01;20;10384774287;S
20240517;100044;236.14;10;10384774611;B
20240517;100044;236.15;20;10384774612;B
20240517;100045;236.02;400;10384774819;S
20240517;100045;236.01;110;10384774820;S
20240517;100045;236;60;10384774821;S
20240517;100045;235.99;200;10384774822;S
20240517;100045;235.98;30;10384774823;S
20240517;100047;236.11;20;10384775131;B
20240517;100047;236.11;30;10384775190;B
20240517;100049;236.11;10;10384775423;B
20240517;100049;236.11;60;10384775424;B
20240517;100050;236.02;10;10384775672;S
20240517;100054;236.14;30;10384776510;B
20240517;100054;236.14;30;10384776528;B
20240517;100056;236.03;10;10384776873;S
20240517;100057;236.02;50;10384777059;S
20240517;100057;236.02;60;10384777060;S
20240517;100057;236.01;90;10384777061;S
20240517;100058;236.01;50;10384777170;S
20240517;100059;236.14;10;10384777226;B
20240517;100059;236.15;60;10384777227;B
20240517;100100;236.04;10;10384777439;S
20240517;100100;236.03;40;10384777440;S
20240517;100100;236.02;60;10384777441;S
20240517;100100;236.01;710;10384777442;S
20240517;100100;236.01;30;10384777443;S
20240517;100100;236;50;10384777444;S
20240517;100100;236;500;10384777445;S
20240517;100100;236.14;10;10384777465;B
20240517;100101;236.14;50;10384777574;B
20240517;100101;236.15;30;10384777575;B
20240517;100101;236.15;60;10384777576;B
20240517;100101;236.15;40;10384777577;B
20240517;100101;236.16;220;10384777578;B
20240517;100101;236.04;10;10384777586;S
20240517;100102;236.15;60;10384777749;B
20240517;100102;236.15;60;10384777750;B
20240517;100102;236.16;280;10384777751;B
20240517;100102;236.16;40;10384777752;B
20240517;100102;236.22;150;10384777753;B
20240517;100104;236.28;10;10384778152;B
20240517;100104;236.28;40;10384778153;B
20240517;100104;236.29;10;10384778154;B
20240517;100106;236.26;10;10384778636;B
20240517;100106;236.29;50;10384778637;B
20240517;100106;236.29;30;10384778638;B
20240517;100107;236.08;10;10384778830;S
20240517;100107;236.07;60;10384778831;S
20240517;100107;236.07;40;10384778832;S
20240517;100107;236.06;170;10384778833;S
20240517;100107;236.06;60;10384778834;S
20240517;100107;236.05;30;10384778835;S
20240517;100107;236.03;850;10384778836;S
20240517;100107;236.03;30;10384778837;S
20240517;100107;236.02;600;10384778838;S
20240517;100107;236;100;10384778839;S
20240517;100107;236;30;10384778840;S
20240517;100107;236;10;10384778841;S
20240517;100107;236;50;10384778842;S
20240517;100107;236;30;10384778843;S
20240517;100107;235.98;30;10384778844;S
20240517;100107;236.15;200;10384778859;S
20240517;100107;236.01;10;10384778869;S
20240517;100109;236.07;30;10384779169;B
20240517;100110;236.02;40;10384779269;S
20240517;100110;236.01;50;10384779270;S
20240517;100110;236.01;30;10384779271;S
20240517;100110;236.01;430;10384779272;S
20240517;100110;235.98;140;10384779273;S
20240517;100110;235.98;40;10384779274;S
20240517;100111;235.99;50;10384779520;S
20240517;100111;235.98;170;10384779521;S
20240517;100111;235.97;40;10384779522;S
20240517;100111;235.96;20;10384779523;S
20240517;100111;235.96;50;10384779524;S
20240517;100111;235.96;10;10384779525;S
20240517;100111;235.96;570;10384779526;S
20240517;100112;235.96;300;10384779645;S
20240517;100112;236.03;10;10384779654;B
20240517;100113;236.05;30;10384779684;B
20240517;100113;235.96;3130;10384779785;S
20240517;100113;235.96;760;10384779786;S
20240517;100113;235.96;110;10384779787;S
20240517;100115;236.04;50;10384780057;B
20240517;100117;236.04;10;10384780525;B
20240517;100117;236.05;50;10384780526;B
20240517;100119;236.06;60;10384781129;B
20240517;100119;236.06;60;10384781130;B
20240517;100119;236.07;80;10384781131;B
20240517;100119;235.98;10;10384781154;S
20240517;100119;235.97;40;10384781155;S
20240517;100119;236.07;20;10384781158;B
20240517;100120;236.07;120;10384781383;B
20240517;100120;236.08;40;10384781384;B
20240517;100120;236.13;60;10384781385;B
20240517;100120;236.17;170;10384781386;B
20240517;100120;236.2;110;10384781387;B
20240517;100123;236.07;60;10384782083;S
20240517;100123;236.06;180;10384782084;S
20240517;100123;236.04;40;10384782085;S
20240517;100123;236.03;60;10384782086;S
20240517;100123;236.03;110;10384782087;S
20240517;100123;236.02;50;10384782088;S
20240517;100124;236.18;40;10384782376;B
20240517;100124;236.19;20;10384782377;B
20240517;100127;236.03;20;10384782926;S
20240517;100127;236.02;60;10384782927;S
20240517;100127;236.02;20;10384782928;S
20240517;100131;236.09;10;10384783450;B
20240517;100131;236.1;40;10384783451;B
20240517;100131;236.19;60;10384783500;B
20240517;100131;236.19;40;10384783501;B
20240517;100131;236.2;80;10384783502;B
20240517;100131;236.2;20;10384783503;B
20240517;100133;236.12;50;10384783701;S
20240517;100133;236.13;10;10384783795;S
20240517;100133;236.12;10;10384783796;S
20240517;100133;236.12;610;10384783797;S
20240517;100133;236.11;170;10384783798;S
20240517;100133;236.11;40;10384783799;S
20240517;100133;236.11;60;10384783800;S
20240517;100134;236.11;10;10384783949;B
20240517;100134;236.1;70;10384783982;S
20240517;100134;236.1;110;10384783983;S
20240517;100135;236.11;100;10384784065;B
20240517;100135;236.1;410;10384784207;S
20240517;100137;236.1;140;10384784423;S
20240517;100138;236.11;30;10384784799;B
20240517;100143;236.11;50;10384785445;B
20240517;100144;236.11;10;10384785678;B
20240517;100146;236.11;100;10384785951;B
20240517;100147;236.11;210;10384785969;B
20240517;100147;236.1;10;10384785982;S
20240517;100148;236.11;10;10384786277;B
20240517;100148;236.1;10;10384786282;S
20240517;100149;236.11;60;10384786454;B
20240517;100154;236.11;70;10384787049;B
20240517;100155;236.11;30;10384787181;B
20240517;100155;236.11;70;10384787244;B
20240517;100157;236.1;10;10384787628;S
20240517;100159;236.11;30;10384788125;B
20240517;100203;236.11;10;10384788671;B
20240517;100203;236.1;10;10384788693;S
20240517;100204;236.11;80;10384788761;B
20240517;100204;236.1;3180;10384788785;S
20240517;100204;236.1;1070;10384788786;S
20240517;100204;236.1;170;10384788787;S
20240517;100204;236.1;200;10384788788;S
20240517;100204;236.1;40;10384788789;S
20240517;100204;236.1;10;10384788790;S
20240517;100204;236.1;20;10384788838;B
20240517;100204;236.1;10;10384788887;B
20240517;100206;236.09;20;10384789052;B
20240517;100206;236.1;60;10384789053;B
20240517;100206;236.1;30;10384789054;B
20240517;100206;236.1;30;10384789077;B
20240517;100206;236.11;100;10384789078;B
20240517;100206;236.11;30;10384789080;B
20240517;100206;236.11;100;10384789082;B
20240517;100206;236.11;10;10384789083;B
20240517;100206;236.11;70;10384789084;B
20240517;100206;236.14;60;10384789085;B
20240517;100206;236.18;70;10384789086;B
20240517;100206;236.19;20;10384789087;B
20240517;100206;236.25;90;10384789088;B
20240517;100206;236.22;160;10384789089;B
20240517;100206;236.22;10;10384789090;B
20240517;100206;236.23;70;10384789091;B
20240517;100206;236.24;20;10384789092;B
20240517;100206;236.16;60;10384789094;B
20240517;100206;236.21;370;10384789095;B
20240517;100206;236.21;30;10384789096;B
20240517;100206;236.2;40;10384789097;B
20240517;100206;236.2;20;10384789099;B
20240517;100207;236.2;20;10384789159;B
20240517;100212;236.1;30;10384789839;S
20240517;100212;236.18;50;10384789890;B
20240517;100212;236.19;70;10384789891;B
20240517;100212;236.19;30;10384789892;B
20240517;100212;236.2;100;10384789893;B
20240517;100213;236.19;80;10384790004;B
20240517;100213;236.19;10;10384790079;B
20240517;100215;236.13;60;10384790313;S
20240517;100215;236.13;210;10384790314;S
20240517;100226;236.2;70;10384791673;B
20240517;100226;236.21;50;10384791674;B
20240517;100230;236.2;50;10384792292;B
20240517;100231;236.19;50;10384793397;B
20240517;100232;236.19;10;10384793476;B
20240517;100235;236.16;10;10384793839;S
20240517;100235;236.16;120;10384793840;S
20240517;100237;236.19;110;10384794103;B
20240517;100242;236.18;70;10384794830;B
20240517;100242;236.19;30;10384794831;B
20240517;100244;236.18;50;10384795124;B
20240517;100244;236.19;570;10384795125;B
20240517;100245;236.15;140;10384795321;S
20240517;100245;236.15;170;10384795334;S
20240517;100245;236.15;30;10384795335;S
20240517;100246;236.19;20;10384795364;B
20240517;100246;236.2;20;10384795365;B
20240517;100248;236.15;10;10384795826;S
20240517;100248;236.15;300;10384795827;S
20240517;100248;236.15;400;10384795828;S
20240517;100248;236.13;70;10384795829;S
20240517;100248;236.12;60;10384795830;S
20240517;100248;236.11;170;10384795831;S
20240517;100248;236.1;20;10384795832;S
20240517;100248;236.09;60;10384795833;S
20240517;100248;236.02;490;10384795834;S
20240517;100248;236.01;760;10384795835;S
20240517;100248;236;260;10384795836;S
20240517;100248;236;10;10384795837;S
20240517;100248;236;500;10384795838;S
20240517;100248;235.99;10;10384795839;S
20240517;100248;235.96;90;10384795840;S
20240517;100248;235.95;30;10384795841;S
20240517;100248;235.94;30;10384795842;S
20240517;100248;235.94;80;10384795843;S
20240517;100248;235.93;650;10384795844;S
20240517;100249;235.95;30;10384796003;S
20240517;100249;236.06;60;10384796043;B
20240517;100249;236.06;10;10384796044;B
20240517;100251;235.96;20;10384796245;S
20240517;100251;235.96;10;10384796246;S
20240517;100254;236.17;10;10384796639;B
20240517;100254;236.19;60;10384796640;B
20240517;100255;236.09;10;10384796669;S
20240517;100257;236.12;10;10384797129;S
20240517;100257;236.12;290;10384797130;S
20240517;100259;236.16;10;10384797294;B
20240517;100301;236.11;50;10384797592;S
20240517;100301;236.11;400;10384797593;S
20240517;100304;236.13;60;10384798121;B
20240517;100304;236.13;20;10384798122;B
20240517;100305;236.03;60;10384798129;S
20240517;100305;236.03;60;10384798130;S
20240517;100305;236.03;80;10384798131;S
20240517;100311;236.03;200;10384799264;S
20240517;100311;236.03;400;10384799265;S
20240517;100311;236.03;30;10384799266;S
20240517;100311;236.03;60;10384799267;S
20240517;100311;236.03;30;10384799268;S
20240517;100311;236.03;30;10384799269;S
20240517;100311;236.03;30;10384799270;S
20240517;100311;236.03;30;10384799271;S
20240517;100311;236.02;40;10384799272;S
20240517;100311;236.02;220;10384799273;S
20240517;100311;236;1000;10384799274;S
20240517;100311;235.99;30;10384799275;S
20240517;100312;236.05;60;10384799334;B
20240517;100314;236.1;40;10384799720;B
20240517;100319;236.08;50;10384800569;B
20240517;100319;236.1;10;10384800570;B
20240517;100328;236.1;20;10384801895;B
20240517;100328;236.1;170;10384801896;B
20240517;100328;236.1;60;10384801897;B
20240517;100328;236.11;60;10384801898;B
20240517;100328;236.13;30;10384801899;B
20240517;100328;236.14;1540;10384801900;B
20240517;100328;236.15;120;10384801901;B
20240517;100328;236.18;10;10384802014;B
20240517;100328;236.18;60;10384802015;B
20240517;100328;236.19;20;10384802016;B
20240517;100332;236.21;10;10384802567;B
20240517;100332;236.23;20;10384802568;B
20240517;100332;236.1;10;10384802578;S
20240517;100332;236.1;50;10384802634;S
20240517;100332;236.1;400;10384802635;S
20240517;100332;236.1;60;10384802636;S
20240517;100332;236.09;60;10384802637;S
20240517;100332;236.09;210;10384802638;S
20240517;100332;236.05;170;10384802639;S
20240517;100332;236.03;50;10384802640;S
20240517;100332;236.02;60;10384802682;S
20240517;100332;236.02;60;10384802683;S
20240517;100332;236.01;180;10384802684;S
20240517;100333;236.08;30;10384802729;B
20240517;100334;236.09;60;10384802803;B
20240517;100334;236.09;20;10384802804;B
20240517;100334;236.09;40;10384802840;B
20240517;100334;236.09;30;10384802841;B
20240517;100334;236.1;20;10384802842;B
20240517;100335;236.04;30;10384802956;S
20240517;100336;236.17;60;10384803018;B
20240517;100336;236.17;40;10384803019;B
20240517;100342;236.14;60;10384803820;B
20240517;100342;236.15;40;10384803821;B
20240517;100344;236.17;20;10384804261;B
20240517;100345;236.13;150;10384804272;S
20240517;100346;236.18;40;10384804412;B
20240517;100347;236.17;60;10384804722;B
20240517;100347;236.18;190;10384804723;B
20240517;100351;236.13;50;10384805283;S
20240517;100351;236.13;250;10384805284;S
20240517;100352;236.18;10;10384805531;S
20240517;100352;236.15;400;10384805532;S
20240517;100353;236.16;60;10384805602;B
20240517;100353;236.16;50;10384805603;B
20240517;100355;236.16;120;10384805893;B
20240517;100359;236.15;50;10384806545;B
20240517;100404;236.12;20;10384807286;B
20240517;100410;236.11;500;10384808345;B
20240517;100410;236.11;40;10384808347;B
20240517;100410;236.11;20;10384808513;B
20240517;100410;236.11;90;10384808552;B
20240517;100413;236.11;140;10384809018;B
20240517;100413;236.11;60;10384809019;B
20240517;100413;236.12;300;10384809020;B
20240517;100415;236.11;10;10384809186;B
20240517;100415;236.12;60;10384809187;B
20240517;100423;236.08;30;10384810382;S
20240517;100423;236.08;400;10384810383;S
20240517;100423;236.08;500;10384810384;S
20240517;100423;236.07;40;10384810385;S
20240517;100423;236.07;60;10384810386;S
20240517;100423;236.07;220;10384810387;S
20240517;100423;236.07;170;10384810388;S
20240517;100423;236.06;60;10384810389;S
20240517;100423;236.05;60;10384810390;S
20240517;100423;236.05;30;10384810391;S
20240517;100423;236.03;40;10384810392;S
20240517;100423;236.02;30;10384810393;S
20240517;100423;236.01;440;10384810394;S
20240517;100424;236.1;60;10384810599;B
20240517;100424;236.11;60;10384810600;B
20240517;100424;236.11;60;10384810601;B
20240517;100424;236.11;20;10384810602;B
20240517;100424;236.1;10;10384810643;B
20240517;100424;236.1;90;10384810708;B
20240517;100428;236.11;20;10384811254;B
20240517;100433;236.09;10;10384811929;B
20240517;100434;236.09;30;10384812033;B
20240517;100436;236.01;10;10384812266;S
20240517;100436;236.01;90;10384812267;S
20240517;100438;236.09;60;10384812645;B
20240517;100440;236.08;200;10384812915;B
20240517;100440;236.09;40;10384812916;B
20240517;100440;236.09;60;10384812917;B
20240517;100440;236.1;4900;10384812918;B
20240517;100440;236.11;20;10384812919;B
20240517;100440;236.11;1900;10384812920;B
20240517;100440;236.12;640;10384812921;B
20240517;100440;236.13;170;10384812922;B
20240517;100440;236.15;70;10384812923;B
20240517;100440;236.15;20;10384812924;B
20240517;100440;236.15;30;10384812925;B
20240517;100440;236.16;30;10384812926;B
20240517;100440;236.16;10;10384812927;B
20240517;100440;236.2;50;10384812928;B
20240517;100440;236.2;30;10384812929;B
20240517;100440;236.21;4000;10384812930;B
20240517;100440;236.21;30;10384812931;B
20240517;100440;236.23;180;10384812932;B
20240517;100440;236.23;120;10384812933;B
20240517;100440;236.24;30;10384812934;B
20240517;100440;236.24;30;10384812935;B
20240517;100440;236.25;30;10384812937;B
20240517;100440;236.25;30;10384812938;B
20240517;100442;236.26;50;10384813265;B
20240517;100444;236.27;30;10384813409;B
20240517;100444;236.28;400;10384813410;B
20240517;100445;236.28;50;10384813489;B
20240517;100446;236.28;200;10384813587;B
20240517;100446;236.28;60;10384813596;S
20240517;100446;236.28;210;10384813597;S
20240517;100446;236.28;400;10384813598;S
20240517;100446;236.27;200;10384813599;S
20240517;100446;236.27;170;10384813600;S
20240517;100446;236.25;10;10384813601;S
20240517;100446;236.22;70;10384813602;S
20240517;100446;236.22;60;10384813603;S
20240517;100446;236.22;320;10384813604;S
20240517;100446;236.21;180;10384813605;S
20240517;100449;236.27;10;10384814331;B
20240517;100449;236.28;30;10384814332;B
20240517;100449;236.29;40;10384814333;B
20240517;100452;236.28;10;10384814895;B
20240517;100453;236.28;40;10384815166;B
20240517;100454;236.27;10;10384815199;B
20240517;100458;236.28;80;10384815677;B
20240517;100458;236.26;60;10384815752;S
20240517;100458;236.26;210;10384815753;S
20240517;100501;236.25;60;10384816495;S
20240517;100501;236.25;220;10384816496;S
20240517;100501;236.25;400;10384816497;S
20240517;100501;236.23;10;10384816498;S
20240517;100501;236.22;100;10384816499;S
20240517;100501;236.22;10;10384816500;S
20240517;100501;236.22;270;10384816501;S
20240517;100501;236.21;1880;10384816502;S
20240517;100503;236.21;20;10384816772;S
20240517;100504;236.25;30;10384816892;B
20240517;100504;236.22;70;10384816914;S
20240517;100504;236.22;60;10384816915;S
20240517;100504;236.21;1690;10384816916;S
20240517;100504;236.21;80;10384816999;S
20240517;100509;236.21;20;10384817623;S
20240517;100510;236.21;1000;10384817913;S
20240517;100510;236.21;230;10384817929;S
20240517;100511;236.21;10;10384818033;S
20240517;100513;236.21;430;10384818371;S
20240517;100513;236.21;230;10384818411;S
20240517;100515;236.24;50;10384818609;B
20240517;100515;236.24;70;10384818610;B
20240517;100516;236.21;2030;10384818766;S
20240517;100516;236.2;60;10384818767;S
20240517;100516;236.18;400;10384818768;S
20240517;100518;236.16;60;10384819187;B
20240517;100520;236.16;110;10384819456;B
20240517;100520;236.17;70;10384819457;B
20240517;100520;236.19;90;10384819458;B
20240517;100523;236.18;20;10384819982;B
20240517;100524;236.18;10;10384820075;B
20240517;100524;236.18;140;10384820087;B
20240517;100524;236.19;420;10384820088;B
20240517;100524;236.19;440;10384820089;B
20240517;100524;236.12;10;10384820092;S
20240517;100524;236.12;40;10384820093;S
20240517;100524;236.19;70;10384820216;B
20240517;100524;236.19;20;10384820217;B
20240517;100527;236.12;10;10384820759;S
20240517;100529;236.19;30;10384820917;B
20240517;100531;236.12;40;10384821297;S
20240517;100531;236.12;70;10384821321;S
20240517;100531;236.12;430;10384821322;S
20240517;100533;236.11;10;10384821508;S
20240517;100533;236.11;240;10384821509;S
20240517;100535;236.13;70;10384822132;B
20240517;100538;236.12;50;10384822391;S
20240517;100541;236.12;60;10384822940;B
20240517;100541;236.13;30;10384822941;B
20240517;100544;236.11;200;10384823326;S
20240517;100544;236.12;60;10384823426;B
20240517;100544;236.13;30;10384823427;B
20240517;100544;236.13;20;10384823431;B
20240517;100546;236.13;20;10384823663;B
20240517;100547;236.11;10;10384823817;S
20240517;100547;236.1;390;10384823818;S
20240517;100550;236.12;30;10384824352;B
20240517;100554;236.12;40;10384824771;B
20240517;100554;236.09;10;10384824818;S
20240517;100554;236.08;20;10384824819;S
20240517;100554;236.07;30;10384824820;S
20240517;100554;236.06;30;10384824821;S
20240517;100556;236.05;60;10384825149;S
20240517;100556;236.04;40;10384825150;S
20240517;100557;236.03;60;10384825221;S
20240517;100557;236.03;40;10384825222;S
20240517;100604;236.11;70;10384826182;B
20240517;100604;236.11;10;10384826188;B
20240517;100605;236.07;50;10384826400;S
20240517;100610;236.11;430;10384826830;B
20240517;100610;236.12;10;10384826831;B
20240517;100610;236.12;470;10384826832;B
20240517;100610;236.12;90;10384826833;B
20240517;100610;236.11;140;10384826906;B
20240517;100612;236.05;450;10384827064;S
20240517;100614;236.05;10;10384827276;S
20240517;100615;236.11;60;10384827525;B
20240517;100618;236.1;10;10384827961;S
20240517;100621;236.1;80;10384828329;S
20240517;100624;236.1;110;10384828569;B
20240517;100624;236.11;70;10384828570;B
20240517;100624;236.12;210;10384828571;B
20240517;100625;236.12;80;10384828668;B
20240517;100625;236.12;70;10384828669;B
20240517;100625;236.12;70;10384828716;B
20240517;100627;236.09;20;10384829015;S
20240517;100629;236.11;10;10384829164;B
20240517;100631;236.11;50;10384829299;B
20240517;100631;236.09;30;10384829343;S
20240517;100631;236.11;440;10384829389;B
20240517;100632;236.11;30;10384829470;S
20240517;100634;236.12;10;10384829829;B
20240517;100635;236.12;110;10384829952;B
20240517;100636;236.12;10;10384829979;B
20240517;100640;236.12;50;10384830678;B
20240517;100643;236.12;330;10384831019;B
20240517;100643;236.12;700;10384831020;B
20240517;100643;236.12;270;10384831021;B
20240517;100643;236.13;830;10384831022;B
20240517;100643;236.13;50;10384831023;B
20240517;100643;236.13;30;10384831024;B
20240517;100643;236.13;90;10384831025;B
20240517;100643;236.13;70;10384831026;B
20240517;100643;236.18;440;10384831027;B
20240517;100643;236.19;170;10384831028;B
20240517;100643;236.24;10;10384831030;B
20240517;100644;236.26;100;10384831173;S
20240517;100645;236.28;80;10384831399;B
20240517;100645;236.26;20;10384831503;S
20240517;100650;236.28;290;10384832411;B
20240517;100650;236.28;60;10384832412;B
20240517;100650;236.29;50;10384832413;B
20240517;100650;236.29;70;10384832414;B
20240517;100650;236.3;140;10384832415;B
20240517;100650;236.3;1000;10384832416;B
20240517;100650;236.3;30;10384832417;B
20240517;100650;236.31;20;10384832418;B
20240517;100650;236.31;30;10384832419;B
20240517;100650;236.32;50;10384832420;B
20240517;100650;236.32;10;10384832421;B
20240517;100651;236.32;260;10384832479;B
20240517;100652;236.32;180;10384832599;B
20240517;100652;236.32;30;10384832600;B
20240517;100652;236.33;30;10384832601;B
20240517;100652;236.33;10;10384832602;B
20240517;100652;236.33;10;10384832603;B
20240517;100652;236.34;30;10384832680;B
20240517;100655;236.35;30;10384833086;B
20240517;100655;236.37;30;10384833087;B
20240517;100655;236.41;30;10384833088;B
20240517;100659;236.42;30;10384833760;B
20240517;100659;236.42;10;10384833761;B
20240517;100659;236.43;20;10384833762;B
20240517;100700;236.43;10;10384833891;B
20240517;100704;236.39;170;10384834416;S
20240517;100704;236.38;70;10384834417;S
20240517;100704;236.34;60;10384834418;S
20240517;100704;236.42;30;10384834470;B
20240517;100707;236.36;350;10384834920;S
20240517;100709;236.4;50;10384835164;B
20240517;100709;236.4;10;10384835165;B
20240517;100710;236.4;10;10384835245;B
20240517;100711;236.4;10;10384835367;B
20240517;100711;236.4;30;10384835368;B
20240517;100711;236.4;30;10384835369;B
20240517;100711;236.41;30;10384835370;B
20240517;100713;236.42;30;10384835627;B
20240517;100718;236.39;10;10384836528;S
20240517;100720;236.4;10;10384836850;B
20240517;100720;236.4;30;10384836851;B
20240517;100720;236.42;20;10384836852;B
20240517;100720;236.37;20;10384836931;S
20240517;100726;236.36;50;10384837829;S
20240517;100727;236.42;10;10384837974;B
20240517;100727;236.42;30;10384837975;B
20240517;100727;236.42;60;10384837976;B
20240517;100728;236.35;70;10384838117;S
20240517;100728;236.34;200;10384838118;S
20240517;100728;236.34;170;10384838119;S
20240517;100733;236.33;10;10384838562;B
20240517;100734;236.33;10;10384838745;B
20240517;100734;236.33;50;10384838746;B
20240517;100734;236.33;30;10384838789;B
20240517;100734;236.34;1970;10384838790;B
20240517;100735;236.32;50;10384838901;S
20240517;100738;236.32;20;10384839389;S
20240517;100738;236.34;40;10384839470;B
20240517;100739;236.34;20;10384839672;B
20240517;100742;236.32;10;10384840065;S
20240517;100744;236.34;30;10384840357;B
20240517;100744;236.38;40;10384840358;B
20240517;100745;236.32;70;10384840600;S
20240517;100745;236.39;750;10384840651;B
20240517;100746;236.35;10;10384840684;S
20240517;100746;236.33;120;10384840685;S
20240517;100748;236.38;50;10384841017;B
20240517;100750;236.32;70;10384841222;S
20240517;100750;236.32;170;10384841223;S
20240517;100750;236.31;210;10384841224;S
20240517;100752;236.37;50;10384841565;B
20240517;100753;236.37;70;10384841698;B
20240517;100757;236.38;80;10384842379;B
20240517;100757;236.39;10;10384842380;B
20240517;100800;236.32;10;10384842797;S
20240517;100800;236.31;80;10384842798;S
20240517;100800;236.31;310;10384842799;S
20240517;100804;236.36;40;10384843267;B
20240517;100805;236.38;80;10384843450;B
20240517;100805;236.38;60;10384843451;B
20240517;100808;236.39;70;10384844156;B
20240517;100815;236.37;10;10384845023;S
20240517;100816;236.37;30;10384845194;S
20240517;100816;236.38;80;10384845230;B
20240517;100817;236.38;80;10384845353;B
20240517;100817;236.39;80;10384845354;B
20240517;100818;236.38;30;10384845463;B
20240517;100819;236.33;10;10384845537;S
20240517;100824;236.38;10;10384846221;B
20240517;100824;236.38;30;10384846278;B
20240517;100825;236.38;30;10384846396;B
20240517;100828;236.38;50;10384846912;B
20240517;100831;236.33;50;10384847173;S
20240517;100832;236.33;10;10384847322;S
20240517;100832;236.33;10;10384847323;S
20240517;100832;236.32;150;10384847324;S
20240517;100832;236.32;120;10384847325;S
20240517;100832;236.31;170;10384847326;S
20240517;100832;236.31;40;10384847327;S
20240517;100832;236.3;10;10384847429;S
20240517;100833;236.3;10;10384847463;S
20240517;100833;236.37;10;10384847544;B
20240517;100836;236.37;60;10384848008;B
20240517;100836;236.37;40;10384848009;B
20240517;100838;236.37;10;10384848292;B
20240517;100838;236.37;80;10384848293;B
20240517;100842;236.38;60;10384849205;B
20240517;100843;236.33;10;10384849372;S
20240517;100849;236.39;10;10384850449;B
20240517;100849;236.39;80;10384850545;B
20240517;100851;236.39;350;10384850782;B
20240517;100852;236.38;10;10384850867;S
20240517;100852;236.37;10;10384850868;S
20240517;100852;236.39;10;10384850875;B
20240517;100853;236.36;10;10384850940;S
20240517;100853;236.39;40;10384851025;B
20240517;100858;236.39;40;10384851509;B
20240517;100900;236.39;40;10384851928;B
20240517;100904;236.38;10;10384852452;S
20240517;100905;236.39;50;10384852513;B
20240517;100909;236.38;40;10384852969;B
20240517;100912;236.38;20;10384853177;B
20240517;100916;236.38;20;10384853649;B
20240517;100917;236.36;50;10384853796;S
20240517;100919;236.38;90;10384853969;B
20240517;100924;236.38;70;10384854509;B
20240517;100926;236.38;50;10384854736;B
20240517;100929;236.38;30;10384855137;B
20240517;100933;236.38;60;10384855626;B
20240517;100937;236.38;30;10384856068;B
20240517;100941;236.35;200;10384856709;S
20240517;100941;236.34;90;10384856710;S
20240517;100941;236.33;90;10384856711;S
20240517;100941;236.33;100;10384856712;S
20240517;100941;236.32;20;10384856713;S
20240517;100943;236.33;20;10384856960;B
20240517;100943;236.33;60;10384856985;B
20240517;100944;236.33;20;10384857211;B
20240517;100946;236.33;130;10384857347;B
20240517;100946;236.34;90;10384857348;B
20240517;100946;236.36;280;10384857349;B
20240517;100948;236.36;60;10384857583;B
20240517;100950;236.31;60;10384858011;S
20240517;100951;236.34;10;10384858194;B
20240517;100952;236.31;40;10384858312;S
20240517;100953;236.31;150;10384858406;S
20240517;100953;236.3;50;10384858407;S
20240517;100954;236.3;80;10384858471;S
20240517;100955;236.33;80;10384858597;B
20240517;100956;236.36;10;10384858811;B
20240517;100959;236.33;20;10384859300;B
20240517;101000;236.3;10;10384859678;S
20240517;101001;236.3;200;10384859838;S
20240517;101004;236.32;20;10384860253;B
20240517;101004;236.3;340;10384860300;S
20240517;101006;236.3;50;10384860624;S
20240517;101007;236.3;60;10384860643;S
20240517;101007;236.3;10;10384860693;S
20240517;101007;236.3;330;10384860724;S
20240517;101008;236.3;250;10384860906;S
20240517;101009;236.32;10;10384860962;B
20240517;101009;236.32;30;10384860985;B
20240517;101009;236.33;60;10384860986;B
20240517;101013;236.3;60;10384861380;S
20240517;101013;236.33;50;10384861482;B
20240517;101014;236.3;180;10384861509;S
20240517;101020;236.32;10;10384862353;B
20240517;101020;236.33;50;10384862354;B
20240517;101020;236.3;20;10384862391;S
20240517;101022;236.3;1700;10384862568;S
20240517;101022;236.3;100;10384862569;S
20240517;101022;236.3;60;10384862570;S
20240517;101022;236.3;30;10384862571;S
20240517;101022;236.28;90;10384862572;S
20240517;101022;236.28;60;10384862573;S
20240517;101022;236.23;520;10384862574;S
20240517;101022;236.23;170;10384862575;S
20240517;101022;236.22;20;10384862576;S
20240517;101022;236.22;250;10384862577;S
20240517;101023;236.25;30;10384862670;B
20240517;101026;236.21;10;10384862936;S
20240517;101027;236.25;140;10384863009;B
20240517;101027;236.26;100;10384863010;B
20240517;101027;236.29;850;10384863011;B
20240517;101027;236.29;510;10384863012;B
20240517;101027;236.3;60;10384863013;B
20240517;101027;236.3;10;10384863014;B
20240517;101027;236.3;400;10384863015;B
20240517;101027;236.3;1990;10384863016;B
20240517;101027;236.32;60;10384863017;B
20240517;101027;236.35;50;10384863018;B
20240517;101027;236.36;940;10384863019;B
20240517;101027;236.37;30;10384863020;B
20240517;101027;236.37;1540;10384863021;B
20240517;101027;236.38;90;10384863022;B
20240517;101027;236.38;350;10384863023;B
20240517;101027;236.38;2800;10384863024;B
20240517;101027;236.39;570;10384863025;B
20240517;101027;236.39;890;10384863026;B
20240517;101027;236.4;4240;10384863027;B
20240517;101027;236.42;30;10384863028;B
20240517;101027;236.42;10;10384863029;B
20240517;101027;236.42;200;10384863030;B
20240517;101027;236.42;100;10384863031;B
20240517;101027;236.43;970;10384863032;B
20240517;101027;236.43;30;10384863033;B
20240517;101027;236.43;30;10384863034;B
20240517;101027;236.44;420;10384863035;B
20240517;101027;236.44;190;10384863036;B
20240517;101027;236.45;850;10384863037;B
20240517;101027;236.45;30;10384863038;B
20240517;101027;236.47;760;10384863039;B
20240517;101027;236.48;50;10384863040;B
20240517;101027;236.48;440;10384863041;B
20240517;101027;236.48;1820;10384863042;B
20240517;101027;236.49;670;10384863043;B
20240517;101027;236.35;20;10384863044;B
20240517;101030;236.38;50;10384863415;B
20240517;101030;236.31;60;10384863512;S
20240517;101030;236.31;90;10384863513;S
20240517;101030;236.31;90;10384863514;S
20240517;101030;236.28;10;10384863515;S
20240517;101031;236.28;500;10384863710;S
20240517;101036;236.36;60;10384864413;B
20240517;101036;236.36;40;10384864414;B
20240517;101036;236.34;20;10384864416;S
20240517;101036;236.34;10;10384864417;S
20240517;101036;236.38;30;10384864507;B
20240517;101040;236.42;40;10384864993;B
20240517;101044;236.44;40;10384865488;B
20240517;101045;236.46;60;10384865613;B
20240517;101046;236.39;10;10384865781;S
20240517;101047;236.48;850;10384865922;B
20240517;101047;236.48;510;10384865923;B
20240517;101047;236.49;2280;10384865924;B
20240517;101047;236.49;90;10384865925;B
20240517;101047;236.5;200;10384865926;B
20240517;101047;236.5;1500;10384865927;B
20240517;101047;236.5;40;10384865928;B
20240517;101047;236.5;40;10384865929;B
20240517;101047;236.5;250;10384865930;B
20240517;101047;236.5;1000;10384865931;B
20240517;101047;236.5;250;10384865932;B
20240517;101047;236.5;20;10384865933;B
20240517;101047;236.5;90;10384865934;B
20240517;101047;236.51;60;10384865935;B
20240517;101047;236.52;130;10384865936;B
20240517;101047;236.52;170;10384865937;B
20240517;101047;236.53;400;10384865938;B
20240517;101047;236.54;200;10384865939;B
20240517;101047;236.55;40;10384865940;S
20240517;101047;236.58;10;10384866003;B
20240517;101047;236.58;110;10384866016;B
20240517;101047;236.59;10;10384866017;B
20240517;101047;236.59;50;10384866018;B
20240517;101047;236.59;10;10384866019;B
20240517;101047;236.6;430;10384866020;B
20240517;101047;236.6;10;10384866021;B
20240517;101047;236.6;10;10384866022;B
20240517;101047;236.61;90;10384866023;B
20240517;101047;236.68;10;10384866024;B
20240517;101047;236.71;110;10384866025;B
20240517;101047;236.71;50;10384866032;B
20240517;101047;236.63;20;10384866036;S
20240517;101047;236.63;20;10384866037;S
20240517;101047;236.63;30;10384866038;S
20240517;101047;236.63;50;10384866039;S
20240517;101048;236.7;210;10384866050;B
20240517;101048;236.7;20;10384866068;B
20240517;101048;236.73;760;10384866069;B
20240517;101048;236.74;90;10384866070;B
20240517;101048;236.76;200;10384866071;B
20240517;101048;236.78;100;10384866072;B
20240517;101048;236.79;20;10384866073;B
20240517;101048;236.79;170;10384866074;B
20240517;101048;236.79;100;10384866075;B
20240517;101048;236.8;500;10384866076;B
20240517;101048;236.86;200;10384866077;B
20240517;101048;236.87;250;10384866078;B
20240517;101048;236.87;510;10384866079;B
20240517;101048;236.88;400;10384866080;B
20240517;101048;236.89;680;10384866081;B
20240517;101048;236.76;60;10384866082;S
20240517;101048;236.77;110;10384866084;S
20240517;101048;236.77;70;10384866086;S
20240517;101048;236.87;160;10384866089;B
20240517;101048;236.87;140;10384866091;B
20240517;101048;236.87;10;10384866104;B
20240517;101048;236.87;10;10384866130;B
20240517;101048;236.87;20;10384866140;B
20240517;101048;236.88;760;10384866141;B
20240517;101048;236.88;20;10384866142;B
20240517;101048;236.88;70;10384866143;B
20240517;101048;236.9;20;10384866144;B
20240517;101048;236.93;100;10384866145;B
20240517;101048;236.93;170;10384866146;B
20240517;101048;236.94;70;10384866147;B
20240517;101048;236.87;20;10384866149;B
20240517;101048;236.93;120;10384866150;B
20240517;101048;236.92;80;10384866156;B
20240517;101048;236.92;100;10384866171;B
20240517;101048;236.92;70;10384866176;B
20240517;101048;236.94;60;10384866177;B
20240517;101048;236.94;10;10384866178;B
20240517;101048;236.94;40;10384866179;B
20240517;101048;236.94;650;10384866180;B
20240517;101048;236.94;140;10384866181;B
20240517;101048;236.95;10;10384866182;B
20240517;101048;236.95;220;10384866183;B
20240517;101048;236.95;90;10384866184;B
20240517;101048;236.98;970;10384866185;B
20240517;101048;236.98;50;10384866188;B
20240517;101048;236.98;100;10384866190;B
20240517;101048;236.98;500;10384866191;B
20240517;101048;236.97;180;10384866192;B
20240517;101048;236.98;50;10384866193;B
20240517;101048;236.98;50;10384866195;B
20240517;101048;236.99;200;10384866196;B
20240517;101048;236.99;450;10384866197;B
20240517;101048;236.99;20;10384866198;B
20240517;101048;236.99;200;10384866199;B
20240517;101048;236.99;1000;10384866200;B
20240517;101048;236.99;10;10384866201;B
20240517;101048;236.99;220;10384866204;B
20240517;101048;236.99;10;10384866205;B
20240517;101048;236.99;90;10384866206;B
20240517;101048;236.99;180;10384866207;B
20240517;101048;236.99;570;10384866208;B
20240517;101048;236.99;80;10384866209;B
20240517;101048;237;190;10384866210;B
20240517;101048;237;30;10384866211;B
20240517;101048;237;130;10384866212;B
20240517;101049;236.99;300;10384866253;B
20240517;101049;236.99;10;10384866270;B
20240517;101049;236.99;400;10384866291;B
20240517;101049;236.99;40;10384866292;B
20240517;101049;237;20;10384866293;B
20240517;101049;236.99;350;10384866308;B
20240517;101049;237;10;10384866314;B
20240517;101049;237;250;10384866315;B
20240517;101049;237;10;10384866316;B
20240517;101049;237;50;10384866318;B
20240517;101049;237;10;10384866319;B
20240517;101049;237.01;90;10384866320;B
20240517;101049;237.02;90;10384866321;B
20240517;101049;237.05;10;10384866322;B
20240517;101049;237.13;90;10384866323;B
20240517;101049;237.13;750;10384866324;B
20240517;101049;237.17;10;10384866325;B
20240517;101049;237.17;720;10384866326;B
20240517;101049;237.18;180;10384866327;B
20240517;101049;237.12;30;10384866329;B
20240517;101049;237.12;210;10384866330;B
20240517;101049;237.12;140;10384866332;B
20240517;101049;237.14;90;10384866333;B
20240517;101049;237.17;220;10384866334;B
20240517;101049;237.17;100;10384866335;B
20240517;101049;237.16;30;10384866337;B
20240517;101049;237.12;60;10384866341;S
20240517;101050;237.16;10;10384866358;B
20240517;101050;237.15;60;10384866366;B
20240517;101050;237.17;170;10384866367;B
20240517;101050;237.17;50;10384866374;B
20240517;101050;237.14;10;10384866387;S
20240517;101050;237.17;10;10384866408;B
20240517;101050;237.17;500;10384866409;B
20240517;101050;237.18;150;10384866410;B
20240517;101051;237.14;80;10384866439;S
20240517;101051;237.14;170;10384866440;S
20240517;101051;237.13;10;10384866441;S
20240517;101051;237.13;10;10384866451;S
20240517;101051;237.12;250;10384866452;S
20240517;101051;237.11;260;10384866550;S
20240517;101052;237.11;260;10384866676;S
20240517;101052;237.11;190;10384866691;S
20240517;101052;237.1;70;10384866692;S
20240517;101052;237.11;260;10384866741;S
20240517;101055;237.11;100;10384867069;S
20240517;101055;237.14;10;10384867084;B
20240517;101055;237.11;100;10384867098;S
20240517;101056;237.11;80;10384867144;S
20240517;101056;237.1;20;10384867145;S
20240517;101056;237.12;10;10384867198;B
20240517;101056;237.14;20;10384867199;B
20240517;101056;237.15;90;10384867200;B
20240517;101056;237.16;170;10384867201;B
20240517;101056;237.18;90;10384867202;B
20240517;101056;237.18;620;10384867203;B
20240517;101059;237.13;80;10384867470;B
20240517;101102;237.05;90;10384868054;S
20240517;101102;237.04;70;10384868055;S
20240517;101102;237.04;90;10384868056;S
20240517;101103;237.01;10;10384868073;S
20240517;101103;237.08;60;10384868097;B
20240517;101104;236.97;90;10384868184;S
20240517;101104;236.96;10;10384868185;S
20240517;101104;237.03;10;10384868304;B
20240517;101104;237.05;100;10384868305;B
20240517;101104;237.06;10;10384868306;B
20240517;101104;237.08;80;10384868307;B
20240517;101106;236.95;70;10384868472;S
20240517;101107;237.01;10;10384868617;B
20240517;101107;237.05;10;10384868618;B
20240517;101107;237.08;370;10384868619;B
20240517;101107;237.08;90;10384868620;B
20240517;101107;237.08;90;10384868621;B
20240517;101107;237.09;70;10384868622;B
20240517;101107;237.09;50;10384868623;B
20240517;101107;237.09;310;10384868624;B
20240517;101108;236.99;10;10384868741;S
20240517;101110;237.03;10;10384869168;B
20240517;101110;237.04;50;10384869169;B
20240517;101111;236.96;170;10384869325;S
20240517;101111;236.95;60;10384869326;S
20240517;101111;236.95;90;10384869327;S
20240517;101111;236.95;90;10384869328;S
20240517;101111;236.92;90;10384869329;S
20240517;101111;236.91;1540;10384869330;S
20240517;101111;236.9;450;10384869331;S
20240517;101111;236.89;10;10384869332;S
20240517;101111;236.88;350;10384869333;S
20240517;101112;236.97;10;10384869475;B
20240517;101112;236.98;100;10384869487;B
20240517;101114;236.94;10;10384869815;B
20240517;101114;236.96;10;10384869816;B
20240517;101114;236.97;20;10384869817;B
20240517;101114;236.89;10;10384869820;S
20240517;101115;236.88;10;10384869863;S
20240517;101115;236.89;10;10384869879;B
20240517;101115;236.89;40;10384869967;B
20240517;101115;236.92;10;10384869968;B
20240517;101115;236.94;10;10384869969;B
20240517;101115;236.96;60;10384869970;B
20240517;101115;236.97;510;10384869971;B
20240517;101115;236.97;90;10384869972;B
20240517;101115;236.98;280;10384869973;B
20240517;101123;236.9;30;10384870818;S
20240517;101123;236.93;10;10384870824;B
20240517;101123;236.96;10;10384870825;B
20240517;101123;236.96;20;10384870826;B
20240517;101123;236.98;210;10384870828;S
20240517;101125;236.89;70;10384871034;S
20240517;101125;236.89;130;10384871035;S
20240517;101125;236.88;40;10384871036;S
20240517;101125;236.96;10;10384871117;B
20240517;101125;236.96;30;10384871118;B
20240517;101125;236.97;80;10384871119;B
20240517;101126;236.88;30;10384871197;S
20240517;101128;236.88;10;10384871452;S
20240517;101130;236.88;30;10384871825;S
20240517;101130;236.89;50;10384871881;B
20240517;101130;236.88;30;10384871900;S
20240517;101131;236.88;30;10384871947;S
20240517;101131;236.88;30;10384871990;S
20240517;101131;236.88;30;10384872025;S
20240517;101132;236.88;30;10384872060;S
20240517;101132;236.88;30;10384872118;S
20240517;101133;236.88;30;10384872158;S
20240517;101133;236.88;30;10384872209;S
20240517;101133;236.88;30;10384872289;S
20240517;101134;236.88;30;10384872424;S
20240517;101134;236.89;30;10384872596;B
20240517;101134;236.89;20;10384872597;B
20240517;101135;236.88;250;10384872637;S
20240517;101135;236.89;10;10384872647;B
20240517;101136;236.89;10;10384872819;B
20240517;101136;236.88;150;10384872844;S
20240517;101137;236.89;20;10384872953;B
20240517;101137;236.89;10;10384872954;B
20240517;101137;236.88;330;10384872968;S
20240517;101138;236.89;10;10384873045;B
20240517;101139;236.88;250;10384873185;S
20240517;101139;236.89;60;10384873201;B
20240517;101141;236.89;10;10384873418;B
20240517;101144;236.89;10;10384874172;B
20240517;101144;236.89;190;10384874173;B
20240517;101145;236.89;60;10384874351;B
20240517;101145;236.89;20;10384874434;B
20240517;101145;236.88;250;10384874457;S
20240517;101145;236.89;80;10384874458;B
20240517;101148;236.89;60;10384874840;B
20240517;101149;236.89;70;10384875022;B
20240517;101150;236.89;10;10384875069;B
20240517;101150;236.89;10;10384875070;B
20240517;101150;236.89;10;10384875071;B
20240517;101150;236.89;30;10384875080;B
20240517;101152;236.88;30;10384875311;S
20240517;101155;236.89;70;10384875578;B
20240517;101201;236.89;50;10384876515;B
20240517;101201;236.89;100;10384876516;B
20240517;101201;236.89;100;10384876517;B
20240517;101201;236.89;30;10384876518;B
20240517;101201;236.89;30;10384876519;B
20240517;101201;236.89;330;10384876520;B
20240517;101205;236.89;100;10384876929;B
20240517;101205;236.88;10;10384876949;S
20240517;101207;236.89;10;10384877192;B
20240517;101207;236.88;60;10384877193;S
20240517;101207;236.88;90;10384877194;S
20240517;101207;236.86;80;10384877277;B
20240517;101207;236.87;510;10384877278;B
20240517;101207;236.88;80;10384877279;B
20240517;101207;236.88;830;10384877280;B
20240517;101208;236.82;10;10384877458;B
20240517;101209;236.8;1000;10384877565;S
20240517;101209;236.81;10;10384877567;B
20240517;101209;236.8;10;10384877589;S
20240517;101210;236.85;60;10384877805;B
20240517;101211;236.8;840;10384877943;S
20240517;101213;236.8;270;10384878237;S
20240517;101213;236.8;40;10384878238;S
20240517;101213;236.8;40;10384878239;S
20240517;101214;236.81;30;10384878263;B
20240517;101218;236.77;10;10384878710;B
20240517;101218;236.78;40;10384878711;B
20240517;101220;236.75;20;10384879047;B
20240517;101221;236.75;10;10384879166;B
20240517;101221;236.75;220;10384879167;B
20240517;101223;236.76;10;10384879333;B
20240517;101223;236.77;30;10384879334;B
20240517;101224;236.76;10;10384879519;B
20240517;101224;236.77;10;10384879520;B
20240517;101224;236.78;10;10384879521;B
20240517;101224;236.79;10;10384879522;B
20240517;101224;236.79;40;10384879523;B
20240517;101229;236.75;10;10384880192;B
20240517;101229;236.75;10;10384880193;B
20240517;101229;236.75;10;10384880194;B
20240517;101229;236.77;10;10384880195;B
20240517;101229;236.78;10;10384880196;B
20240517;101229;236.8;10;10384880197;B
20240517;101229;236.81;90;10384880198;B
20240517;101230;236.82;10;10384880464;B
20240517;101230;236.82;10;10384880465;B
20240517;101230;236.83;10;10384880466;B
20240517;101230;236.85;10;10384880467;B
20240517;101234;236.84;10;10384881019;B
20240517;101234;236.86;10;10384881020;B
20240517;101234;236.87;50;10384881021;B
20240517;101239;236.85;10;10384881574;B
20240517;101240;236.86;10;10384881617;B
20240517;101240;236.87;40;10384881618;B
20240517;101244;236.88;40;10384882208;B
20240517;101245;236.88;470;10384882225;B
20240517;101245;236.89;170;10384882226;B
20240517;101247;236.88;10;10384882538;B
20240517;101248;236.87;80;10384882597;B
20240517;101249;236.89;40;10384882724;B
20240517;101255;236.87;30;10384883331;S
20240517;101256;236.87;80;10384883416;B
20240517;101256;236.87;10;10384883417;B
20240517;101300;236.85;40;10384884194;B
20240517;101300;236.84;10;10384884195;S
20240517;101300;236.81;940;10384884308;S
20240517;101300;236.81;40;10384884309;S
20240517;101300;236.8;10;10384884310;S
20240517;101300;236.79;760;10384884311;S
20240517;101300;236.79;270;10384884312;S
20240517;101300;236.79;80;10384884313;S
20240517;101300;236.78;1000;10384884314;S
20240517;101300;236.78;170;10384884315;S
20240517;101300;236.77;60;10384884316;S
20240517;101300;236.74;40;10384884317;S
20240517;101300;236.73;1540;10384884318;S
20240517;101300;236.71;2400;10384884319;S
20240517;101300;236.7;2850;10384884320;S
20240517;101300;236.7;400;10384884321;S
20240517;101300;236.68;10;10384884322;S
20240517;101302;236.7;10;10384884420;B
20240517;101302;236.66;1110;10384884422;S
20240517;101302;236.66;20;10384884423;S
20240517;101302;236.66;1110;10384884543;S
20240517;101302;236.66;1110;10384884544;S
20240517;101303;236.66;1110;10384884571;S
20240517;101303;236.67;70;10384884630;B
20240517;101303;236.66;1110;10384884632;S
20240517;101303;236.66;1110;10384884633;S
20240517;101303;236.66;1110;10384884634;S
20240517;101303;236.66;950;10384884636;S
20240517;101305;236.67;480;10384884790;B
20240517;101305;236.67;400;10384884791;B
20240517;101305;236.68;90;10384884792;B
20240517;101305;236.69;30;10384884793;B
20240517;101307;236.67;10;10384885098;B
20240517;101308;236.66;420;10384885128;S
20240517;101310;236.67;80;10384885500;B
20240517;101315;236.67;10;10384886080;B
20240517;101318;236.66;10;10384886728;S
20240517;101318;236.66;40;10384886811;S
20240517;101318;236.67;10;10384886860;B
20240517;101318;236.67;90;10384886861;B
20240517;101319;236.66;120;10384886876;S
20240517;101320;236.66;10;10384887079;S
20240517;101320;236.67;10;10384887259;B
20240517;101323;236.67;40;10384887696;B
20240517;101324;236.66;950;10384887789;S
20240517;101324;236.66;20;10384887790;S
20240517;101324;236.66;1110;10384887791;S
20240517;101324;236.66;40;10384887792;S
20240517;101327;236.67;40;10384888215;B
20240517;101328;236.66;90;10384888357;S
20240517;101328;236.66;210;10384888386;S
20240517;101329;236.66;40;10384888498;S
20240517;101332;236.67;10;10384888739;B
20240517;101333;236.67;20;10384888898;B
20240517;101335;236.67;20;10384889111;B
20240517;101336;236.67;10;10384889227;B
20240517;101336;236.67;10;10384889228;B
20240517;101336;236.68;50;10384889229;B
20240517;101336;236.7;30;10384889230;B
20240517;101337;236.75;60;10384889345;B
20240517;101337;236.75;510;10384889346;B
20240517;101337;236.76;60;10384889347;B
20240517;101337;236.76;100;10384889348;B
20240517;101337;236.77;400;10384889349;B
20240517;101337;236.78;170;10384889350;B
20240517;101337;236.79;1540;10384889351;B
20240517;101337;236.8;1000;10384889352;B
20240517;101337;236.81;760;10384889353;B
20240517;101337;236.84;50;10384889354;B
20240517;101337;236.86;1540;10384889355;B
20240517;101337;236.88;850;10384889356;B
20240517;101337;236.89;1080;10384889357;B
20240517;101337;236.89;1100;10384889358;B
20240517;101337;236.98;100;10384889359;B
20240517;101337;236.98;440;10384889360;B
20240517;101337;237;30;10384889361;B
20240517;101337;237;300;10384889362;B
20240517;101337;237;10;10384889363;B
20240517;101337;237.01;900;10384889364;B
20240517;101338;236.9;90;10384889525;B
20240517;101338;236.92;400;10384889526;B
20240517;101338;236.93;100;10384889527;B
20240517;101338;236.96;510;10384889528;B
20240517;101338;236.96;130;10384889529;B
20240517;101343;236.9;60;10384890009;S
20240517;101343;236.89;10;10384890059;S
20240517;101344;236.99;20;10384890188;B
20240517;101344;237;70;10384890189;B
20240517;101347;236.95;20;10384890525;S
20240517;101347;236.93;90;10384890526;S
20240517;101347;236.92;90;10384890527;S
20240517;101347;236.92;80;10384890528;S
20240517;101347;236.9;170;10384890529;S
20240517;101347;236.87;70;10384890530;S
20240517;101347;236.87;180;10384890531;S
20240517;101348;236.95;60;10384890647;B
20240517;101349;236.96;50;10384890866;B
20240517;101352;236.96;20;10384891147;B
20240517;101352;236.97;40;10384891148;B
20240517;101357;236.88;10;10384892124;S
20240517;101357;236.88;90;10384892128;S
20240517;101357;236.87;60;10384892129;S
20240517;101357;236.86;90;10384892130;S
20240517;101357;236.85;80;10384892131;S
20240517;101357;236.83;170;10384892132;S
20240517;101357;236.82;290;10384892133;S
20240517;101358;236.89;70;10384892210;B
20240517;101403;236.87;60;10384892854;B
20240517;101404;236.87;170;10384893018;B
20240517;101407;236.8;10;10384893375;S
20240517;101409;236.84;40;10384893666;B
20240517;101413;236.79;50;10384894251;B
20240517;101413;236.76;10;10384894409;S
20240517;101415;236.79;10;10384894632;B
20240517;101420;236.79;310;10384895367;B
20240517;101421;236.76;20;10384895525;S
20240517;101421;236.76;10;10384895526;S
20240517;101421;236.73;90;10384895527;S
20240517;101421;236.72;90;10384895528;S
20240517;101421;236.71;190;10384895529;S
20240517;101422;236.79;100;10384895582;B
20240517;101427;236.82;10;10384896179;B
20240517;101428;236.78;90;10384896283;S
20240517;101428;236.78;330;10384896284;B
20240517;101429;236.85;60;10384896288;B
20240517;101431;236.73;60;10384896671;S
20240517;101433;236.8;50;10384896906;B
20240517;101435;236.8;70;10384897174;B
20240517;101439;236.8;40;10384898238;B
20240517;101444;236.8;80;10384898740;B
20240517;101444;236.8;10;10384898761;B
20240517;101447;236.8;10;10384899047;B
20240517;101447;236.74;30;10384899104;S
20240517;101447;236.74;10;10384899120;S
20240517;101448;236.74;10;10384899127;S
20240517;101448;236.74;30;10384899209;B
20240517;101449;236.74;450;10384899219;B
20240517;101449;236.72;10;10384899368;S
20240517;101451;236.74;100;10384899543;B
20240517;101451;236.74;100;10384899550;B
20240517;101451;236.74;100;10384899557;B
20240517;101451;236.74;100;10384899564;B
20240517;101451;236.74;100;10384899575;B
20240517;101451;236.73;100;10384899583;B
20240517;101451;236.73;100;10384899586;B
20240517;101452;236.73;100;10384899594;B
20240517;101452;236.73;100;10384899601;B
20240517;101452;236.73;100;10384899612;B
20240517;101452;236.73;100;10384899626;B
20240517;101452;236.73;100;10384899649;B
20240517;101452;236.73;10;10384899659;B
20240517;101452;236.73;100;10384899663;B
20240517;101452;236.73;10;10384899665;B
20240517;101452;236.73;100;10384899667;B
20240517;101452;236.73;100;10384899729;B
20240517;101452;236.73;100;10384899731;B
20240517;101453;236.73;100;10384899735;B
20240517;101453;236.74;100;10384899761;B
20240517;101453;236.74;100;10384899778;B
20240517;101453;236.74;100;10384899782;B
20240517;101453;236.74;100;10384899796;B
20240517;101453;236.74;100;10384899803;B
20240517;101453;236.74;100;10384899809;B
20240517;101453;236.74;100;10384899820;B
20240517;101453;236.71;100;10384899821;S
20240517;101453;236.71;10;10384899822;S
20240517;101453;236.7;10;10384899823;S
20240517;101453;236.74;100;10384899826;B
20240517;101453;236.74;100;10384899838;B
20240517;101456;236.74;200;10384900093;B
20240517;101456;236.74;20;10384900105;B
20240517;101457;236.74;80;10384900166;B
20240517;101458;236.71;10;10384900218;S
20240517;101459;236.72;100;10384900339;S
20240517;101501;236.73;100;10384900785;B
20240517;101501;236.72;30;10384900808;S
20240517;101502;236.73;30;10384900844;B
20240517;101502;236.73;20;10384900933;B
20240517;101503;236.73;40;10384901178;B
20240517;101506;236.73;20;10384901565;B
20240517;101514;236.73;10;10384902845;B
20240517;101514;236.72;30;10384902850;S
20240517;101515;236.73;30;10384903089;B
20240517;101515;236.75;90;10384903090;B
20240517;101517;236.73;30;10384903599;S
20240517;101519;236.75;70;10384903977;B
20240517;101520;236.74;100;10384904110;S
20240517;101520;236.74;70;10384904111;S
20240517;101520;236.73;40;10384904112;S
20240517;101520;236.75;10;10384904141;B
20240517;101520;236.72;210;10384904154;S
20240517;101521;236.72;10;10384904207;S
20240517;101521;236.72;10;10384904208;S
20240517;101521;236.72;190;10384904209;S
20240517;101521;236.72;210;10384904243;S
20240517;101523;236.71;30;10384904663;S
20240517;101523;236.75;50;10384904761;B
20240517;101524;236.75;10;10384904895;B
20240517;101524;236.75;10;10384904924;B
20240517;101525;236.75;20;10384905146;B
20240517;101527;236.77;10;10384905468;B
20240517;101529;236.78;20;10384905787;B
20240517;101531;236.78;10;10384906248;B
20240517;101533;236.73;90;10384906808;S
20240517;101533;236.73;10;10384906809;S
20240517;101533;236.72;10;10384906810;S
20240517;101533;236.71;2310;10384906811;S
20240517;101533;236.7;10;10384906812;S
20240517;101533;236.7;10;10384906813;S
20240517;101533;236.7;20;10384906814;S
20240517;101535;236.7;90;10384907201;B
20240517;101536;236.7;10;10384907417;B
20240517;101538;236.7;10;10384907852;B
20240517;101539;236.7;3000;10384908011;B
20240517;101540;236.7;70;10384908125;B
20240517;101540;236.7;10;10384908247;B
20240517;101544;236.7;40;10384908864;B
20240517;101544;236.7;10;10384908881;B
20240517;101544;236.7;10;10384908937;B
20240517;101545;236.69;10;10384909047;S
20240517;101545;236.69;10;10384909048;S
20240517;101545;236.7;10;10384909169;B
20240517;101546;236.69;10;10384909323;S
20240517;101547;236.69;10;10384909447;S
20240517;101547;236.68;10;10384909448;S
20240517;101548;236.7;10;10384909649;B
20240517;101548;236.7;50;10384909739;B
20240517;101551;236.68;10;10384910163;S
20240517;101551;236.68;10;10384910227;S
20240517;101551;236.68;110;10384910228;S
20240517;101551;236.68;10;10384910229;S
20240517;101551;236.68;10;10384910230;S
20240517;101551;236.68;10;10384910231;S
20240517;101551;236.68;10;10384910232;S
20240517;101551;236.68;10;10384910233;S
20240517;101551;236.67;40;10384910234;S
20240517;101552;236.67;10;10384910345;S
20240517;101552;236.67;10;10384910346;S
20240517;101552;236.67;10;10384910347;S
20240517;101552;236.67;70;10384910348;S
20240517;101552;236.67;10;10384910368;S
20240517;101553;236.67;20;10384910534;S
20240517;101553;236.67;10;10384910535;S
20240517;101553;236.67;10;10384910536;S
20240517;101553;236.66;490;10384910537;S
20240517;101553;236.66;470;10384910538;S
20240517;101555;236.69;10;10384910831;B
20240517;101555;236.69;30;10384910832;B
20240517;101555;236.7;30;10384910833;B
20240517;101555;236.7;10;10384910834;B
20240517;101600;236.7;20;10384911378;B
20240517;101604;236.67;10;10384911947;S
20240517;101604;236.67;10;10384911948;S
20240517;101604;236.67;10;10384911949;S
20240517;101604;236.66;30;10384911950;S
20240517;101605;236.69;40;10384912113;B
20240517;101606;236.66;10;10384912238;S
20240517;101607;236.66;2290;10384912361;S
20240517;101607;236.66;20;10384912362;S
20240517;101607;236.66;500;10384912363;S
20240517;101607;236.66;100;10384912364;S
20240517;101607;236.66;10;10384912365;S
20240517;101607;236.67;70;10384912369;B
20240517;101609;236.67;10;10384912773;B
20240517;101611;236.67;200;10384912930;B
20240517;101611;236.66;20;10384913022;S
20240517;101613;236.66;10;10384913218;S
20240517;101613;236.67;80;10384913247;B
20240517;101614;236.66;10;10384913385;S
20240517;101614;236.68;50;10384913401;B
20240517;101614;236.68;10;10384913416;B
20240517;101616;236.66;700;10384913745;S
20240517;101617;236.68;10;10384913831;B
20240517;101618;236.67;10;10384913926;S
20240517;101618;236.66;10;10384913948;S
20240517;101618;236.68;70;10384913951;B
20240517;101619;236.68;10;10384914148;B
20240517;101620;236.68;10;10384914215;B
20240517;101620;236.68;10;10384914376;B
20240517;101621;236.68;10;10384914572;B
20240517;101621;236.68;430;10384914573;B
20240517;101623;236.68;10;10384914820;S
20240517;101623;236.67;100;10384914821;S
20240517;101623;236.67;50;10384914822;S
20240517;101623;236.66;50;10384914823;S
20240517;101623;236.7;50;10384914845;B
20240517;101624;236.67;70;10384915179;S
20240517;101624;236.67;510;10384915180;S
20240517;101624;236.66;420;10384915181;S
20240517;101627;236.69;10;10384915659;B
20240517;101627;236.7;10;10384915762;B
20240517;101629;236.7;40;10384916221;B
20240517;101629;236.7;50;10384916231;B
20240517;101629;236.7;10;10384916241;B
20240517;101631;236.7;10;10384916582;B
20240517;101633;236.7;40;10384917074;B
20240517;101634;236.7;50;10384917304;B
20240517;101634;236.7;740;10384917306;B
20240517;101634;236.7;10;10384917307;B
20240517;101634;236.71;40;10384917308;B
20240517;101642;236.77;20;10384918441;B
20240517;101642;236.77;90;10384918442;B
20240517;101643;236.77;20;10384918636;B
20240517;101646;236.78;20;10384919106;B
20240517;101652;236.78;70;10384920145;B
20240517;101653;236.73;90;10384920303;S
20240517;101653;236.72;10;10384920304;S
20240517;101653;236.72;10;10384920305;S
20240517;101653;236.7;80;10384920447;S
20240517;101653;236.7;20;10384920448;S
20240517;101655;236.77;10;10384920682;B
20240517;101658;236.77;20;10384921128;B
20240517;101659;236.77;80;10384921181;B
20240517;101703;236.77;60;10384921667;B
20240517;101713;236.75;70;10384923086;B
20240517;101719;236.76;70;10384923998;B
20240517;101723;236.76;10;10384924749;B
20240517;101723;236.76;20;10384924750;B
20240517;101725;236.73;20;10384924989;S
20240517;101725;236.72;10;10384924990;S
20240517;101725;236.71;90;10384924991;S
20240517;101725;236.7;20;10384924992;S
20240517;101725;236.7;180;10384924993;S
20240517;101725;236.69;30;10384924994;S
20240517;101726;236.7;50;10384925122;B
20240517;101726;236.72;70;10384925160;B
20240517;101729;236.69;90;10384925424;B
20240517;101729;236.71;10;10384925425;B
20240517;101731;236.71;50;10384925720;B
20240517;101732;236.72;10;10384925775;B
20240517;101735;236.73;40;10384926038;B
20240517;101738;236.73;20;10384926320;B
20240517;101739;236.71;60;10384926370;S
20240517;101739;236.73;30;10384926383;B
20240517;101739;236.75;10;10384926384;B
20240517;101742;236.75;20;10384926712;B
20240517;101744;236.75;40;10384926865;B
20240517;101748;236.75;50;10384927380;B
20240517;101748;236.76;90;10384927381;B
20240517;101748;236.77;10;10384927382;B
20240517;101748;236.77;30;10384927383;B
20240517;101748;236.74;10;10384927410;S
20240517;101749;236.75;20;10384927677;B
20240517;101749;236.77;60;10384927678;B
20240517;101755;236.77;10;10384928680;B
20240517;101756;236.77;50;10384928924;B
20240517;101801;236.78;40;10384929835;B
20240517;101803;236.77;100;10384930065;S
20240517;101803;236.75;20;10384930066;S
20240517;101803;236.75;90;10384930067;S
20240517;101803;236.74;10;10384930068;S
20240517;101803;236.73;10;10384930069;S
20240517;101803;236.71;420;10384930070;S
20240517;101804;236.75;50;10384930125;B
20240517;101809;236.76;40;10384930795;B
20240517;101813;236.76;40;10384931218;B
20240517;101814;236.76;30;10384931335;B
20240517;101820;236.77;10;10384932451;B
20240517;101820;236.78;50;10384932452;B
20240517;101823;236.76;10;10384932866;S
20240517;101823;236.76;30;10384932867;S
20240517;101825;236.78;70;10384932993;B
20240517;101828;236.78;50;10384933353;B
20240517;101829;236.76;10;10384933438;S
20240517;101834;236.78;30;10384934012;B
20240517;101835;236.78;2160;10384934096;B
20240517;101835;236.78;330;10384934097;B
20240517;101835;236.79;20;10384934098;B
20240517;101835;236.8;650;10384934099;B
20240517;101835;236.8;350;10384934100;B
20240517;101835;236.8;50;10384934101;B
20240517;101835;236.8;370;10384934102;B
20240517;101835;236.85;50;10384934105;B
20240517;101835;236.88;10;10384934117;B
20240517;101835;236.88;90;10384934118;B
20240517;101835;236.88;140;10384934119;B
20240517;101835;236.88;530;10384934120;B
20240517;101835;236.88;60;10384934121;B
20240517;101835;236.87;90;10384934123;S
20240517;101835;236.87;20;10384934124;S
20240517;101835;236.88;10;10384934125;B
20240517;101835;236.88;170;10384934202;B
20240517;101835;236.9;50;10384934203;B
20240517;101835;236.91;80;10384934204;B
20240517;101835;236.93;60;10384934205;B
20240517;101835;236.95;40;10384934206;B
20240517;101840;236.95;10;10384934682;B
20240517;101840;236.97;10;10384934683;B
20240517;101840;236.97;20;10384934684;B
20240517;101840;236.97;20;10384934685;B
20240517;101840;236.98;20;10384934686;B
20240517;101840;236.98;10;10384934718;B
20240517;101842;236.94;90;10384934879;S
20240517;101842;236.94;400;10384934880;S
20240517;101842;236.93;10;10384934881;S
20240517;101842;236.98;30;10384934917;B
20240517;101843;236.98;940;10384935084;B
20240517;101843;237;50;10384935085;B
20240517;101843;237;20;10384935086;B
20240517;101843;237;250;10384935087;B
20240517;101843;237;310;10384935088;B
20240517;101843;237;10;10384935089;B
20240517;101843;237;90;10384935090;B
20240517;101843;237;100;10384935091;B
20240517;101843;237.01;10;10384935092;B
20240517;101843;237.02;10;10384935093;B
20240517;101843;237.02;190;10384935094;B
20240517;101843;237.03;170;10384935095;B
20240517;101843;237.04;80;10384935096;B
20240517;101843;237.05;250;10384935097;B
20240517;101843;237.05;10;10384935098;B
20240517;101843;237.05;1000;10384935099;B
20240517;101843;237.05;50;10384935100;B
20240517;101843;237.05;450;10384935101;B
20240517;101843;237.05;60;10384935102;B
20240517;101843;237.08;2000;10384935103;B
20240517;101843;237.09;3000;10384935104;B
20240517;101843;237.1;100;10384935105;B
20240517;101843;237.1;30;10384935106;B
20240517;101843;237.1;50;10384935107;B
20240517;101843;237.11;770;10384935108;B
20240517;101843;237.11;100;10384935124;B
20240517;101843;237.12;200;10384935125;B
20240517;101843;237.14;600;10384935126;B
20240517;101843;237.14;90;10384935127;B
20240517;101843;237.15;20;10384935128;B
20240517;101843;237.15;100;10384935129;B
20240517;101843;237.15;50;10384935130;B
20240517;101843;237.15;30;10384935131;B
20240517;101843;237.16;750;10384935132;B
20240517;101843;237.17;170;10384935133;B
20240517;101843;237.2;90;10384935134;B
20240517;101843;237.2;100;10384935135;B
20240517;101843;237.2;50;10384935136;B
20240517;101843;237.2;990;10384935137;B
20240517;101843;237.2;100;10384935138;B
20240517;101843;237.21;800;10384935139;B
20240517;101843;237.1;300;10384935140;S
20240517;101844;237.2;230;10384935158;B
20240517;101844;237.21;90;10384935159;B
20240517;101844;237.22;290;10384935160;B
20240517;101844;237.21;30;10384935161;B
20240517;101844;237.22;710;10384935162;B
20240517;101844;237.23;90;10384935163;B
20240517;101844;237.25;20;10384935164;B
20240517;101844;237.28;100;10384935165;B
20240517;101844;237.29;700;10384935166;B
20240517;101844;237.29;10;10384935167;B
20240517;101844;237.3;630;10384935168;B
20240517;101844;237.3;70;10384935169;B
20240517;101844;237.32;560;10384935170;B
20240517;101844;237.23;30;10384935172;B
20240517;101844;237.32;60;10384935173;B
20240517;101844;237.32;10;10384935204;B
20240517;101844;237.24;10;10384935219;S
20240517;101844;237.32;110;10384935253;B
20240517;101844;237.32;10;10384935254;B
20240517;101844;237.33;420;10384935255;B
20240517;101844;237.33;90;10384935256;B
20240517;101844;237.34;220;10384935257;B
20240517;101844;237.34;200;10384935260;B
20240517;101844;237.34;300;10384935261;B
20240517;101844;237.34;450;10384935269;B
20240517;101844;237.34;1090;10384935270;B
20240517;101844;237.35;420;10384935271;B
20240517;101844;237.35;100;10384935272;B
20240517;101844;237.35;890;10384935273;B
20240517;101845;237.34;430;10384935304;B
20240517;101845;237.32;30;10384935355;S
20240517;101847;237.35;510;10384935789;B
20240517;101847;237.35;90;10384935790;B
20240517;101847;237.36;420;10384935791;B
20240517;101847;237.36;980;10384935792;B
20240517;101848;237.36;10;10384935813;B
20240517;101849;237.35;50;10384936026;B
20240517;101849;237.36;10;10384936027;B
20240517;101855;237.36;50;10384936943;B
20240517;101855;237.36;10;10384936944;B
20240517;101858;237.33;20;10384937341;S
20240517;101901;237.34;10;10384938001;B
20240517;101901;237.35;50;10384938003;B
20240517;101901;237.35;10;10384938004;B
20240517;101901;237.36;20;10384938045;B
20240517;101901;237.37;60;10384938046;B
20240517;101901;237.37;120;10384938047;B
20240517;101901;237.37;200;10384938048;B
20240517;101901;237.37;40;10384938049;B
20240517;101902;237.38;210;10384938087;B
20240517;101902;237.38;10;10384938143;B
20240517;101903;237.35;100;10384938327;S
20240517;101903;237.35;170;10384938328;S
20240517;101903;237.34;80;10384938329;S
20240517;101905;237.37;30;10384938659;B
20240517;101905;237.38;10;10384938660;B
20240517;101905;237.38;10;10384938661;B
20240517;101905;237.38;160;10384938662;B
20240517;101905;237.38;420;10384938663;B
20240517;101905;237.39;40;10384938796;B
20240517;101905;237.39;380;10384938797;B
20240517;101907;237.4;210;10384939262;B
20240517;101908;237.4;100;10384939527;B
20240517;101908;237.4;30;10384939625;B
20240517;101908;237.38;40;10384939643;S
20240517;101908;237.38;10;10384939763;S
20240517;101909;237.39;20;10384939878;B
20240517;101909;237.39;20;10384939879;B
20240517;101909;237.39;10;10384939880;B
20240517;101909;237.39;20;10384939969;B
20240517;101910;237.4;40;10384940100;B
20240517;101910;237.4;40;10384940102;B
20240517;101910;237.4;390;10384940103;B
20240517;101911;237.4;10;10384940174;B
20240517;101911;237.4;10;10384940175;B
20240517;101911;237.4;30;10384940176;B
20240517;101911;237.39;100;10384940232;S
20240517;101911;237.39;170;10384940233;S
20240517;101911;237.37;120;10384940234;S
20240517;101913;237.37;30;10384940435;S
20240517;101913;237.4;10;10384940607;B
20240517;101914;237.38;30;10384940707;S
20240517;101916;237.37;20;10384940990;S
20240517;101916;237.37;10;10384940991;S
20240517;101917;237.4;50;10384941235;B
20240517;101917;237.4;100;10384941236;B
20240517;101917;237.41;420;10384941237;B
20240517;101917;237.43;80;10384941238;B
20240517;101917;237.44;50;10384941239;B
20240517;101917;237.44;10;10384941240;B
20240517;101917;237.45;30;10384941241;B
20240517;101917;237.45;10;10384941242;B
20240517;101917;237.45;10;10384941243;B
20240517;101917;237.45;10;10384941279;B
20240517;101917;237.45;10;10384941281;B
20240517;101917;237.44;120;10384941287;S
20240517;101917;237.44;100;10384941288;S
20240517;101917;237.43;170;10384941289;S
20240517;101917;237.41;400;10384941290;S
20240517;101917;237.4;10;10384941291;B
20240517;101917;237.4;20;10384941292;B
20240517;101917;237.4;60;10384941293;B
20240517;101918;237.4;330;10384941376;B
20240517;101918;237.39;30;10384941421;S
20240517;101918;237.4;100;10384941473;B
20240517;101919;237.4;10;10384941490;B
20240517;101919;237.4;10;10384941491;B
20240517;101919;237.4;10;10384941498;B
20240517;101920;237.4;10;10384941594;B
20240517;101920;237.4;10;10384941595;B
20240517;101920;237.4;20;10384941596;B
20240517;101920;237.4;10;10384941700;B
20240517;101920;237.4;10;10384941701;B
20240517;101921;237.4;10;10384941799;B
20240517;101921;237.4;30;10384941800;B
20240517;101922;237.4;10;10384941843;B
20240517;101923;237.4;610;10384942038;B
20240517;101923;237.45;190;10384942039;B
20240517;101925;237.45;60;10384942284;B
20240517;101926;237.43;10;10384942431;S
20240517;101926;237.43;20;10384942447;S
20240517;101926;237.43;70;10384942480;S
20240517;101926;237.43;130;10384942481;S
20240517;101930;237.45;40;10384942960;B
20240517;101931;237.45;60;10384943078;B
20240517;101932;237.45;80;10384943220;B
20240517;101932;237.45;10;10384943221;B
20240517;101932;237.46;20;10384943222;B
20240517;101932;237.48;50;10384943223;B
20240517;101932;237.48;60;10384943224;B
20240517;101932;237.49;200;10384943225;B
20240517;101932;237.5;10;10384943226;B
20240517;101932;237.5;570;10384943227;B
20240517;101932;237.5;60;10384943234;B
20240517;101932;237.5;20;10384943250;B
20240517;101932;237.5;1450;10384943255;B
20240517;101932;237.5;50;10384943256;B
20240517;101932;237.5;150;10384943257;B
20240517;101932;237.5;50;10384943258;B
20240517;101932;237.5;50;10384943259;B
20240517;101932;237.5;50;10384943260;B
20240517;101933;237.5;50;10384943325;B
20240517;101933;237.5;40;10384943326;B
20240517;101933;237.5;200;10384943327;B
20240517;101933;237.52;20;10384943328;B
20240517;101933;237.54;20;10384943329;B
20240517;101933;237.54;30;10384943338;B
20240517;101933;237.54;100;10384943339;B
20240517;101933;237.56;750;10384943340;B
20240517;101933;237.57;20;10384943341;B
20240517;101933;237.58;100;10384943342;B
20240517;101933;237.58;100;10384943343;B
20240517;101933;237.59;80;10384943344;B
20240517;101933;237.6;10;10384943345;B
20240517;101933;237.6;10;10384943346;B
20240517;101933;237.64;10;10384943347;B
20240517;101933;237.65;110;10384943348;B
20240517;101933;237.57;30;10384943349;B
20240517;101933;237.57;50;10384943350;B
20240517;101933;237.57;10;10384943351;B
20240517;101933;237.57;10;10384943352;B
20240517;101933;237.59;10;10384943358;S
20240517;101933;237.58;60;10384943359;S
20240517;101933;237.65;10;10384943404;B
20240517;101934;237.65;10;10384943425;B
20240517;101936;237.65;510;10384943680;B
20240517;101936;237.65;100;10384943681;B
20240517;101936;237.66;140;10384943682;B
20240517;101936;237.61;20;10384943699;S
20240517;101937;237.66;90;10384943779;B
20240517;101939;237.66;200;10384944083;B
20240517;101940;237.66;200;10384944273;B
20240517;101940;237.66;120;10384944338;B
20240517;101940;237.67;10;10384944339;B
20240517;101940;237.7;50;10384944363;B
20240517;101940;237.7;100;10384944364;B
20240517;101940;237.71;100;10384944365;B
20240517;101940;237.72;850;10384944366;B
20240517;101940;237.72;750;10384944367;B
20240517;101940;237.73;500;10384944368;B
20240517;101940;237.75;450;10384944369;B
20240517;101940;237.75;50;10384944370;B
20240517;101940;237.76;20;10384944371;B
20240517;101940;237.77;170;10384944372;B
20240517;101940;237.8;950;10384944373;B
20240517;101940;237.81;920;10384944374;B
20240517;101940;237.81;290;10384944375;B
20240517;101940;237.8;70;10384944407;B
20240517;101940;237.8;40;10384944443;B
20240517;101940;237.8;420;10384944444;B
20240517;101940;237.81;50;10384944445;B
20240517;101940;237.81;490;10384944446;B
20240517;101941;237.76;50;10384944570;S
20240517;101942;237.82;1000;10384944649;B
20240517;101943;237.81;100;10384944725;B
20240517;101943;237.82;150;10384944794;B
20240517;101943;237.82;80;10384944795;B
20240517;101944;237.81;20;10384944851;S
20240517;101944;237.81;200;10384944873;B
20240517;101945;237.82;970;10384945018;B
20240517;101945;237.82;100;10384945019;B
20240517;101945;237.85;10;10384945020;B
20240517;101945;237.86;10;10384945021;B
20240517;101945;237.86;170;10384945022;B
20240517;101945;237.87;850;10384945023;B
20240517;101945;237.87;510;10384945024;B
20240517;101945;237.88;2000;10384945025;B
20240517;101945;237.88;1000;10384945026;B
20240517;101945;237.88;1000;10384945027;B
20240517;101945;237.88;400;10384945028;B
20240517;101945;237.9;600;10384945029;B
20240517;101945;237.91;70;10384945030;B
20240517;101945;237.93;470;10384945031;B
20240517;101945;237.94;10;10384945032;B
20240517;101945;237.94;500;10384945033;B
20240517;101945;237.94;430;10384945034;B
20240517;101945;237.94;900;10384945035;B
20240517;101946;237.9;10;10384945089;S
20240517;101946;237.89;10;10384945108;S
20240517;101947;237.9;100;10384945199;S
20240517;101947;237.9;320;10384945272;S
20240517;101947;237.88;90;10384945273;S
20240517;101947;237.87;80;10384945274;S
20240517;101947;237.87;60;10384945275;S
20240517;101948;237.82;10;10384945319;S
20240517;101948;237.89;170;10384945369;B
20240517;101948;237.9;90;10384945370;B
20240517;101948;237.9;10;10384945371;B
20240517;101948;237.91;510;10384945372;B
20240517;101948;237.91;850;10384945373;B
20240517;101948;237.92;1000;10384945374;B
20240517;101948;237.94;100;10384945375;B
20240517;101948;237.95;10;10384945376;B
20240517;101948;237.95;300;10384945377;B
20240517;101948;237.97;20;10384945378;B
20240517;101948;237.97;50;10384945379;B
20240517;101948;237.97;600;10384945380;B
20240517;101948;237.98;240;10384945381;B
20240517;101948;237.99;1000;10384945382;B
20240517;101948;237.99;2100;10384945383;B
20240517;101948;237.99;10;10384945384;B
20240517;101948;237.99;10;10384945385;B
20240517;101948;237.99;920;10384945386;B
20240517;101948;238;60;10384945387;B
20240517;101948;238;10;10384945388;B
20240517;101948;238;120;10384945389;B
20240517;101948;238;500;10384945390;B
20240517;101948;238;500;10384945391;B
20240517;101948;238;10;10384945392;B
20240517;101948;238;810;10384945393;B
20240517;101949;237.91;20;10384945409;S
20240517;101949;237.91;150;10384945441;S
20240517;101949;237.91;10;10384945566;S
20240517;101949;237.9;70;10384945567;S
20240517;101949;237.98;20;10384945584;B
20240517;101949;237.98;10;10384945585;B
20240517;101950;237.92;10;10384945605;B
20240517;101951;237.94;90;10384945706;S
20240517;101952;237.9;10;10384945791;B
20240517;101952;237.91;30;10384945792;B
20240517;101952;237.91;20;10384945795;B
20240517;101952;237.92;30;10384945796;B
20240517;101954;237.92;110;10384946013;B
20240517;101954;237.92;10;10384946014;B
20240517;101954;237.95;90;10384946015;B
20240517;101954;237.95;60;10384946016;B
20240517;101954;237.98;10;10384946017;B
20240517;101954;237.98;120;10384946018;B
20240517;101954;237.99;20;10384946019;B
20240517;101954;237.88;10;10384946059;S
20240517;101954;237.88;60;10384946091;S
20240517;101954;237.88;40;10384946092;S
20240517;101956;237.85;50;10384946234;S
20240517;101956;237.84;10;10384946344;S
20240517;101957;237.82;10;10384946373;S
20240517;101957;237.8;490;10384946374;S
20240517;101957;237.8;310;10384946377;S
20240517;101957;237.8;90;10384946378;S
20240517;101957;237.8;90;10384946379;S
20240517;101957;237.8;40;10384946380;S
20240517;101957;237.78;400;10384946381;S
20240517;101957;237.76;60;10384946382;S
20240517;101957;237.76;70;10384946389;B
20240517;101957;237.68;10;10384946417;S
20240517;101957;237.68;20;10384946418;S
20240517;101957;237.65;560;10384946419;S
20240517;101957;237.75;100;10384946426;B
20240517;101958;237.65;50;10384946546;S
20240517;102002;237.69;10;10384947068;B
20240517;102002;237.7;10;10384947069;B
20240517;102002;237.66;10;10384947096;S
20240517;102002;237.71;10;10384947119;B
20240517;102002;237.72;30;10384947120;B
20240517;102002;237.74;90;10384947121;B
20240517;102002;237.75;240;10384947122;B
20240517;102002;237.75;30;10384947131;B
20240517;102003;237.75;10;10384947188;B
20240517;102007;237.68;50;10384947516;S
20240517;102009;237.74;10;10384947719;B
20240517;102009;237.68;120;10384947744;S
20240517;102009;237.68;90;10384947745;S
20240517;102009;237.66;20;10384947746;S
20240517;102009;237.65;70;10384947747;S
20240517;102010;237.74;50;10384947830;B
20240517;102010;237.7;10;10384947881;S
20240517;102011;237.74;10;10384947930;B
20240517;102011;237.75;10;10384947931;B
20240517;102011;237.75;10;10384947932;B
20240517;102011;237.75;510;10384947933;B
20240517;102011;237.75;90;10384947934;B
20240517;102011;237.75;10;10384947935;B
20240517;102011;237.76;20;10384947936;B
20240517;102012;237.67;60;10384948137;S
20240517;102012;237.65;10;10384948142;S
20240517;102014;237.64;10;10384948394;S
20240517;102014;237.73;200;10384948478;B
20240517;102015;237.73;50;10384948731;B
20240517;102016;237.68;10;10384948776;B
20240517;102017;237.67;90;10384948978;S
20240517;102017;237.66;170;10384948979;S
20240517;102017;237.65;30;10384948980;S
20240517;102017;237.64;800;10384948981;S
20240517;102017;237.63;400;10384948982;S
20240517;102017;237.62;100;10384948983;S
20240517;102017;237.61;480;10384948984;S
20240517;102017;237.6;300;10384948985;S
20240517;102017;237.6;60;10384948986;S
20240517;102017;237.59;1970;10384948987;S
20240517;102018;237.69;10;10384949077;B
20240517;102020;237.69;500;10384950495;B
20240517;102020;237.69;10;10384950496;B
20240517;102020;237.7;60;10384950497;B
20240517;102020;237.7;90;10384950498;B
20240517;102020;237.7;90;10384950499;B
20240517;102020;237.73;10;10384950500;B
20240517;102020;237.73;10;10384950501;B
20240517;102020;237.73;850;10384950502;B
20240517;102020;237.74;500;10384950503;B
20240517;102020;237.74;10;10384950504;B
20240517;102020;237.74;170;10384950505;B
20240517;102020;237.75;10;10384950506;B
20240517;102020;237.77;400;10384950507;B
20240517;102020;237.8;2000;10384950508;B
20240517;102020;237.85;10;10384950531;B
20240517;102020;237.88;30;10384950532;B
20240517;102020;237.9;60;10384950533;B
20240517;102020;237.89;10;10384950707;B
20240517;102021;237.89;10;10384950771;B
20240517;102021;237.9;90;10384950772;B
20240517;102023;237.9;360;10384951249;B
20240517;102023;237.91;70;10384951250;B
20240517;102023;237.91;90;10384951251;B
20240517;102023;237.92;650;10384951252;B
20240517;102024;237.9;10;10384951326;B
20240517;102024;237.92;30;10384951327;B
20240517;102028;237.92;50;10384953890;B
20240517;102029;237.92;270;10384953968;B
20240517;102029;237.94;30;10384953969;B
20240517;102030;237.92;170;10384954111;S
20240517;102030;237.91;20;10384954126;B
20240517;102030;237.9;90;10384954127;S
20240517;102030;237.9;480;10384954128;S
20240517;102030;237.9;170;10384954129;S
20240517;102032;237.89;50;10384955237;B
20240517;102032;237.85;70;10384955277;S
20240517;102032;237.83;70;10384955278;S
20240517;102032;237.83;120;10384955279;S
20240517;102034;237.88;80;10384956928;B
20240517;102035;237.81;90;10384957406;S
20240517;102035;237.8;5510;10384957407;S
20240517;102037;237.82;90;10384957863;B
20240517;102037;237.83;70;10384957864;B
20240517;102037;237.86;160;10384957867;B
20240517;102037;237.86;90;10384957868;B
20240517;102037;237.86;80;10384957871;B
20240517;102037;237.87;60;10384957873;B
20240517;102037;237.86;110;10384957874;B
20240517;102037;237.84;200;10384957875;B
20240517;102037;237.84;30;10384957876;B
20240517;102038;237.8;10;10384957950;S
20240517;102038;237.83;10;10384957951;B
20240517;102038;237.84;30;10384957952;B
20240517;102040;237.8;20;10384958142;S
20240517;102041;237.8;200;10384958250;S
20240517;102041;237.8;14550;10384958258;S
20240517;102041;237.8;10;10384958278;B
20240517;102041;237.8;70;10384958280;B
20240517;102042;237.78;1030;10384958304;S
20240517;102042;237.64;20;10384958748;S
20240517;102042;237.64;90;10384958749;S
20240517;102042;237.61;20;10384958750;S
20240517;102042;237.6;10;10384958751;S
20240517;102042;237.59;60;10384958752;S
20240517;102042;237.59;80;10384958755;S
20240517;102042;237.57;920;10384958756;S
20240517;102042;237.54;100;10384958763;S
20240517;102042;237.54;100;10384958769;S
20240517;102042;237.63;510;10384958775;B
20240517;102042;237.63;110;10384958776;B
20240517;102042;237.63;110;10384958777;B
20240517;102042;237.64;80;10384958778;B
20240517;102042;237.67;400;10384958779;B
20240517;102042;237.69;170;10384958780;B
20240517;102042;237.76;290;10384958781;B
20240517;102042;237.78;70;10384958782;B
20240517;102042;237.78;80;10384958783;B
20240517;102042;237.6;80;10384958787;S
20240517;102042;237.6;20;10384958788;S
20240517;102042;237.6;90;10384958797;S
20240517;102042;237.6;10;10384958798;S
20240517;102042;237.76;40;10384958805;B
20240517;102042;237.76;110;10384958806;B
20240517;102042;237.77;50;10384958807;B
20240517;102042;237.6;70;10384958813;S
20240517;102042;237.6;30;10384958814;B
20240517;102042;237.59;100;10384958829;S
20240517;102042;237.59;100;10384958847;S
20240517;102043;237.59;10;10384958872;S
20240517;102043;237.56;100;10384958888;S
20240517;102043;237.55;100;10384958893;S
20240517;102043;237.56;10;10384958905;S
20240517;102043;237.56;90;10384958906;B
20240517;102043;237.54;100;10384958913;S
20240517;102043;237.54;100;10384959038;S
20240517;102043;237.59;30;10384959565;S
20240517;102043;237.54;100;10384959965;S
20240517;102043;237.54;100;10384960029;S
20240517;102043;237.69;70;10384960030;B
20240517;102043;237.7;100;10384960031;B
20240517;102043;237.7;400;10384960032;B
20240517;102043;237.73;170;10384960033;B
20240517;102043;237.76;200;10384960034;B
20240517;102043;237.77;700;10384960035;B
20240517;102043;237.78;650;10384960036;B
20240517;102043;237.79;850;10384960037;B
20240517;102043;237.8;310;10384960038;B
20240517;102043;237.8;20;10384960039;B
20240517;102043;237.81;920;10384960040;B
20240517;102043;237.85;200;10384960041;B
20240517;102043;237.87;410;10384960042;B
20240517;102044;237.71;100;10384960064;S
20240517;102044;237.71;70;10384960068;S
20240517;102044;237.72;10;10384960074;S
20240517;102044;237.72;100;10384960075;S
20240517;102044;237.71;10;10384960077;S
20240517;102044;237.71;80;10384960087;S
20240517;102044;237.71;20;10384960088;B
20240517;102046;237.69;30;10384960269;B
20240517;102046;237.77;70;10384960270;B
20240517;102048;237.67;10;10384960479;S
20240517;102048;237.65;10;10384960480;S
20240517;102048;237.65;100;10384960481;S
20240517;102048;237.65;60;10384960482;S
20240517;102048;237.64;720;10384960483;S
20240517;102048;237.62;460;10384960744;S
20240517;102049;237.62;480;10384960814;S
20240517;102049;237.59;100;10384960823;S
20240517;102049;237.59;40;10384960824;S
20240517;102050;237.73;60;10384960872;B
20240517;102050;237.75;20;10384960873;B
20240517;102050;237.59;20;10384961301;S
20240517;102054;237.73;10;10384961942;B
20240517;102054;237.74;50;10384961943;B
20240517;102059;237.63;50;10384964687;S
20240517;102059;237.6;50;10384964688;S
20240517;102059;237.73;20;10384964699;B
20240517;102059;237.74;10;10384964770;B
20240517;102101;237.61;20;10384965159;S
20240517;102101;237.6;30;10384965160;S
20240517;102102;237.72;30;10384965429;B
20240517;102102;237.61;10;10384965438;S
20240517;102102;237.6;20;10384965439;S
20240517;102102;237.59;60;10384965440;S
20240517;102102;237.58;90;10384965441;S
20240517;102102;237.58;30;10384965442;S
20240517;102102;237.57;600;10384965443;S
20240517;102102;237.56;400;10384965444;S
20240517;102102;237.55;30;10384965445;S
20240517;102102;237.55;170;10384965446;S
20240517;102102;237.55;500;10384965447;S
20240517;102102;237.55;90;10384965448;S
20240517;102103;237.53;300;10384965500;S
20240517;102103;237.53;300;10384965501;S
20240517;102103;237.52;90;10384965502;S
20240517;102103;237.51;30;10384965503;S
20240517;102103;237.5;750;10384965504;S
20240517;102103;237.48;30;10384965505;S
20240517;102103;237.48;60;10384965506;S
20240517;102103;237.46;200;10384965507;S
20240517;102103;237.46;400;10384965508;S
20240517;102103;237.44;170;10384965509;S
20240517;102103;237.44;10;10384965510;S
20240517;102103;237.42;300;10384965511;S
20240517;102103;237.41;300;10384965512;S
20240517;102103;237.41;400;10384965513;S
20240517;102103;237.39;660;10384965514;S
20240517;102103;237.47;10;10384965544;B
20240517;102105;237.38;20;10384965670;S
20240517;102105;237.47;60;10384965701;B
20240517;102105;237.48;170;10384965702;B
20240517;102105;237.48;90;10384965703;B
20240517;102105;237.53;90;10384965704;B
20240517;102105;237.54;400;10384965705;B
20240517;102105;237.6;200;10384965706;B
20240517;102105;237.6;730;10384965707;S
20240517;102105;237.46;90;10384966522;S
20240517;102105;237.43;160;10384966523;S
20240517;102105;237.56;70;10384966681;B
20240517;102105;237.57;170;10384966682;B
20240517;102105;237.6;60;10384966683;B
20240517;102107;237.57;30;10384967310;B
20240517;102107;237.57;60;10384967362;B
20240517;102109;237.4;30;10384967758;S
20240517;102111;237.39;10;10384968164;S
20240517;102112;237.53;80;10384968528;B
20240517;102113;237.4;10;10384968652;S
20240517;102113;237.4;90;10384968653;B
20240517;102114;237.38;10;10384968724;S
20240517;102114;237.38;10;10384968725;S
20240517;102116;237.35;300;10384969215;S
20240517;102116;237.35;80;10384969216;S
20240517;102116;237.32;70;10384969217;S
20240517;102116;237.32;40;10384969218;S
20240517;102116;237.3;30;10384969219;S
20240517;102116;237.29;70;10384969220;S
20240517;102116;237.28;400;10384969221;S
20240517;102116;237.26;100;10384969222;S
20240517;102119;237.35;100;10384969423;B
20240517;102125;237.35;40;10384971558;B
20240517;102125;237.36;60;10384971559;B
20240517;102126;237.38;60;10384971607;B
20240517;102127;237.39;10;10384971836;B
20240517;102130;237.39;20;10384972593;B
20240517;102131;237.39;40;10384973135;B
20240517;102132;237.39;30;10384973151;B
20240517;102133;237.39;100;10384973235;B
20240517;102135;237.38;40;10384973420;B
20240517;102135;237.39;40;10384973421;B
20240517;102135;237.39;10;10384973487;B
20240517;102135;237.39;90;10384973488;B
20240517;102136;237.4;10;10384973676;B
20240517;102138;237.4;10;10384974407;B
20240517;102139;237.4;40;10384975580;B
20240517;102141;237.39;80;10384975715;S
20240517;102141;237.39;80;10384975716;S
20240517;102141;237.38;90;10384975717;S
20240517;102141;237.37;170;10384975718;S
20240517;102141;237.34;510;10384975719;S
20240517;102141;237.33;870;10384975720;S
20240517;102141;237.32;90;10384975721;S
20240517;102141;237.31;80;10384975722;S
20240517;102141;237.31;30;10384975723;S
20240517;102143;237.31;150;10384976019;S
20240517;102143;237.39;10;10384976378;B
20240517;102143;237.39;110;10384976379;B
20240517;102143;237.4;830;10384976380;B
20240517;102144;237.4;70;10384976487;B
20240517;102145;237.4;10;10384976569;B
20240517;102146;237.4;30;10384976703;B
20240517;102146;237.4;180;10384976704;B
20240517;102146;237.4;80;10384976705;B
20240517;102149;237.45;20;10384978004;B
20240517;102149;237.49;10;10384978005;B
20240517;102149;237.41;80;10384978071;S
20240517;102149;237.4;10;10384978072;S
