<DATE>;<TIME>;<LAST>;<VOL>;<ID>;<OPER>
20240523;095932;237.24;50;10444743135;S
20240523;095932;237.24;50;10444743136;S
20240523;095932;237.24;10;10444743137;S
20240523;095932;237.24;20;10444743138;S
20240523;095932;237.24;20;10444743139;S
20240523;095932;237.24;150;10444743140;S
20240523;095932;237.24;50;10444743141;S
20240523;095932;237.24;20;10444743142;S
20240523;095932;237.24;50;10444743143;S
20240523;095932;237.24;10;10444743144;S
20240523;095932;237.24;20;10444743145;B
20240523;095932;237.24;30;10444743146;B
20240523;095932;237.24;40;10444743147;B
20240523;095932;237.24;10;10444743148;S
20240523;095932;237.24;40;10444743149;S
20240523;095932;237.24;10;10444743150;S
20240523;095932;237.24;10;10444743151;S
20240523;095932;237.24;10;10444743152;S
20240523;095932;237.24;10;10444743153;S
20240523;095932;237.24;30;10444743154;S
20240523;095932;237.24;20;10444743155;S
20240523;095932;237.24;20;10444743156;S
20240523;095932;237.24;10;10444743157;S
20240523;095932;237.24;420;10444743158;S
20240523;095932;237.24;20;10444743159;S
20240523;095932;237.24;10;10444743160;S
20240523;095932;237.24;10;10444743161;S
20240523;095932;237.24;10;10444743162;S
20240523;095932;237.24;150;10444743163;S
20240523;095932;237.24;1140;10444743164;S
20240523;095932;237.24;100;10444743165;S
20240523;095932;237.24;160;10444743166;S
20240523;095932;237.24;100;10444743167;S
20240523;095932;237.24;30;10444743168;S
20240523;095932;237.24;10;10444743169;S
20240523;095932;237.24;80;10444743170;S
20240523;095932;237.24;10;10444743171;B
20240523;095932;237.24;10;10444743172;B
20240523;095932;237.24;70;10444743173;S
20240523;095932;237.24;10;10444743174;S
20240523;095932;237.24;10;10444743175;S
20240523;095932;237.24;10;10444743176;B
20240523;095932;237.24;100;10444743177;S
20240523;095932;237.24;100;10444743178;S
20240523;095932;237.24;300;10444743179;B
20240523;095932;237.24;20;10444743180;S
20240523;095932;237.24;100;10444743181;S
20240523;095932;237.24;10;10444743182;S
20240523;095932;237.24;20;10444743183;S
20240523;095932;237.24;10;10444743184;S
20240523;095932;237.24;100;10444743185;S
20240523;095932;237.24;300;10444743186;S
20240523;100000;237.24;90;10444748972;S
20240523;100000;237.2;10;10444748973;S
20240523;100000;237.25;50;10444749002;B
20240523;100000;237.25;20;10444749003;B
20240523;100000;237.21;100;10444749026;S
20240523;100000;237.2;100;10444749199;S
20240523;100000;237.2;900;10444749203;S
20240523;100000;237.2;600;10444749208;S
20240523;100000;237.2;100;10444749213;S
20240523;100000;237.2;300;10444749224;S
20240523;100000;237.2;100;10444749264;S
20240523;100000;237.2;100;10444749286;S
20240523;100000;237.2;1600;10444749303;S
20240523;100000;237.2;190;10444749319;S
20240523;100000;237.2;10;10444749399;S
20240523;100000;237.21;10;10444749577;B
20240523;100000;237.21;60;10444749578;B
20240523;100001;237.2;100;10444749639;S
20240523;100001;237.2;30;10444749647;S
20240523;100001;237.2;100;10444749648;S
20240523;100001;237.2;100;10444749656;S
20240523;100001;237.2;100;10444749662;S
20240523;100001;237.2;100;10444749674;S
20240523;100001;237.2;100;10444749680;S
20240523;100001;237.2;100;10444749709;S
20240523;100001;237.2;100;10444749736;S
20240523;100001;237.2;100;10444749743;S
20240523;100001;237.2;490;10444749744;S
20240523;100001;237.2;100;10444749766;S
20240523;100001;237.2;100;10444749792;S
20240523;100001;237.2;100;10444749804;S
20240523;100001;237.2;100;10444749816;S
20240523;100001;237.2;100;10444749833;S
20240523;100001;237.2;100;10444749840;S
20240523;100001;237.2;100;10444749871;S
20240523;100001;237.2;100;10444749878;S
20240523;100001;237.2;100;10444749881;S
20240523;100001;237.2;100;10444749884;S
20240523;100001;237.2;100;10444749888;S
20240523;100001;237.2;10;10444749913;S
20240523;100001;237.2;20;10444749914;S
20240523;100001;237.2;10;10444749915;S
20240523;100001;237.2;60;10444749916;S
20240523;100001;237.2;40;10444749922;S
20240523;100001;237.19;10;10444749975;B
20240523;100001;237.19;40;10444750429;B
20240523;100001;237.2;60;10444750430;B
20240523;100001;237.28;100;10444750431;B
20240523;100001;237.1;50;10444750437;S
20240523;100001;237.1;10;10444750438;S
20240523;100001;237.1;40;10444750440;B
20240523;100001;237.1;40;10444750443;S
20240523;100001;237.1;50;10444750444;S
20240523;100001;237.09;10;10444750445;S
20240523;100001;237.09;100;10444750449;S
20240523;100001;237.09;100;10444750451;S
20240523;100001;237.09;100;10444750452;S
20240523;100001;237.09;100;10444750453;S
20240523;100001;237.09;10;10444750454;S
20240523;100001;237.09;50;10444750455;S
20240523;100001;237.04;60;10444750500;S
20240523;100001;237.09;40;10444750551;B
20240523;100001;237.13;50;10444750552;B
20240523;100001;237.1;100;10444750569;S
20240523;100001;237.1;100;10444750572;S
20240523;100001;237.1;60;10444750574;S
20240523;100001;237.1;40;10444750576;B
20240523;100001;237.09;100;10444750577;S
20240523;100001;237.09;100;10444750578;S
20240523;100001;237.09;100;10444750579;S
20240523;100001;237.04;10;10444750706;S
20240523;100001;237.05;90;10444750711;B
20240523;100001;237.09;10;10444750713;B
20240523;100001;237.09;90;10444750900;B
20240523;100001;237.11;50;10444750901;B
20240523;100001;237.11;50;10444750902;B
20240523;100001;237.16;120;10444750903;B
20240523;100001;237.2;100;10444750905;S
20240523;100001;237.2;100;10444750907;S
20240523;100001;237.2;100;10444750908;S
20240523;100001;237.2;100;10444750914;S
20240523;100002;237.2;100;10444751037;S
20240523;100002;237.2;100;10444751039;S
20240523;100002;237.2;100;10444751041;S
20240523;100002;237.2;100;10444751043;S
20240523;100002;237.2;100;10444751044;S
20240523;100002;237.2;100;10444751045;S
20240523;100002;237.2;100;10444751051;S
20240523;100002;237.2;100;10444751058;S
20240523;100002;237.2;100;10444751059;S
20240523;100002;237.2;100;10444751060;S
20240523;100002;237.2;100;10444751061;S
20240523;100002;237.2;100;10444751062;S
20240523;100002;237.2;90;10444751063;S
20240523;100002;237.2;10;10444751064;S
20240523;100002;237.2;40;10444751065;S
20240523;100003;237.17;60;10444751864;S
20240523;100003;237.17;100;10444751868;S
20240523;100003;237.17;100;10444751870;S
20240523;100003;237.14;100;10444751885;S
20240523;100004;237.05;100;10444752566;S
20240523;100004;237.05;100;10444752567;S
20240523;100004;237.05;100;10444752569;S
20240523;100004;237.05;100;10444752573;S
20240523;100004;237.05;20;10444752574;S
20240523;100004;237.02;10;10444753747;S
20240523;100004;237.02;10;10444753820;S
20240523;100005;237.02;80;10444753995;S
20240523;100005;237.02;100;10444753997;S
20240523;100005;237.04;20;10444754513;B
20240523;100005;237.04;10;10444755066;B
20240523;100006;237.03;50;10444756296;B
20240523;100006;237.03;10;10444756300;B
20240523;100006;237.02;20;10444756343;S
20240523;100006;237.02;40;10444756594;S
20240523;100006;237.02;60;10444756598;S
20240523;100008;237.02;100;10444757787;S
20240523;100008;237.03;10;10444757974;B
20240523;100008;237.03;380;10444757976;B
20240523;100008;237.05;10;10444757977;B
20240523;100008;237.1;10;10444757978;B
20240523;100010;237.1;10;10444758693;B
20240523;100010;237.1;30;10444758861;B
20240523;100010;237.1;50;10444758862;B
20240523;100010;237.1;10;10444758927;B
20240523;100010;237.1;210;10444759024;B
20240523;100010;237.26;10;10444759090;B
20240523;100010;237.26;40;10444759122;B
20240523;100011;237.05;100;10444759430;S
20240523;100011;237.06;50;10444759431;S
20240523;100011;237.05;50;10444759432;S
20240523;100011;237.05;100;10444759433;S
20240523;100011;237.06;50;10444759434;S
20240523;100011;237.05;50;10444759435;S
20240523;100011;237.06;50;10444759436;B
20240523;100012;237.02;50;10444759542;S
20240523;100012;237.03;100;10444759545;S
20240523;100012;237.03;100;10444759547;S
20240523;100012;237.03;100;10444759548;S
20240523;100012;237.04;100;10444759549;S
20240523;100012;237.04;100;10444759550;S
20240523;100012;237.04;100;10444759553;S
20240523;100012;237.04;100;10444759554;S
20240523;100012;237.04;100;10444759555;S
20240523;100012;237.04;100;10444759556;S
20240523;100012;237.04;100;10444759557;S
20240523;100012;237.04;60;10444759558;S
20240523;100013;237.02;40;10444759891;S
20240523;100014;237.11;10;10444760424;B
20240523;100014;237.02;10;10444760447;S
20240523;100015;237.02;100;10444760965;S
20240523;100015;237.02;10;10444761001;S
20240523;100015;237.03;100;10444761183;S
20240523;100015;237.03;100;10444761184;S
20240523;100015;237.03;100;10444761185;S
20240523;100015;237.03;100;10444761186;S
20240523;100015;237.03;100;10444761187;S
20240523;100015;237.02;100;10444761189;S
20240523;100015;237.02;100;10444761190;S
20240523;100018;237.03;100;10444762003;S
20240523;100018;237.03;100;10444762097;S
20240523;100018;237.03;100;10444762173;S
20240523;100019;237.03;100;10444762235;S
20240523;100019;237.03;100;10444762250;S
20240523;100019;237.02;10;10444762285;S
20240523;100020;237.02;90;10444762637;S
20240523;100020;237.02;100;10444762645;S
20240523;100020;237.02;100;10444762654;S
20240523;100020;237.02;100;10444762666;S
20240523;100020;237.02;30;10444762759;S
20240523;100021;237.01;50;10444763141;S
20240523;100021;237.01;20;10444763142;S
20240523;100022;237.01;400;10444764001;S
20240523;100025;237.01;100;10444766255;S
20240523;100025;237;100;10444766334;S
20240523;100025;237;100;10444766655;S
20240523;100026;237;100;10444767110;S
20240523;100026;237;100;10444767111;S
20240523;100026;237;100;10444767112;S
20240523;100026;237;50;10444767114;S
20240523;100026;237;50;10444767115;S
20240523;100026;237;100;10444767118;S
20240523;100027;237.06;10;10444767178;B
20240523;100027;237;40;10444767389;S
20240523;100031;237.01;110;10444769720;S
20240523;100032;237.01;30;10444769805;S
20240523;100032;237.01;100;10444769807;S
20240523;100032;237.01;30;10444769808;S
20240523;100032;237.01;30;10444769809;S
20240523;100032;237;430;10444769810;S
20240523;100032;237.01;160;10444769811;S
20240523;100032;237;20;10444769812;S
20240523;100032;237;90;10444769813;S
20240523;100032;237;40;10444769814;S
20240523;100032;237;150;10444769816;S
20240523;100032;237;160;10444769817;S
20240523;100032;237;100;10444769818;S
20240523;100032;237;20;10444769824;S
20240523;100032;237;400;10444769890;S
20240523;100039;237.03;20;10444771407;S
20240523;100045;237.03;130;10444773044;S
20240523;100056;237.04;690;10444776352;S
20240523;100056;237.03;350;10444776353;S
20240523;100056;237.02;100;10444776354;S
20240523;100056;237.01;10;10444776356;S
20240523;100056;237;3000;10444776357;S
20240523;100056;237;560;10444776358;S
20240523;100056;237;2440;10444776359;S
20240523;100057;237;10;10444776411;S
20240523;100057;237;10;10444776412;S
20240523;100057;237;30;10444776413;S
20240523;100058;237;10;10444776616;S
20240523;100058;237;10;10444776617;S
20240523;100058;237;10;10444776618;S
20240523;100104;237;100;10444778545;S
20240523;100106;237.01;170;10444778845;B
20240523;100106;237.01;200;10444778846;B
20240523;100106;237.02;800;10444778847;B
20240523;100106;237.01;10;10444779198;S
20240523;100106;237.01;50;10444779271;S
20240523;100106;237.01;50;10444779272;S
20240523;100106;237.01;20;10444779273;S
20240523;100110;237.02;200;10444781213;B
20240523;100110;237.02;10;10444781226;B
20240523;100110;237.03;40;10444781516;B
20240523;100110;237.03;50;10444781517;B
20240523;100110;237.03;210;10444781518;B
20240523;100111;237.03;10;10444781821;B
20240523;100111;237.03;10;10444781822;B
20240523;100111;237.03;10;10444781875;B
20240523;100111;237.03;10;10444781899;B
20240523;100111;237.03;40;10444781902;B
20240523;100111;237.03;10;10444781943;B
20240523;100112;237.03;10;10444782161;B
20240523;100112;237.03;20;10444782162;B
20240523;100112;237.03;20;10444782361;B
20240523;100112;237.03;20;10444782362;B
20240523;100112;237.03;70;10444782363;B
20240523;100113;237.03;10;10444782462;B
20240523;100113;237.03;10;10444782463;B
20240523;100114;237.02;190;10444782836;S
20240523;100114;237.02;30;10444782837;S
20240523;100114;237.03;70;10444782838;B
20240523;100114;237.03;10;10444782839;B
20240523;100115;237.03;30;10444783125;B
20240523;100115;237.03;30;10444783126;B
20240523;100115;237.02;100;10444783378;S
20240523;100120;237.03;10;10444784332;B
20240523;100120;237.03;10;10444784445;B
20240523;100120;237.03;10;10444784446;B
20240523;100121;237.03;70;10444784665;B
20240523;100121;237.03;30;10444784725;B
20240523;100125;237.11;10;10444785391;S
20240523;100126;237.11;100;10444785560;S
20240523;100127;237.12;50;10444785722;B
20240523;100127;237.12;50;10444785723;B
20240523;100134;237.18;400;10444787545;S
20240523;100139;237.19;20;10444788523;B
20240523;100139;237.19;80;10444788563;B
20240523;100139;237.19;120;10444788564;B
20240523;100140;237.18;140;10444788628;S
20240523;100144;237.19;20;10444789490;B
20240523;100144;237.19;20;10444789511;B
20240523;100144;237.19;160;10444789513;B
20240523;100148;237.19;40;10444790682;B
20240523;100148;237.22;50;10444790683;B
20240523;100148;237.25;60;10444790684;B
20240523;100148;237.26;90;10444790685;B
20240523;100148;237.26;110;10444790699;S
20240523;100150;237.17;50;10444791014;S
20240523;100150;237.13;50;10444791015;S
20240523;100150;237.12;160;10444791016;S
20240523;100150;237.11;140;10444791017;S
20240523;100152;237.07;170;10444791215;S
20240523;100152;237.04;60;10444791216;S
20240523;100152;237.04;50;10444791217;S
20240523;100152;237.03;160;10444791218;S
20240523;100154;237.03;170;10444791464;S
20240523;100154;237.02;160;10444791465;S
20240523;100154;237.01;210;10444791466;S
20240523;100154;237;2150;10444791467;S
20240523;100154;237;50;10444791468;S
20240523;100154;237;100;10444791469;S
20240523;100154;237;10;10444791470;S
20240523;100154;237;50;10444791471;S
20240523;100154;237;10;10444791472;S
20240523;100154;237;10;10444791473;S
20240523;100154;237;10;10444791474;S
20240523;100154;237;10;10444791475;S
20240523;100154;237;300;10444791476;S
20240523;100154;237;400;10444791477;S
20240523;100154;237;1000;10444791478;S
20240523;100154;237;10;10444791479;S
20240523;100154;237;10;10444791480;S
20240523;100154;236.98;40;10444791481;S
20240523;100156;237.04;170;10444791893;B
20240523;100156;237.07;50;10444791894;B
20240523;100156;237.07;50;10444791895;B
20240523;100156;237.1;150;10444791896;B
20240523;100156;237.18;230;10444791897;B
20240523;100156;237.22;600;10444791898;B
20240523;100158;237.15;50;10444792172;B
20240523;100158;237.15;50;10444792173;B
20240523;100158;237.16;170;10444792174;B
20240523;100158;237.17;20;10444792175;B
20240523;100207;237.16;50;10444794053;B
20240523;100207;237.16;140;10444794054;B
20240523;100207;237.17;170;10444794055;B
20240523;100207;237.21;640;10444794056;B
20240523;100208;237.2;10;10444794327;B
20240523;100213;237.2;30;10444795237;B
20240523;100213;237.24;130;10444795238;B
20240523;100213;237.26;240;10444795239;B
20240523;100225;237.31;10;10444797009;B
20240523;100238;237.25;170;10444799025;B
20240523;100238;237.25;120;10444799026;B
20240523;100238;237.25;10;10444799027;B
20240523;100242;237.06;60;10444799552;S
20240523;100248;237.1;100;10444800859;B
20240523;100301;237.1;80;10444802786;S
20240523;100301;237.09;110;10444802787;S
20240523;100301;237.09;80;10444802788;S
20240523;100301;237.08;80;10444802789;S
20240523;100301;237.06;1070;10444802790;S
20240523;100301;237.02;170;10444802791;S
20240523;100301;236.99;20;10444802792;S
20240523;100301;236.99;420;10444802793;S
20240523;100301;236.97;100;10444802794;S
20240523;100301;236.95;10;10444802795;S
20240523;100301;236.94;20;10444802796;S
20240523;100301;236.93;1250;10444802797;S
20240523;100301;236.92;20;10444802798;S
20240523;100301;236.92;680;10444802799;S
20240523;100301;236.94;10;10444802976;S
20240523;100303;236.98;170;10444803459;B
20240523;100303;236.99;330;10444803460;B
20240523;100305;236.99;100;10444803678;B
20240523;100305;236.99;170;10444803680;S
20240523;100305;236.99;110;10444803681;S
20240523;100306;236.96;260;10444803926;B
20240523;100308;236.95;30;10444804241;S
20240523;100308;236.95;110;10444804242;S
20240523;100308;236.94;510;10444804243;S
20240523;100308;236.94;50;10444804244;S
20240523;100308;236.93;400;10444804245;S
20240523;100310;236.98;170;10444804515;B
20240523;100310;236.99;4000;10444804516;B
20240523;100310;236.99;110;10444804517;B
20240523;100310;237.02;80;10444804518;B
20240523;100310;237.04;90;10444804519;B
20240523;100317;237.23;10;10444805656;B
20240523;100319;237.24;10;10444806120;B
20240523;100322;237.25;50;10444806552;B
20240523;100322;237.25;10;10444806578;B
20240523;100323;237.25;40;10444806795;B
20240523;100323;237.31;20;10444806798;B
20240523;100324;237.47;10;10444806966;B
20240523;100324;237.48;10;10444806997;B
20240523;100325;237.48;10;10444807190;B
20240523;100332;237.53;10;10444808494;B
20240523;100332;237.53;20;10444808495;B
20240523;100332;237.53;120;10444808496;B
20240523;100332;237.59;350;10444808497;B
20240523;100332;237.53;10;10444808517;B
20240523;100333;237.6;20;10444808592;B
20240523;100333;237.65;50;10444808686;B
20240523;100334;237.67;90;10444808764;B
20240523;100334;237.66;10;10444808902;B
20240523;100343;237.54;10;10444810515;S
20240523;100351;237.69;90;10444811928;B
20240523;100351;237.7;300;10444811929;B
20240523;100358;237.62;90;10444813533;S
20240523;100358;237.62;70;10444813534;S
20240523;100358;237.62;200;10444813535;S
20240523;100400;237.6;30;10444813921;S
20240523;100400;237.71;10;10444813993;B
20240523;100406;237.71;30;10444815018;B
20240523;100406;237.73;70;10444815019;B
20240523;100406;237.73;10;10444815099;B
20240523;100406;237.73;30;10444815199;B
20240523;100408;237.73;90;10444815907;B
20240523;100408;237.74;480;10444815908;B
20240523;100414;237.72;10;10444816717;B
20240523;100419;237.72;20;10444817789;B
20240523;100419;237.73;1180;10444817790;B
20240523;100422;237.65;210;10444818419;S
20240523;100424;237.65;20;10444818630;S
20240523;100424;237.68;100;10444818658;B
20240523;100426;237.68;10;10444818951;B
20240523;100427;237.68;130;10444819258;B
20240523;100428;237.71;90;10444819341;B
20240523;100428;237.72;510;10444819342;B
20240523;100428;237.73;400;10444819343;B
20240523;100428;237.73;1000;10444819412;B
20240523;100432;237.69;170;10444819930;S
20240523;100432;237.68;270;10444819931;S
20240523;100432;237.68;60;10444819932;S
20240523;100433;237.73;10;10444820099;B
20240523;100440;237.68;400;10444821094;S
20240523;100440;237.68;170;10444821095;S
20240523;100440;237.67;90;10444821096;S
20240523;100440;237.65;260;10444821097;S
20240523;100441;237.65;300;10444821247;B
20240523;100443;237.65;40;10444821759;B
20240523;100446;237.65;10;10444822260;B
20240523;100447;237.65;230;10444822791;B
20240523;100447;237.65;90;10444822792;B
20240523;100459;237.66;10;10444824611;S
20240523;100459;237.65;20;10444824612;S
20240523;100459;237.65;20;10444824613;S
20240523;100504;237.63;100;10444825896;S
20240523;100504;237.62;80;10444825897;S
20240523;100504;237.62;50;10444825898;S
20240523;100504;237.6;20;10444825899;S
20240523;100504;237.59;150;10444825900;S
20240523;100506;237.6;60;10444826163;B
20240523;100517;237.62;80;10444827948;B
20240523;100517;237.62;30;10444827949;B
20240523;100517;237.63;100;10444827950;B
20240523;100526;237.6;10;10444829698;S
20240523;100529;237.6;20;10444830268;S
20240523;100530;237.56;50;10444830328;S
20240523;100534;237.56;50;10444831531;S
20240523;100534;237.53;80;10444831532;S
20240523;100534;237.52;20;10444831533;S
20240523;100534;237.51;40;10444831534;S
20240523;100534;237.51;90;10444831535;S
20240523;100534;237.5;20;10444831536;S
20240523;100534;237.53;10;10444831719;B
20240523;100555;237.52;80;10444835080;B
20240523;100555;237.52;510;10444835081;B
20240523;100555;237.52;910;10444835082;S
20240523;100555;237.5;280;10444835083;S
20240523;100600;237.34;10;10444835991;S
20240523;100610;237.37;10;10444837639;B
20240523;100611;237.37;160;10444837706;B
20240523;100611;237.37;70;10444837707;B
20240523;100611;237.38;370;10444837708;B
20240523;100614;237.37;70;10444838382;B
20240523;100625;237.34;10;10444840073;S
20240523;100626;237.35;70;10444840242;B
20240523;100626;237.35;20;10444840243;B
20240523;100626;237.36;10;10444840244;B
20240523;100629;237.33;20;10444840751;S
20240523;100629;237.33;80;10444840880;S
20240523;100629;237.33;50;10444840881;S
20240523;100632;237.31;30;10444841337;S
20240523;100632;237.3;10;10444841338;S
20240523;100633;237.25;10;10444841515;S
20240523;100648;237.22;20;10444844162;B
20240523;100650;237.22;20;10444844455;B
20240523;100653;237.22;60;10444844848;B
20240523;100653;237.22;20;10444844849;B
20240523;100653;237.23;20;10444844850;B
20240523;100658;237.22;10;10444845559;B
20240523;100702;237.2;10;10444846295;S
20240523;100707;237.18;10;10444847149;S
20240523;100707;237.18;100;10444847150;S
20240523;100710;237.18;20;10444847808;B
20240523;100715;237.18;70;10444849015;B
20240523;100715;237.17;100;10444849052;S
20240523;100718;237.17;930;10444849454;S
20240523;100722;237.1;10;10444850332;S
20240523;100724;237.09;10;10444850534;B
20240523;100725;237.07;20;10444850740;S
20240523;100731;237.08;10;10444852314;S
20240523;100731;237.07;80;10444852315;S
20240523;100734;237.03;10;10444852728;B
20240523;100738;237;10;10444853220;S
20240523;100740;237;100;10444853598;S
20240523;100742;237.02;20;10444853896;S
20240523;100744;237.02;30;10444854205;S
20240523;100744;237;90;10444854206;S
20240523;100744;237;10;10444854207;S
20240523;100744;236.99;60;10444854208;S
20240523;100744;236.99;50;10444854243;B
20240523;100744;236.97;10;10444854255;S
20240523;100747;236.98;10;10444854815;B
20240523;100750;236.98;50;10444855181;B
20240523;100750;236.98;30;10444855182;B
20240523;100754;236.98;30;10444855602;B
20240523;100755;236.97;20;10444855655;S
20240523;100755;236.97;30;10444855656;S
20240523;100755;236.92;20;10444855657;S
20240523;100755;236.92;60;10444855658;S
20240523;100755;236.91;100;10444855659;S
20240523;100755;236.91;10;10444855660;S
20240523;100755;236.9;30;10444855661;S
20240523;100755;236.9;730;10444855662;S
20240523;100755;236.9;20;10444855674;S
20240523;100755;236.97;60;10444855723;B
20240523;100757;236.97;50;10444856016;B
20240523;100758;236.96;60;10444856222;B
20240523;100758;236.97;460;10444856223;B
20240523;100758;236.97;100;10444856224;B
20240523;100758;236.98;90;10444856225;B
20240523;100758;236.98;170;10444856226;B
20240523;100758;236.98;40;10444856227;B
20240523;100758;236.99;200;10444856228;B
20240523;100758;236.99;50;10444856229;B
20240523;100758;236.99;50;10444856230;B
20240523;100758;237.03;850;10444856231;B
20240523;100758;237.04;230;10444856232;B
20240523;100807;236.93;10;10444857690;S
20240523;100807;236.93;10;10444857691;S
20240523;100807;236.92;30;10444857692;S
20240523;100813;236.98;60;10444858680;B
20240523;100813;236.99;60;10444858681;B
20240523;100815;236.92;20;10444859169;S
20240523;100816;236.9;30;10444859229;S
20240523;100818;236.9;10;10444859515;S
20240523;100819;236.9;760;10444859682;S
20240523;100819;236.9;40;10444859683;S
20240523;100819;236.89;60;10444859684;S
20240523;100819;236.87;30;10444859685;S
20240523;100819;236.84;10;10444859686;S
20240523;100819;236.84;420;10444859687;S
20240523;100819;236.84;170;10444859688;S
20240523;100819;236.82;10;10444859689;S
20240523;100819;236.81;100;10444859690;S
20240523;100819;236.81;350;10444859691;S
20240523;100819;236.81;100;10444859692;S
20240523;100819;236.8;20;10444859693;S
20240523;100819;236.8;20;10444859694;S
20240523;100819;236.8;50;10444859695;S
20240523;100819;236.8;50;10444859696;S
20240523;100819;236.8;40;10444859697;S
20240523;100819;236.8;10;10444859698;S
20240523;100819;236.8;20;10444859699;S
20240523;100819;236.79;50;10444859700;S
20240523;100819;236.78;1000;10444859701;S
20240523;100819;236.75;10;10444859702;S
20240523;100819;236.75;50;10444859703;S
20240523;100819;236.75;100;10444859704;S
20240523;100819;236.73;300;10444859705;S
20240523;100819;236.72;50;10444859706;S
20240523;100819;236.72;190;10444859707;S
20240523;100819;236.71;100;10444859708;S
20240523;100819;236.71;30;10444859709;S
20240523;100819;236.7;20;10444859710;S
20240523;100819;236.7;40;10444859711;S
20240523;100819;236.69;800;10444859712;S
20240523;100819;236.79;10;10444859721;B
20240523;100819;236.7;10;10444859722;S
20240523;100819;236.76;30;10444859724;S
20240523;100819;236.7;20;10444859730;B
20240523;100819;236.7;50;10444859766;B
20240523;100819;236.7;30;10444859768;B
20240523;100819;236.7;470;10444859775;B
20240523;100819;236.71;60;10444859776;B
20240523;100819;236.75;400;10444859777;B
20240523;100819;236.78;70;10444859778;B
20240523;100819;236.79;70;10444859779;B
20240523;100819;236.79;170;10444859780;B
20240523;100819;236.8;260;10444859781;B
20240523;100819;236.79;10;10444859785;B
20240523;100819;236.79;10;10444859804;B
20240523;100825;236.71;10;10444860583;S
20240523;100825;236.7;70;10444860584;S
20240523;100825;236.7;10;10444860585;S
20240523;100825;236.69;410;10444860586;S
20240523;100828;236.77;20;10444861136;B
20240523;100834;236.78;10;10444862253;B
20240523;100835;236.78;60;10444862424;B
20240523;100835;236.78;10;10444862425;B
20240523;100836;236.78;10;10444862455;B
20240523;100838;236.78;20;10444862788;B
20240523;100838;236.78;60;10444862789;B
20240523;100838;236.78;10;10444862790;B
20240523;100838;236.78;20;10444862791;B
20240523;100838;236.78;90;10444862792;B
20240523;100841;236.71;40;10444863330;S
20240523;100841;236.78;40;10444863368;B
20240523;100844;236.78;30;10444863902;B
20240523;100846;236.71;100;10444864243;S
20240523;100847;236.78;20;10444864493;B
20240523;100847;236.78;20;10444864531;B
20240523;100850;236.71;60;10444865028;S
20240523;100850;236.71;30;10444865029;S
20240523;100850;236.7;10;10444865030;S
20240523;100850;236.7;510;10444865031;S
20240523;100850;236.69;30;10444865032;S
20240523;100850;236.77;60;10444865073;B
20240523;100850;236.77;110;10444865074;B
20240523;100902;236.7;20;10444867369;S
20240523;100902;236.71;10;10444867421;B
20240523;100902;236.71;50;10444867424;B
20240523;100902;236.71;400;10444867425;B
20240523;100902;236.71;390;10444867426;B
20240523;100902;236.77;170;10444867427;B
20240523;100905;236.77;30;10444867981;S
20240523;100906;236.77;270;10444868124;S
20240523;100907;236.78;10;10444868291;B
20240523;100907;236.77;260;10444868299;S
20240523;100908;236.77;70;10444868506;S
20240523;100909;236.77;50;10444868675;S
20240523;100911;236.78;10;10444869072;B
20240523;100913;236.78;10;10444869664;B
20240523;100914;236.78;10;10444869718;B
20240523;100917;236.77;10;10444870361;S
20240523;100922;236.78;180;10444871047;B
20240523;100922;236.78;170;10444871048;B
20240523;100922;236.78;30;10444871077;B
20240523;100924;236.78;100;10444871238;B
20240523;100925;236.78;80;10444871392;B
20240523;100925;236.78;520;10444871393;B
20240523;100929;236.77;410;10444872059;S
20240523;100930;236.78;10;10444872160;B
20240523;100935;236.78;40;10444872866;B
20240523;100942;236.77;10;10444873906;S
20240523;100943;236.78;30;10444874128;B
20240523;100944;236.78;40;10444874232;B
20240523;100946;236.78;20;10444874507;B
20240523;100949;236.78;10;10444874865;B
20240523;100950;236.78;10;10444874913;B
20240523;100955;236.77;20;10444875845;S
20240523;100956;236.78;10;10444876062;B
20240523;100956;236.78;270;10444876063;B
20240523;100956;236.78;30;10444876064;B
20240523;100956;236.78;40;10444876065;B
20240523;100956;236.78;10;10444876066;B
20240523;100956;236.78;10;10444876067;B
20240523;101000;236.78;20;10444876770;B
20240523;101009;236.78;10;10444878319;B
20240523;101019;236.78;440;10444880261;B
20240523;101019;236.78;20;10444880262;B
20240523;101019;236.78;10;10444880263;B
20240523;101019;236.78;10;10444880264;B
20240523;101019;236.78;10;10444880265;B
20240523;101019;236.78;10;10444880266;B
20240523;101019;236.78;10;10444880267;B
20240523;101019;236.78;10;10444880268;B
20240523;101019;236.78;20;10444880269;B
20240523;101019;236.78;40;10444880270;B
20240523;101019;236.78;10;10444880271;B
20240523;101019;236.78;10;10444880272;B
20240523;101019;236.78;10;10444880273;B
20240523;101019;236.78;190;10444880274;B
20240523;101019;236.78;10;10444880275;B
20240523;101019;236.78;10;10444880276;B
20240523;101019;236.78;20;10444880277;B
20240523;101019;236.78;130;10444880278;B
20240523;101026;236.77;10;10444881277;S
20240523;101026;236.77;500;10444881278;S
20240523;101026;236.77;10;10444881279;S
20240523;101026;236.77;120;10444881280;S
20240523;101028;236.76;10;10444881839;B
20240523;101029;236.76;20;10444882070;B
20240523;101030;236.75;300;10444882572;S
20240523;101031;236.76;10;10444882836;B
20240523;101033;236.75;80;10444883060;S
20240523;101041;236.7;30;10444884554;S
20240523;101041;236.71;10;10444884623;B
20240523;101041;236.71;20;10444884753;B
20240523;101043;236.71;170;10444885121;B
20240523;101043;236.71;400;10444885122;B
20240523;101043;236.71;20;10444885123;B
20240523;101043;236.72;70;10444885124;B
20240523;101043;236.76;170;10444885125;B
20240523;101043;236.77;200;10444885126;B
20240523;101043;236.78;10;10444885127;B
20240523;101043;236.82;400;10444885128;B
20240523;101043;236.84;470;10444885129;B
20240523;101106;236.84;10;10444888991;B
20240523;101113;236.78;30;10444890169;B
20240523;101115;236.78;230;10444890531;B
20240523;101115;236.78;400;10444890532;B
20240523;101115;236.78;70;10444890533;B
20240523;101115;236.78;70;10444890534;B
20240523;101115;236.82;170;10444890535;B
20240523;101119;236.84;500;10444891062;S
20240523;101134;236.85;20;10444893334;B
20240523;101134;236.85;40;10444893335;B
20240523;101135;236.84;10;10444893348;S
20240523;101140;236.84;30;10444895819;S
20240523;101146;236.84;200;10444897091;S
20240523;101146;236.84;10;10444897092;S
20240523;101200;236.79;80;10444900323;B
20240523;101202;236.78;20;10444900544;S
20240523;101202;236.78;150;10444900594;S
20240523;101203;236.79;10;10444900835;B
20240523;101208;236.79;20;10444901700;B
20240523;101210;236.79;20;10444901969;B
20240523;101212;236.78;200;10444902216;S
20240523;101212;236.79;10;10444902218;B
20240523;101212;236.79;20;10444902219;B
20240523;101213;236.8;20;10444902289;B
20240523;101213;236.82;10;10444902290;B
20240523;101213;236.83;10;10444902307;B
20240523;101215;236.84;30;10444902862;B
20240523;101215;236.84;30;10444902964;B
20240523;101216;236.78;10;10444903147;S
20240523;101238;236.84;70;10444907111;B
20240523;101238;236.84;60;10444907112;B
20240523;101242;236.79;80;10444907887;S
20240523;101242;236.79;20;10444907888;S
20240523;101242;236.78;150;10444907889;S
20240523;101245;236.78;10;10444908321;S
20240523;101245;236.78;80;10444908393;S
20240523;101245;236.78;10;10444908394;S
20240523;101249;236.78;40;10444909021;B
20240523;101250;236.78;100;10444909379;B
20240523;101250;236.78;90;10444909418;B
20240523;101251;236.79;30;10444909512;S
20240523;101255;236.79;20;10444910541;S
20240523;101305;236.85;10;10444912566;B
20240523;101306;236.79;70;10444912757;S
20240523;101306;236.79;80;10444912758;S
20240523;101307;236.81;40;10444912927;B
20240523;101307;236.79;150;10444912965;S
20240523;101309;236.81;30;10444913312;B
20240523;101310;236.81;200;10444913461;B
20240523;101310;236.82;20;10444913462;B
20240523;101312;236.8;10;10444913848;S
20240523;101315;236.81;20;10444914514;S
20240523;101324;236.81;20;10444916042;S
20240523;101324;236.81;10;10444916043;S
20240523;101330;236.82;10;10444917086;S
20240523;101330;236.82;40;10444917087;S
20240523;101334;236.85;10;10444918057;B
20240523;101335;236.82;90;10444918122;S
20240523;101338;236.82;370;10444918717;S
20240523;101338;236.82;50;10444918756;B
20240523;101341;236.81;60;10444919250;S
20240523;101341;236.81;20;10444919251;S
20240523;101342;236.82;70;10444919482;B
20240523;101349;236.82;510;10444920706;B
20240523;101349;236.82;720;10444920707;B
20240523;101349;236.86;10;10444920712;B
20240523;101359;236.83;40;10444922709;S
20240523;101412;236.89;50;10444924426;B
20240523;101414;236.84;70;10444924900;S
20240523;101414;236.83;80;10444924901;S
20240523;101414;236.82;30;10444924902;S
20240523;101419;236.83;30;10444925765;S
20240523;101430;236.89;10;10444927693;B
20240523;101430;236.89;10;10444927694;B
20240523;101430;236.89;10;10444927695;B
20240523;101430;236.89;10;10444927696;B
20240523;101430;236.89;20;10444927697;B
20240523;101430;236.89;10;10444927698;B
20240523;101430;236.89;10;10444927699;B
20240523;101430;236.9;10;10444927700;B
20240523;101430;236.93;60;10444927701;B
20240523;101432;236.94;10;10444928316;B
20240523;101433;236.98;20;10444928392;B
20240523;101433;236.99;20;10444928393;B
20240523;101433;236.91;20;10444928396;S
20240523;101447;237;100;10444930606;B
20240523;101447;237;10;10444930607;B
20240523;101447;237;10;10444930608;B
20240523;101447;237;20;10444930619;B
20240523;101447;236.91;50;10444930721;S
20240523;101458;236.92;10;10444932489;S
20240523;101507;237;260;10444934677;B
20240523;101507;237.02;70;10444934678;B
20240523;101507;237.03;50;10444934679;B
20240523;101507;237.03;10;10444934680;B
20240523;101507;237.05;110;10444934681;B
20240523;101508;237.01;10;10444934862;S
20240523;101513;237.05;10;10444935857;B
20240523;101513;237.02;50;10444935860;S
20240523;101514;237.05;20;10444936082;B
20240523;101515;237.02;10;10444936592;S
20240523;101520;237.05;360;10444937663;B
20240523;101521;237.17;10;10444938063;B
20240523;101526;237.17;90;10444939430;B
20240523;101527;237.13;200;10444939689;S
20240523;101530;237.16;10;10444940472;B
20240523;101540;237.13;10;10444942602;S
20240523;101543;237.13;20;10444943141;S
20240523;101544;237.13;50;10444943410;S
20240523;101545;237.13;10;10444943724;S
20240523;101545;237.13;30;10444943844;S
20240523;101548;237.14;80;10444944366;B
20240523;101548;237.13;20;10444944565;S
20240523;101552;237.18;10;10444945848;B
20240523;101553;237.16;40;10444946142;S
20240523;101554;237.16;10;10444946458;S
20240523;101557;237.18;10;10444947138;B
20240523;101557;237.18;50;10444947274;S
20240523;101600;237.19;10;10444948106;S
20240523;101607;237.21;100;10444950209;S
20240523;101608;237.21;110;10444950456;S
20240523;101608;237.21;10;10444950457;S
20240523;101614;237.24;10;10444951906;B
20240523;101616;237.24;20;10444952362;B
20240523;101618;237.24;10;10444952928;B
20240523;101619;237.21;40;10444953192;S
20240523;101624;237.24;30;10444954184;B
20240523;101624;237.25;100;10444954185;B
20240523;101624;237.25;20;10444954186;B
20240523;101625;237.29;420;10444954378;B
20240523;101625;237.32;20;10444954379;B
20240523;101625;237.32;60;10444954380;B
20240523;101625;237.35;50;10444954381;B
20240523;101625;237.37;1450;10444954382;B
20240523;101625;237.36;10;10444954480;B
20240523;101626;237.31;300;10444954619;B
20240523;101627;237.3;50;10444955103;S
20240523;101634;237.35;10;10444956566;B
20240523;101637;237.35;60;10444957660;B
20240523;101641;237.31;10;10444958432;S
20240523;101641;237.31;20;10444958433;S
20240523;101644;237.36;60;10444959092;B
20240523;101644;237.36;20;10444959093;B
20240523;101644;237.37;160;10444959094;B
20240523;101645;237.37;250;10444959195;B
20240523;101649;237.31;30;10444960032;S
20240523;101650;237.31;20;10444960087;S
20240523;101656;237.35;30;10444961174;B
20240523;101656;237.36;60;10444961175;B
20240523;101656;237.37;10;10444961176;B
20240523;101701;237.37;100;10444962352;B
20240523;101703;237.37;20;10444962761;B
20240523;101703;237.31;440;10444962787;S
20240523;101703;237.31;20;10444962788;S
20240523;101703;237.31;10;10444962839;B
20240523;101705;237.31;10;10444963166;B
20240523;101708;237.29;10;10444963651;B
20240523;101711;237.29;20;10444963944;B
20240523;101712;237.29;20;10444964173;B
20240523;101713;237.29;10;10444964330;B
20240523;101717;237.29;10;10444964875;B
20240523;101717;237.29;90;10444964924;B
20240523;101717;237.29;20;10444965025;B
20240523;101718;237.29;20;10444965036;B
20240523;101721;237.29;60;10444965577;B
20240523;101723;237.29;10;10444965884;B
20240523;101723;237.29;60;10444965885;B
20240523;101723;237.29;30;10444965886;B
20240523;101725;237.29;40;10444966280;B
20240523;101729;237.3;60;10444966735;B
20240523;101729;237.31;320;10444966736;B
20240523;101729;237.35;400;10444966737;B
20240523;101729;237.37;510;10444966738;B
20240523;101729;237.37;680;10444966739;B
20240523;101734;237.3;10;10444967526;S
20240523;101734;237.29;10;10444967527;S
20240523;101734;237.29;10;10444967528;S
20240523;101739;237.28;10;10444968269;S
20240523;101739;237.37;10;10444968337;B
20240523;101746;237.37;80;10444969315;B
20240523;101759;237.37;10;10444970814;B
20240523;101806;237.37;30;10444971852;B
20240523;101806;237.37;20;10444971853;B
20240523;101806;237.37;10;10444971854;B
20240523;101806;237.37;10;10444971855;B
20240523;101806;237.37;10;10444971856;B
20240523;101806;237.38;50;10444971857;B
20240523;101806;237.38;20;10444971858;B
20240523;101806;237.38;10;10444971859;B
20240523;101806;237.38;10;10444971860;B
20240523;101806;237.39;30;10444971868;B
20240523;101806;237.4;10;10444971869;B
20240523;101825;237.37;10;10444974903;S
20240523;101825;237.36;100;10444974904;S
20240523;101825;237.35;20;10444974905;S
20240523;101825;237.35;50;10444974906;S
20240523;101825;237.34;10;10444974907;S
20240523;101825;237.34;50;10444974908;S
20240523;101825;237.34;50;10444974909;S
20240523;101825;237.32;400;10444974910;S
20240523;101825;237.24;40;10444974911;S
20240523;101825;237.24;170;10444974912;S
20240523;101825;237.21;60;10444974913;S
20240523;101825;237.2;70;10444975012;B
20240523;101828;237.2;40;10444975422;B
20240523;101841;237.19;60;10444977429;B
20240523;101841;237.19;30;10444977430;B
20240523;101847;237.19;50;10444978156;B
20240523;101847;237.2;510;10444978157;B
20240523;101847;237.2;850;10444978158;B
20240523;101847;237.21;220;10444978174;B
20240523;101848;237.2;300;10444978260;S
20240523;101850;237.2;20;10444978476;S
20240523;101851;237.2;100;10444978593;S
20240523;101854;237.21;10;10444978921;B
20240523;101855;237.2;200;10444979074;S
20240523;101855;237.2;200;10444979164;S
20240523;101856;237.2;20;10444979261;S
20240523;101856;237.21;40;10444979299;B
20240523;101859;237.21;20;10444979668;B
20240523;101859;237.21;50;10444979909;B
20240523;101903;237.2;10;10444980374;S
20240523;101904;237.21;180;10444980567;B
20240523;101906;237.2;260;10444980752;S
20240523;101910;237.2;70;10444981175;S
20240523;101910;237.21;10;10444981192;B
20240523;101911;237.2;70;10444981412;S
20240523;101913;237.21;100;10444981653;B
20240523;101917;237.21;100;10444982189;B
20240523;101917;237.21;20;10444982230;B
20240523;101918;237.2;10;10444982260;S
20240523;101922;237.21;100;10444982752;B
20240523;101925;237.2;30;10444983056;S
20240523;101928;237.21;420;10444983433;B
20240523;101930;237.21;10;10444983696;B
20240523;101931;237.2;100;10444983886;S
20240523;101932;237.2;90;10444983943;S
20240523;101934;237.21;50;10444984191;B
20240523;101936;237.21;10;10444984447;B
20240523;101940;237.21;10;10444984916;B
20240523;101941;237.2;250;10444985118;S
20240523;101943;237.21;10;10444985199;B
20240523;101943;237.2;230;10444985284;S
20240523;101951;237.21;60;10444986259;B
20240523;101953;237.2;10;10444986460;S
20240523;101953;237.21;70;10444986461;B
20240523;101953;237.21;50;10444986462;B
20240523;101953;237.21;10;10444986463;B
20240523;101953;237.21;50;10444986464;B
20240523;101953;237.21;10;10444986465;B
20240523;101953;237.21;10;10444986466;B
20240523;101953;237.21;10;10444986467;B
20240523;101953;237.21;500;10444986468;B
20240523;101953;237.21;10;10444986469;B
20240523;101953;237.21;200;10444986470;B
20240523;101953;237.21;10;10444986471;B
20240523;101953;237.21;20;10444986472;B
20240523;102011;237.31;10;10444989589;S
20240523;102020;237.35;100;10444998308;S
20240523;102021;237.35;30;10444999200;S
20240523;102021;237.39;80;10444999214;B
20240523;102021;237.39;20;10444999215;B
20240523;102026;237.35;30;10445003565;S
20240523;102030;237.36;10;10445008014;S
20240523;102031;237.35;10;10445008707;S
20240523;102036;237.39;20;10445014117;B
20240523;102036;237.39;10;10445014118;B
20240523;102036;237.39;10;10445014119;B
20240523;102036;237.39;10;10445014120;B
20240523;102036;237.39;10;10445014121;B
20240523;102037;237.39;10;10445014806;S
20240523;102037;237.39;10;10445014870;S
20240523;102037;237.39;10;10445014938;S
20240523;102037;237.39;10;10445014998;S
20240523;102037;237.39;10;10445015072;S
20240523;102037;237.39;10;10445015138;S
20240523;102039;237.35;50;10445016349;S
20240523;102040;237.35;30;10445018258;S
20240523;102040;237.35;10;10445018259;S
20240523;102040;237.35;20;10445018260;S
20240523;102041;237.35;10;10445018630;S
20240523;102041;237.35;10;10445018797;S
20240523;102041;237.32;10;10445018863;B
20240523;102041;237.32;10;10445018929;B
20240523;102041;237.32;10;10445019029;B
20240523;102041;237.32;10;10445019100;B
20240523;102041;237.33;10;10445019151;B
20240523;102041;237.39;10;10445019337;B
20240523;102041;237.35;10;10445019458;S
20240523;102041;237.35;10;10445019728;S
20240523;102042;237.35;10;10445019963;S
20240523;102042;237.35;10;10445020217;S
20240523;102042;237.35;10;10445020478;S
20240523;102043;237.29;200;10445021310;S
20240523;102043;237.28;20;10445021311;S
20240523;102043;237.27;50;10445021312;S
20240523;102043;237.27;30;10445021313;S
20240523;102043;237.33;10;10445021582;B
20240523;102052;237.33;10;10445029981;B
20240523;102053;237.33;10;10445030472;B
20240523;102055;237.33;20;10445032606;B
20240523;102057;237.33;200;10445034747;B
20240523;102057;237.33;50;10445034748;B
20240523;102057;237.36;50;10445034749;B
20240523;102059;237.33;200;10445035685;B
20240523;102106;237.4;50;10445041452;B
20240523;102106;237.4;10;10445041453;B
20240523;102106;237.42;70;10445041454;B
20240523;102106;237.43;170;10445041455;B
20240523;102106;237.38;170;10445041477;S
20240523;102106;237.38;70;10445041478;S
20240523;102106;237.37;10;10445041479;S
20240523;102106;237.37;20;10445041480;B
20240523;102106;237.37;170;10445041697;S
20240523;102106;237.36;280;10445041698;S
20240523;102110;237.38;10;10445044461;S
20240523;102113;237.37;10;10445046379;S
20240523;102114;237.44;10;10445047221;B
20240523;102114;237.44;10;10445047407;B
20240523;102117;237.44;10;10445050127;B
20240523;102120;237.35;170;10445052791;S
20240523;102121;237.35;30;10445054564;S
20240523;102129;237.35;10;10445057853;S
20240523;102129;237.33;10;10445057854;S
20240523;102130;237.36;20;10445057954;B
20240523;102133;237.33;20;10445058212;S
20240523;102143;237.35;20;10445059619;B
20240523;102144;237.35;40;10445059652;B
20240523;102145;237.33;70;10445059904;S
20240523;102147;237.33;10;10445060118;S
20240523;102147;237.33;140;10445060179;S
20240523;102147;237.33;160;10445060180;S
20240523;102154;237.33;10;10445060872;S
20240523;102155;237.35;10;10445061008;B
20240523;102157;237.33;10;10445061324;S
20240523;102214;237.4;10;10445063540;B
20240523;102215;237.4;290;10445063590;B
20240523;102230;237.33;10;10445065380;S
20240523;102232;237.33;200;10445065652;S
20240523;102238;237.38;20;10445066353;B
20240523;102241;237.35;10;10445066898;S
20240523;102252;237.38;80;10445068190;B
20240523;102252;237.38;10;10445068191;B
20240523;102252;237.38;60;10445068192;B
20240523;102256;237.35;10;10445068710;S
20240523;102259;237.35;100;10445068976;S
20240523;102259;237.35;200;10445068984;S
20240523;102301;237.35;10;10445069280;S
20240523;102301;237.38;10;10445069296;B
20240523;102301;237.38;10;10445069297;B
20240523;102301;237.38;10;10445069298;B
20240523;102301;237.38;10;10445069299;B
20240523;102301;237.38;30;10445069300;B
20240523;102301;237.38;10;10445069301;B
20240523;102301;237.41;20;10445069302;B
20240523;102307;237.36;20;10445070185;B
20240523;102310;237.36;30;10445070657;B
20240523;102311;237.35;80;10445070716;S
20240523;102316;237.36;80;10445071363;B
20240523;102316;237.37;270;10445071364;B
20240523;102318;237.41;100;10445071563;S
20240523;102318;237.43;290;10445071596;B
20240523;102322;237.43;10;10445072073;B
20240523;102331;237.43;40;10445073256;B
20240523;102339;237.43;40;10445074343;B
20240523;102344;237.41;4550;10445075097;S
20240523;102344;237.41;170;10445075098;S
20240523;102344;237.41;80;10445075099;S
20240523;102344;237.37;10;10445075100;S
20240523;102344;237.35;200;10445075101;S
20240523;102344;237.33;10;10445075102;S
20240523;102344;237.33;100;10445075103;S
20240523;102344;237.3;50;10445075104;S
20240523;102344;237.21;30;10445075105;S
20240523;102344;237.2;10;10445075106;S
20240523;102344;237.2;200;10445075107;S
20240523;102344;237.2;20;10445075108;S
20240523;102344;237.2;30;10445075109;S
20240523;102344;237.2;10;10445075110;S
20240523;102344;237.2;10;10445075111;S
20240523;102344;237.16;20;10445075112;S
20240523;102344;237.16;420;10445075113;S
20240523;102344;237.11;100;10445075114;S
20240523;102344;237.11;10;10445075115;S
20240523;102344;237.09;230;10445075116;S
20240523;102344;237.08;1450;10445075117;S
20240523;102344;237.08;3200;10445075118;S
20240523;102344;237.07;800;10445075119;S
20240523;102344;237.02;100;10445075120;S
20240523;102344;237.01;100;10445075121;S
20240523;102344;237.01;400;10445075122;S
20240523;102344;237;50;10445075123;S
20240523;102344;237;20;10445075124;S
20240523;102344;237;20;10445075125;S
20240523;102344;237;30;10445075126;S
20240523;102344;236.99;4000;10445075127;S
20240523;102344;236.98;10;10445075128;S
20240523;102344;236.96;4000;10445075129;S
20240523;102344;236.96;4000;10445075130;S
20240523;102344;236.96;4000;10445075131;S
20240523;102344;236.95;4200;10445075132;S
20240523;102344;236.94;200;10445075133;S
20240523;102344;236.92;4000;10445075134;S
20240523;102344;236.91;200;10445075135;S
20240523;102344;236.91;100;10445075136;S
20240523;102344;236.9;4000;10445075137;S
20240523;102344;236.86;20;10445075138;S
20240523;102344;236.85;60;10445075139;S
20240523;102344;236.84;10;10445075140;S
20240523;102344;236.81;100;10445075141;S
20240523;102344;236.75;510;10445075142;S
20240523;102344;236.74;290;10445075143;S
20240523;102344;236.75;110;10445075146;S
20240523;102344;236.73;290;10445075147;S
20240523;102344;236.74;510;10445075148;S
20240523;102344;236.73;130;10445075149;S
20240523;102344;236.72;80;10445075150;S
20240523;102344;236.71;50;10445075151;S
20240523;102344;236.71;850;10445075152;S
20240523;102344;236.7;10;10445075153;S
20240523;102344;236.7;200;10445075154;S
20240523;102344;236.7;2170;10445075155;S
20240523;102344;236.7;100;10445075160;S
20240523;102344;236.78;100;10445075163;B
20240523;102344;236.71;100;10445075168;S
20240523;102344;236.78;20;10445075169;B
20240523;102344;236.78;880;10445075183;B
20240523;102344;236.79;50;10445075184;B
20240523;102344;236.79;100;10445075185;B
20240523;102344;236.8;90;10445075186;B
20240523;102344;236.81;170;10445075187;B
20240523;102344;236.84;400;10445075188;B
20240523;102344;237;110;10445075189;B
20240523;102344;236.76;100;10445075193;S
20240523;102344;236.84;100;10445075201;S
20240523;102344;236.84;10;10445075225;S
20240523;102344;236.83;100;10445075237;S
20240523;102344;236.84;100;10445075244;S
20240523;102345;236.84;60;10445075253;S
20240523;102345;236.83;100;10445075264;S
20240523;102345;236.81;20;10445075288;S
20240523;102345;236.78;100;10445075304;S
20240523;102345;236.78;100;10445075312;S
20240523;102345;236.79;30;10445075321;S
20240523;102345;236.77;30;10445075330;S
20240523;102345;236.72;50;10445075337;S
20240523;102345;236.72;50;10445075338;B
20240523;102345;236.72;100;10445075343;S
20240523;102345;236.71;100;10445075365;S
20240523;102346;236.72;100;10445075395;S
20240523;102346;236.72;100;10445075405;S
20240523;102346;236.72;100;10445075420;S
20240523;102346;236.71;100;10445075432;S
20240523;102346;236.71;100;10445075438;S
20240523;102346;236.73;1000;10445075462;B
20240523;102346;236.74;20;10445075464;B
20240523;102346;236.72;10;10445075466;S
20240523;102349;236.75;50;10445075890;S
20240523;102349;236.74;10;10445075891;S
20240523;102349;236.72;80;10445075892;S
20240523;102349;236.71;510;10445075893;S
20240523;102349;236.7;1290;10445075894;S
20240523;102349;236.7;10;10445075895;S
20240523;102349;236.7;1200;10445075896;S
20240523;102349;236.7;100;10445075897;S
20240523;102349;236.7;250;10445075898;S
20240523;102349;236.7;420;10445075899;S
20240523;102349;236.7;170;10445075900;S
20240523;102349;236.7;420;10445075903;B
20240523;102350;236.7;10;10445075988;B
20240523;102350;236.7;40;10445075997;B
20240523;102351;236.69;30;10445076069;S
20240523;102351;236.69;40;10445076070;S
20240523;102351;236.69;480;10445076071;S
20240523;102351;236.68;1000;10445076072;S
20240523;102351;236.67;80;10445076073;S
20240523;102351;236.66;10;10445076074;S
20240523;102351;236.66;30;10445076075;S
20240523;102351;236.66;160;10445076076;S
20240523;102351;236.65;10;10445076077;S
20240523;102351;236.65;5000;10445076078;S
20240523;102351;236.62;100;10445076079;S
20240523;102351;236.62;170;10445076080;S
20240523;102351;236.61;20;10445076081;S
20240523;102351;236.6;10;10445076082;S
20240523;102351;236.6;10;10445076083;S
20240523;102351;236.6;100;10445076084;S
20240523;102351;236.6;420;10445076085;S
20240523;102351;236.6;50;10445076086;B
20240523;102351;236.58;50;10445076155;S
20240523;102351;236.6;40;10445076169;B
20240523;102351;236.6;10;10445076172;B
20240523;102352;236.6;10;10445076212;B
20240523;102352;236.6;50;10445076219;B
20240523;102353;236.6;60;10445076315;S
20240523;102353;236.59;510;10445076316;S
20240523;102353;236.58;370;10445076317;S
20240523;102353;236.58;90;10445076318;S
20240523;102353;236.57;10;10445076319;S
20240523;102353;236.56;10;10445076320;S
20240523;102353;236.55;100;10445076321;S
20240523;102353;236.55;30;10445076322;S
20240523;102353;236.54;400;10445076323;S
20240523;102353;236.51;10;10445076324;S
20240523;102353;236.51;20;10445076325;S
20240523;102353;236.56;40;10445076333;S
20240523;102353;236.52;10;10445076334;S
20240523;102353;236.52;20;10445076338;S
20240523;102356;236.61;10;10445076867;S
20240523;102356;236.61;10;10445076868;S
20240523;102356;236.53;60;10445076984;S
20240523;102356;236.53;10;10445076985;S
20240523;102356;236.53;20;10445076986;S
20240523;102410;236.57;30;10445078671;S
20240523;102410;236.62;10;10445078688;B
20240523;102414;236.61;10;10445079293;B
20240523;102417;236.6;490;10445079710;B
20240523;102418;236.6;10;10445079875;B
20240523;102420;236.6;80;10445080318;B
20240523;102428;236.63;40;10445081165;B
20240523;102429;236.61;60;10445081329;S
20240523;102432;236.63;410;10445081871;B
20240523;102434;236.61;80;10445082140;S
20240523;102436;236.63;40;10445082475;B
20240523;102438;236.61;140;10445082658;S
20240523;102440;236.62;1000;10445082925;B
20240523;102441;236.63;40;10445083014;B
20240523;102443;236.61;300;10445083222;S
20240523;102443;236.61;100;10445083275;S
20240523;102445;236.71;100;10445083527;B
20240523;102445;236.71;30;10445083528;B
20240523;102447;236.79;20;10445083828;B
20240523;102447;236.8;100;10445083829;B
20240523;102447;236.82;170;10445083830;B
20240523;102447;236.82;70;10445083831;B
20240523;102457;236.87;10;10445085113;B
20240523;102504;236.78;70;10445086095;S
20240523;102519;236.8;50;10445088007;B
20240523;102536;236.82;260;10445090643;B
20240523;102536;236.82;70;10445090644;B
20240523;102536;236.82;10;10445090645;B
20240523;102536;236.82;10;10445090646;B
20240523;102536;236.82;10;10445090647;B
20240523;102536;236.82;20;10445090648;B
20240523;102536;236.82;10;10445090649;B
20240523;102536;236.8;10;10445090650;S
20240523;102540;236.91;10;10445091188;B
20240523;102540;236.94;80;10445091189;B
20240523;102540;236.96;170;10445091190;B
20240523;102540;236.99;100;10445091191;B
20240523;102540;237;130;10445091192;B
20240523;102540;237;10;10445091193;B
20240523;102544;237.03;10;10445091672;B
20240523;102550;237.06;10;10445092339;B
20240523;102550;237.06;10;10445092381;B
20240523;102559;237.06;10;10445093934;B
20240523;102559;237.06;10;10445093935;B
20240523;102601;236.96;50;10445094443;S
20240523;102601;236.95;10;10445094444;S
20240523;102607;236.95;20;10445095892;S
20240523;102609;236.94;50;10445096247;S
20240523;102616;236.95;10;10445097388;S
20240523;102617;236.95;20;10445097639;S
20240523;102633;237;10;10445099744;B
20240523;102636;236.95;20;10445100215;S
20240523;102636;236.95;70;10445100225;S
20240523;102641;236.95;10;10445100783;S
20240523;102641;236.95;20;10445100784;S
20240523;102644;236.94;100;10445101143;S
20240523;102644;236.94;100;10445101144;S
20240523;102651;236.94;10;10445101971;S
20240523;102651;236.93;90;10445101972;S
20240523;102653;236.93;10;10445102164;S
20240523;102653;236.9;10;10445102165;S
20240523;102653;236.9;80;10445102166;S
20240523;102701;236.93;10;10445103285;B
20240523;102703;236.84;10;10445103536;S
20240523;102713;236.82;20;10445104675;S
20240523;102730;236.87;220;10445106926;B
20240523;102737;236.87;50;10445107652;B
20240523;102737;236.87;10;10445107653;B
20240523;102740;236.87;10;10445108218;B
20240523;102743;236.87;10;10445108551;B
20240523;102744;236.87;20;10445108668;B
20240523;102754;236.87;20;10445109634;B
20240523;102754;236.87;70;10445109635;B
20240523;102754;236.88;30;10445109636;B
20240523;102754;236.88;10;10445109637;B
20240523;102754;236.88;10;10445109638;B
20240523;102754;236.88;10;10445109639;B
20240523;102757;236.88;10;10445110039;B
20240523;102757;236.88;10;10445110040;B
20240523;102804;236.87;160;10445110756;B
20240523;102807;236.87;10;10445111098;B
20240523;102812;236.87;10;10445111986;B
20240523;102820;236.85;10;10445113906;S
20240523;102821;236.87;10;10445114036;B
20240523;102822;236.83;70;10445114202;S
20240523;102835;236.83;20;10445116254;B
20240523;102836;236.82;130;10445116263;S
20240523;102840;236.83;30;10445116828;B
20240523;102842;236.83;10;10445117098;B
20240523;102843;236.82;20;10445117145;S
20240523;102843;236.82;10;10445117146;S
20240523;102843;236.82;30;10445117147;S
20240523;102843;236.8;70;10445117148;S
20240523;102843;236.78;50;10445117149;S
20240523;102843;236.76;20;10445117150;S
20240523;102849;236.82;10;10445117690;B
20240523;102854;236.82;10;10445118328;B
20240523;102906;236.76;10;10445119501;S
20240523;102906;236.75;10;10445119502;S
20240523;102907;236.78;80;10445119662;B
20240523;102916;236.78;50;10445120514;B
20240523;102917;236.78;130;10445120658;B
20240523;102917;236.78;90;10445120659;B
20240523;102917;236.78;10;10445120660;B
20240523;102917;236.79;70;10445120661;B
20240523;102917;236.82;10;10445120662;B
20240523;102917;236.83;180;10445120663;B
20240523;102917;236.85;40;10445120664;B
20240523;102917;236.85;1160;10445120665;B
20240523;102917;236.87;760;10445120666;B
20240523;102921;236.79;30;10445121055;S
20240523;102930;236.87;20;10445121851;B
20240523;102932;236.87;1120;10445121991;B
20240523;102946;236.87;20;10445123267;B
20240523;102948;236.87;10;10445123418;B
20240523;102959;236.87;150;10445124892;B
20240523;103020;236.85;70;10445127461;B
20240523;103020;236.85;120;10445127462;B
20240523;103020;236.85;10;10445127463;B
20240523;103020;236.85;10;10445127464;B
20240523;103020;236.87;1730;10445127465;B
20240523;103020;236.88;400;10445127466;B
20240523;103020;236.91;50;10445127467;B
20240523;103020;236.91;200;10445127468;B
20240523;103020;236.94;10;10445127469;B
20240523;103020;236.95;20;10445127470;B
20240523;103020;236.95;50;10445127471;B
20240523;103020;236.96;330;10445127472;B
20240523;103020;236.9;40;10445127530;S
20240523;103020;236.89;10;10445127539;S
20240523;103021;236.89;30;10445127600;S
20240523;103022;236.95;10;10445127679;B
20240523;103026;236.9;10;10445128099;S
20240523;103032;236.89;10;10445128822;S
20240523;103041;236.95;20;10445129727;B
20240523;103045;236.95;30;10445130222;B
20240523;103047;236.95;10;10445130481;B
20240523;103051;236.95;50;10445130961;B
20240523;103051;236.95;10;10445130962;B
20240523;103053;236.9;80;10445131160;S
20240523;103054;236.95;10;10445131250;B
20240523;103101;236.9;10;10445132049;S
20240523;103101;236.9;10;10445132050;S
20240523;103107;236.9;10;10445132742;S
20240523;103107;236.91;70;10445133037;B
20240523;103107;236.91;10;10445133038;B
20240523;103107;236.92;20;10445133039;B
20240523;103110;236.87;40;10445133312;S
20240523;103111;236.87;30;10445133352;S
20240523;103112;236.87;130;10445133668;S
20240523;103112;236.87;300;10445133669;S
20240523;103116;236.81;70;10445134335;B
20240523;103116;236.81;100;10445134336;B
20240523;103130;236.81;300;10445136255;B
20240523;103130;236.81;120;10445136256;B
20240523;103130;236.81;50;10445136257;B
20240523;103130;236.81;10;10445136258;B
20240523;103132;236.8;500;10445136400;S
20240523;103133;236.81;10;10445136595;B
20240523;103135;236.81;10;10445136804;B
20240523;103136;236.81;10;10445136984;B
20240523;103147;236.88;10;10445138984;B
20240523;103158;236.82;10;10445141893;B
20240523;103158;236.81;40;10445141975;S
20240523;103202;236.82;30;10445142359;B
20240523;103203;236.82;30;10445142640;B
20240523;103203;236.82;10;10445142641;B
20240523;103203;236.84;10;10445142642;B
20240523;103207;236.81;320;10445143059;S
20240523;103230;236.83;10;10445146113;S
20240523;103235;236.83;10;10445146675;S
20240523;103235;236.82;210;10445146676;S
20240523;103239;236.82;10;10445147620;S
20240523;103241;236.82;10;10445147837;S
20240523;103243;236.83;20;10445147991;B
20240523;103246;236.83;20;10445148337;B
20240523;103249;236.82;180;10445148908;S
20240523;103249;236.82;320;10445148909;S
20240523;103250;236.82;20;10445148959;S
20240523;103257;236.83;50;10445149800;B
20240523;103306;236.82;100;10445150719;S
20240523;103306;236.82;10;10445150720;S
20240523;103306;236.81;150;10445150721;S
20240523;103307;236.83;410;10445150790;B
20240523;103307;236.83;90;10445150791;B
20240523;103307;236.81;250;10445150825;S
20240523;103308;236.83;10;10445150849;B
20240523;103309;236.81;10;10445151004;S
20240523;103315;236.83;20;10445151833;B
20240523;103316;236.82;10;10445151899;S
20240523;103321;236.83;60;10445152269;B
20240523;103324;236.83;10;10445152574;B
20240523;103326;236.83;10;10445152808;B
20240523;103327;236.83;10;10445152953;B
20240523;103327;236.83;10;10445152954;B
20240523;103327;236.83;10;10445152955;B
20240523;103327;236.83;10;10445152956;B
20240523;103327;236.83;10;10445152957;B
20240523;103328;236.82;10;10445152990;S
20240523;103335;236.83;20;10445153901;B
20240523;103336;236.82;40;10445154029;S
20240523;103339;236.81;10;10445154367;S
20240523;103343;236.82;10;10445154686;B
20240523;103343;236.82;10;10445154720;B
20240523;103344;236.82;10;10445154762;B
20240523;103345;236.81;40;10445154828;S
20240523;103346;236.81;10;10445154927;S
20240523;103346;236.82;10;10445154993;B
20240523;103350;236.82;100;10445155396;B
20240523;103351;236.82;10;10445155424;B
20240523;103357;236.82;10;10445156084;B
20240523;103358;236.81;10;10445156223;S
20240523;103358;236.81;10;10445156224;S
20240523;103358;236.81;300;10445156225;S
20240523;103405;236.81;50;10445157039;B
20240523;103413;236.81;10;10445157796;B
20240523;103413;236.81;20;10445157797;B
20240523;103414;236.81;10;10445157889;B
20240523;103420;236.81;30;10445158394;B
20240523;103420;236.81;10;10445158395;B
20240523;103420;236.81;10;10445158396;B
20240523;103420;236.81;330;10445158397;B
20240523;103420;236.81;10;10445158398;B
20240523;103420;236.82;340;10445158399;B
20240523;103432;236.81;10;10445159787;S
20240523;103440;236.81;10;10445160540;S
20240523;103441;236.81;10;10445160575;S
20240523;103442;236.82;10;10445160716;B
20240523;103443;236.81;10;10445160804;S
20240523;103446;236.81;70;10445161181;S
20240523;103446;236.8;70;10445161182;S
20240523;103446;236.8;10;10445161185;S
20240523;103448;236.8;10;10445161456;S
20240523;103448;236.8;10;10445161484;S
20240523;103449;236.8;10;10445161578;S
20240523;103452;236.82;10;10445161825;B
20240523;103453;236.82;10;10445161961;B
20240523;103502;236.8;1120;10445162899;S
20240523;103505;236.8;10;10445163302;S
20240523;103506;236.8;270;10445163388;S
20240523;103508;236.8;10;10445163592;S
20240523;103509;236.8;100;10445163845;S
20240523;103511;236.8;20;10445164075;S
20240523;103512;236.8;400;10445164146;S
20240523;103512;236.81;30;10445164156;B
20240523;103515;236.81;340;10445164499;B
20240523;103515;236.8;10;10445164584;S
20240523;103523;236.8;4920;10445165406;S
20240523;103523;236.8;60;10445165407;S
20240523;103523;236.8;30;10445165408;S
20240523;103523;236.8;60;10445165409;S
20240523;103523;236.8;10;10445165410;S
20240523;103523;236.8;10;10445165411;S
20240523;103523;236.8;100;10445165412;S
20240523;103523;236.8;10;10445165413;S
20240523;103528;236.8;20;10445165861;S
20240523;103528;236.81;10;10445165885;B
20240523;103529;236.8;100;10445165938;S
20240523;103532;236.8;10;10445166255;S
20240523;103532;236.8;10;10445166291;S
20240523;103542;236.8;10;10445167450;S
20240523;103545;236.81;50;10445167675;B
20240523;103549;236.81;10;10445168056;B
20240523;103549;236.8;50;10445168117;S
20240523;103550;236.8;20;10445168213;S
20240523;103551;236.8;140;10445168436;S
20240523;103556;236.81;30;10445168960;B
20240523;103556;236.8;100;10445168962;S
20240523;103558;236.8;770;10445169238;S
20240523;103606;236.81;10;10445170063;B
20240523;103607;236.8;10;10445170105;S
20240523;103607;236.81;40;10445170130;B
20240523;103608;236.8;20;10445170145;S
20240523;103608;236.81;120;10445170172;B
20240523;103608;236.81;300;10445170173;B
20240523;103609;236.8;10;10445170273;S
20240523;103613;236.8;10;10445170629;S
20240523;103619;236.8;10;10445171309;S
20240523;103621;236.81;40;10445171508;B
20240523;103621;236.81;10;10445171509;B
20240523;103621;236.81;370;10445171510;B
20240523;103625;236.8;100;10445171982;S
20240523;103626;236.81;10;10445172056;B
20240523;103630;236.81;10;10445172692;B
20240523;103630;236.8;20;10445172704;S
20240523;103631;236.81;10;10445172767;B
20240523;103646;236.81;90;10445174566;B
20240523;103646;236.81;10;10445174567;B
20240523;103647;236.81;10;10445174668;B
20240523;103647;236.81;10;10445174669;B
20240523;103648;236.8;30;10445174855;S
20240523;103649;236.8;100;10445174971;S
20240523;103656;236.81;10;10445175767;B
20240523;103658;236.81;10;10445175921;B
20240523;103658;236.81;190;10445175922;B
20240523;103658;236.81;10;10445175923;B
20240523;103658;236.81;20;10445175924;B
20240523;103658;236.81;10;10445175925;B
20240523;103658;236.81;10;10445175926;B
20240523;103705;236.81;10;10445176642;S
20240523;103706;236.81;170;10445176767;S
20240523;103707;236.81;90;10445176875;B
20240523;103707;236.82;110;10445176876;B
20240523;103717;236.8;100;10445177986;S
20240523;103721;236.82;10;10445178320;B
20240523;103726;236.8;30;10445179109;S
20240523;103732;236.82;50;10445179615;B
20240523;103733;236.8;70;10445179768;S
20240523;103737;236.8;420;10445180143;S
20240523;103738;236.8;10;10445180179;S
20240523;103741;236.81;30;10445180402;B
20240523;103742;236.81;20;10445180653;B
20240523;103743;236.8;100;10445180752;S
20240523;103745;236.81;10;10445180942;B
20240523;103746;236.81;80;10445180980;B
20240523;103748;236.8;10;10445181153;S
20240523;103748;236.81;10;10445181220;B
20240523;103749;236.82;10;10445181327;B
20240523;103751;236.8;10;10445181487;S
20240523;103754;236.8;10;10445181710;S
20240523;103756;236.82;100;10445182058;B
20240523;103758;236.8;10;10445182238;S
20240523;103802;236.81;20;10445182635;B
20240523;103809;236.8;10;10445183712;S
20240523;103811;236.8;50;10445183860;S
20240523;103811;236.8;20;10445183918;S
20240523;103812;236.8;100;10445183957;S
20240523;103813;236.8;40;10445184202;S
20240523;103813;236.8;100;10445184203;S
20240523;103813;236.8;10;10445184204;S
20240523;103813;236.8;110;10445184205;S
20240523;103813;236.8;100;10445184206;S
20240523;103813;236.8;40;10445184207;S
20240523;103813;236.81;9980;10445184227;B
20240523;103813;236.81;10;10445184228;B
20240523;103813;236.81;10;10445184229;B
20240523;103813;236.81;10;10445184230;B
20240523;103813;236.81;10;10445184231;B
20240523;103813;236.81;10;10445184232;B
20240523;103813;236.81;20;10445184233;B
20240523;103813;236.82;400;10445184234;B
20240523;103813;236.82;760;10445184235;B
20240523;103813;236.82;110;10445184236;B
20240523;103813;236.82;50;10445184237;B
20240523;103813;236.82;50;10445184238;B
20240523;103813;236.82;100;10445184239;B
20240523;103813;236.82;100;10445184240;B
20240523;103813;236.82;100;10445184241;B
20240523;103813;236.82;6220;10445184243;B
20240523;103813;236.82;10;10445184244;B
20240523;103815;237;20;10445184616;B
20240523;103815;237.05;10;10445184617;B
20240523;103816;236.93;20;10445184742;S
20240523;103829;237.06;30;10445185873;B
20240523;103835;236.96;100;10445186599;S
20240523;103837;236.96;10;10445186885;S
20240523;103854;236.99;30;10445189019;B
20240523;103901;236.95;10;10445189569;S
20240523;103901;236.92;40;10445189646;S
20240523;103903;236.91;10;10445189779;S
20240523;103905;236.95;10;10445190101;B
20240523;103906;236.93;10;10445190234;B
20240523;103923;236.93;260;10445192148;B
20240523;103923;236.93;140;10445192149;B
20240523;103926;236.92;10;10445192675;S
20240523;103926;236.93;30;10445192797;B
20240523;103927;236.95;10;10445192887;B
20240523;103928;236.94;10;10445193179;S
20240523;103929;236.95;10;10445193257;B
20240523;103931;236.94;10;10445193689;S
20240523;103940;236.95;10;10445194701;B
20240523;103941;236.94;10;10445194873;S
20240523;103942;236.95;10;10445194905;B
20240523;103946;236.95;10;10445195397;B
20240523;103946;236.95;10;10445195419;B
20240523;103947;236.95;10;10445195586;B
20240523;103947;236.95;10;10445195639;B
20240523;103950;236.94;250;10445195983;S
20240523;103959;236.94;120;10445197186;S
20240523;103959;236.93;370;10445197187;S
20240523;103959;236.91;10;10445197188;S
20240523;104010;236.94;110;10445198393;S
20240523;104010;236.94;20;10445198394;S
20240523;104010;236.94;200;10445198395;S
20240523;104010;236.94;170;10445198396;S
20240523;104010;236.95;10;10445198428;B
20240523;104012;236.95;10;10445198620;B
20240523;104021;236.93;110;10445199724;S
20240523;104021;236.94;10;10445199755;S
20240523;104026;236.99;10;10445200374;B
20240523;104027;236.94;20;10445200501;S
20240523;104033;236.99;10;10445201283;B
20240523;104033;236.99;40;10445201284;B
20240523;104033;237;500;10445201285;B
20240523;104033;237.01;110;10445201286;B
20240523;104033;237.04;260;10445201287;B
20240523;104033;237.05;80;10445201288;B
20240523;104035;236.96;10;10445201525;S
20240523;104045;237.07;30;10445202784;B
20240523;104045;237.07;20;10445202785;B
20240523;104053;236.96;10;10445203891;S
20240523;104058;237.06;10;10445204532;B
20240523;104107;236.96;10;10445206010;S
20240523;104119;236.95;10;10445207319;S
20240523;104119;237;10;10445207365;B
20240523;104120;236.95;10;10445207446;S
20240523;104122;237;10;10445207622;B
20240523;104126;236.95;10;10445208021;S
20240523;104130;236.95;20;10445208423;S
20240523;104130;236.95;30;10445208424;S
20240523;104131;236.95;10;10445208583;S
20240523;104147;236.95;100;10445211096;S
20240523;104147;236.93;100;10445211097;S
20240523;104148;236.93;10;10445211300;S
20240523;104150;236.93;10;10445211507;S
20240523;104151;236.94;10;10445211723;S
20240523;104151;236.93;10;10445211727;S
20240523;104153;236.93;10;10445212020;S
20240523;104154;236.94;10;10445212287;S
20240523;104155;236.95;10;10445212426;B
20240523;104156;236.93;10;10445212513;S
20240523;104159;236.94;10;10445212786;S
20240523;104201;236.95;90;10445213066;B
20240523;104201;236.96;80;10445213067;B
20240523;104201;236.96;10;10445213068;B
20240523;104201;236.96;20;10445213069;B
20240523;104201;236.97;100;10445213070;B
20240523;104201;236.99;30;10445213071;B
20240523;104201;236.94;10;10445213125;S
20240523;104204;237;10;10445213555;B
20240523;104207;237;20;10445213854;B
20240523;104211;236.94;100;10445214179;S
20240523;104211;236.94;40;10445214180;S
20240523;104213;236.99;40;10445214534;B
20240523;104222;236.99;40;10445215682;B
20240523;104222;236.95;10;10445215768;S
20240523;104224;236.99;320;10445215996;B
20240523;104224;236.99;50;10445215997;B
20240523;104224;237;220;10445215998;B
20240523;104224;237.01;100;10445215999;B
20240523;104224;237.04;30;10445216000;B
20240523;104224;237.04;130;10445216001;B
20240523;104224;237.06;170;10445216002;B
20240523;104224;237.07;50;10445216003;B
20240523;104224;237.09;10;10445216004;B
20240523;104224;237.09;120;10445216005;B
20240523;104231;237.09;140;10445216763;B
20240523;104232;237.09;20;10445216794;B
20240523;104233;237.07;10;10445216887;S
20240523;104243;237.09;10;10445217819;B
20240523;104244;237.1;10;10445217908;B
20240523;104245;237.12;10;10445217976;B
20240523;104250;237.11;10;10445218532;B
20240523;104252;237.1;10;10445218787;S
20240523;104257;237.1;10;10445219232;S
20240523;104306;237.1;200;10445220377;S
20240523;104306;237.1;60;10445220378;S
20240523;104313;237.12;10;10445221129;B
20240523;104315;237.09;10;10445221269;S
20240523;104329;237.14;10;10445222850;B
20240523;104329;237.14;50;10445222869;B
20240523;104333;237.13;10;10445223104;B
20240523;104336;237.14;80;10445223429;B
20240523;104340;237.14;10;10445223883;B
20240523;104344;237.14;120;10445224222;B
20240523;104345;237.14;10;10445224371;B
20240523;104345;237.1;10;10445224380;S
20240523;104348;237.14;200;10445224698;B
20240523;104348;237.15;20;10445224699;B
20240523;104349;237.14;10;10445224765;B
20240523;104350;237.1;10;10445224917;S
20240523;104350;237.1;10;10445224918;S
20240523;104355;237.14;90;10445225410;B
20240523;104407;237.1;10;10445226749;S
20240523;104407;237.09;90;10445226750;S
20240523;104410;237.09;80;10445226980;S
20240523;104410;237.08;330;10445226981;S
20240523;104412;237.1;10;10445227292;B
20240523;104412;237.1;10;10445227293;B
20240523;104412;237.1;10;10445227294;B
20240523;104412;237.1;10;10445227295;B
20240523;104418;237.1;10;10445228297;S
20240523;104418;237.09;10;10445228298;S
20240523;104418;237.09;80;10445228299;S
20240523;104420;237.09;10;10445228471;B
20240523;104420;237.08;20;10445228479;S
20240523;104426;237.09;60;10445229045;B
20240523;104426;237.1;20;10445229065;B
20240523;104427;237.16;80;10445229193;B
20240523;104427;237.17;10;10445229194;B
20240523;104427;237.18;110;10445229195;B
20240523;104428;237.19;200;10445229320;B
20240523;104431;237.19;30;10445229841;B
20240523;104431;237.19;20;10445229899;B
20240523;104432;237.19;100;10445230035;B
20240523;104432;237.18;40;10445230037;S
20240523;104440;237.2;20;10445231240;B
20240523;104451;237.2;20;10445232714;B
20240523;104452;237.2;10;10445232746;B
20240523;104503;237.19;10;10445233899;S
20240523;104504;237.2;50;10445233952;B
20240523;104504;237.2;10;10445233953;B
20240523;104506;237.19;70;10445234262;S
20240523;104506;237.19;200;10445234263;S
20240523;104512;237.2;20;10445234862;B
20240523;104512;237.22;10;10445234875;B
20240523;104519;237.24;10;10445235414;S
20240523;104525;237.24;240;10445235954;S
20240523;104526;237.25;50;10445236008;B
20240523;104528;237.24;10;10445236178;S
20240523;104530;237.24;10;10445236316;S
20240523;104530;237.25;10;10445236391;B
20240523;104534;237.29;20;10445236679;B
20240523;104536;237.29;10;10445236972;B
20240523;104537;237.28;10;10445237090;S
20240523;104539;237.29;10;10445237249;B
20240523;104540;237.28;10;10445237426;S
20240523;104541;237.28;10;10445237446;S
20240523;104546;237.29;10;10445237963;B
20240523;104547;237.28;10;10445238033;S
20240523;104551;237.29;40;10445238610;B
20240523;104554;237.28;20;10445239069;S
20240523;104555;237.3;200;10445239186;B
20240523;104555;237.3;50;10445239187;B
20240523;104558;237.35;10;10445239442;B
20240523;104558;237.36;10;10445239443;B
20240523;104558;237.38;70;10445239444;B
20240523;104558;237.4;190;10445239445;B
20240523;104558;237.41;100;10445239446;B
20240523;104558;237.41;90;10445239447;B
20240523;104559;237.41;10;10445239473;B
20240523;104601;237.39;10;10445239690;S
20240523;104605;237.41;10;10445240004;B
20240523;104606;237.41;10;10445240075;B
20240523;104608;237.41;10;10445241379;B
20240523;104614;237.41;70;10445242823;B
20240523;104614;237.46;30;10445242824;B
20240523;104614;237.46;10;10445242839;B
20240523;104615;237.47;40;10445242946;B
20240523;104616;237.45;10;10445243065;S
20240523;104617;237.45;10;10445243127;S
20240523;104618;237.45;10;10445243380;S
20240523;104620;237.45;20;10445244266;S
20240523;104621;237.46;20;10445244398;B
20240523;104621;237.47;150;10445244399;B
20240523;104621;237.48;70;10445244400;B
20240523;104621;237.49;60;10445244401;S
20240523;104622;237.5;200;10445244475;B
20240523;104622;237.5;100;10445244476;B
20240523;104622;237.51;50;10445244477;B
20240523;104622;237.52;70;10445244478;B
20240523;104624;237.53;30;10445245240;S
20240523;104631;237.53;10;10445246125;S
20240523;104638;237.54;10;10445246842;B
20240523;104640;237.54;10;10445247110;B
20240523;104640;237.53;50;10445247111;S
20240523;104642;237.49;10;10445247271;B
20240523;104643;237.48;200;10445247479;S
20240523;104644;237.49;10;10445247520;B
20240523;104648;237.42;50;10445247883;S
20240523;104648;237.42;200;10445247884;S
20240523;104648;237.4;20;10445247885;S
20240523;104649;237.38;70;10445247925;B
20240523;104649;237.38;100;10445247926;B
20240523;104702;237.39;10;10445249183;B
20240523;104702;237.36;10;10445249184;S
20240523;104704;237.37;20;10445249445;B
20240523;104704;237.38;350;10445249446;B
20240523;104706;237.35;260;10445249597;S
20240523;104716;237.38;10;10445250340;B
20240523;104720;237.38;60;10445250700;B
20240523;104720;237.39;60;10445250701;B
20240523;104720;237.4;170;10445250702;B
20240523;104734;237.46;10;10445252071;B
20240523;104741;237.47;10;10445252568;B
20240523;104749;237.44;10;10445253204;S
20240523;104749;237.43;10;10445253205;S
20240523;104749;237.42;230;10445253206;S
20240523;104752;237.42;10;10445253467;S
20240523;104800;237.43;10;10445254167;S
20240523;104800;237.5;10;10445254232;B
20240523;104800;237.51;240;10445254233;B
20240523;104815;237.49;100;10445256029;B
20240523;104815;237.49;410;10445256045;B
20240523;104815;237.49;70;10445256046;B
20240523;104815;237.5;220;10445256047;B
20240523;104821;237.5;10;10445256482;B
20240523;104822;237.51;70;10445256556;B
20240523;104822;237.52;10;10445256557;B
20240523;104822;237.52;10;10445256558;B
20240523;104822;237.52;10;10445256559;B
20240523;104822;237.52;100;10445256560;B
20240523;104824;237.5;10;10445256740;S
20240523;104826;237.55;210;10445256937;B
20240523;104826;237.56;100;10445256938;B
20240523;104827;237.56;10;10445256996;B
20240523;104829;237.5;10;10445257234;S
20240523;104839;237.5;20;10445257923;S
20240523;104839;237.5;10;10445257934;S
20240523;104844;237.56;10;10445258374;B
20240523;104854;237.56;1370;10445259290;B
20240523;104854;237.56;10;10445259291;B
20240523;104854;237.56;120;10445259292;B
20240523;104854;237.58;70;10445259293;B
20240523;104854;237.59;80;10445259294;B
20240523;104854;237.6;10;10445259295;B
20240523;104854;237.66;60;10445259314;B
20240523;104854;237.68;420;10445259315;B
20240523;104854;237.69;70;10445259316;B
20240523;104854;237.7;250;10445259317;B
20240523;104855;237.65;10;10445259341;S
20240523;104857;237.65;10;10445259523;S
20240523;104858;237.68;20;10445259651;B
20240523;104902;237.69;10;10445260139;B
20240523;104903;237.68;10;10445260172;S
20240523;104903;237.69;40;10445260173;B
20240523;104903;237.69;10;10445260174;B
20240523;104903;237.69;10;10445260175;B
20240523;104903;237.7;40;10445260176;B
20240523;104903;237.69;10;10445260193;S
20240523;104906;237.68;100;10445260542;S
20240523;104906;237.68;270;10445260568;S
20240523;104910;237.7;10;10445260896;B
20240523;104915;237.69;70;10445261319;S
20240523;104915;237.68;30;10445261320;S
20240523;104917;237.69;70;10445261599;S
20240523;104919;237.68;100;10445261850;S
20240523;104921;237.68;100;10445262152;S
20240523;104922;237.69;20;10445262323;B
20240523;104923;237.68;100;10445262363;S
20240523;104924;237.68;10;10445262526;S
20240523;104926;237.68;60;10445262657;S
20240523;104926;237.67;100;10445262675;B
20240523;104929;237.67;10;10445262968;B
20240523;104932;237.67;400;10445263356;B
20240523;104932;237.68;40;10445263357;B
20240523;104932;237.68;70;10445263358;B
20240523;104932;237.68;420;10445263359;B
20240523;104932;237.69;10;10445263360;B
20240523;104932;237.69;170;10445263361;B
20240523;104932;237.7;100;10445263362;B
20240523;104932;237.71;50;10445263363;B
20240523;104932;237.72;470;10445263364;B
20240523;104932;237.73;410;10445263365;B
20240523;104932;237.73;20;10445263366;B
20240523;104932;237.74;50;10445263367;B
20240523;104932;237.74;790;10445263368;B
20240523;104934;237.67;30;10445263460;S
20240523;104934;237.67;10;10445263486;S
20240523;104936;237.7;10;10445263612;B
20240523;104937;237.7;100;10445263748;B
20240523;104938;237.7;210;10445263833;B
20240523;104944;237.74;310;10445264185;B
20240523;104948;237.7;70;10445264794;S
20240523;104948;237.7;10;10445264795;S
20240523;104948;237.7;80;10445264796;B
20240523;104951;237.7;300;10445265262;B
20240523;104951;237.72;70;10445265263;B
20240523;104951;237.72;420;10445265264;B
20240523;104951;237.75;20;10445265265;B
20240523;104951;237.75;10;10445265266;B
20240523;104951;237.75;10;10445265267;B
20240523;104951;237.76;240;10445265268;B
20240523;104951;237.77;20;10445265269;B
20240523;104951;237.78;10;10445265270;B
20240523;104951;237.78;100;10445265271;B
20240523;104951;237.79;10;10445265272;B
20240523;104951;237.79;730;10445265273;B
20240523;104951;237.79;1520;10445265274;B
20240523;104951;237.79;260;10445265275;B
20240523;104951;237.8;420;10445265276;B
20240523;104951;237.81;100;10445265277;B
20240523;104951;237.81;420;10445265278;B
20240523;104951;237.82;420;10445265279;B
20240523;104951;237.82;170;10445265280;B
20240523;104951;237.83;420;10445265281;B
20240523;104951;237.84;420;10445265282;B
20240523;104951;237.85;100;10445265283;B
20240523;104951;237.85;420;10445265284;B
20240523;104951;237.86;420;10445265285;B
20240523;104951;237.86;2970;10445265286;B
20240523;104953;237.79;70;10445265442;S
20240523;104953;237.78;30;10445265443;S
20240523;104953;237.81;10;10445265466;B
20240523;104955;237.82;90;10445265604;B
20240523;104955;237.83;420;10445265605;B
20240523;104955;237.84;70;10445265606;B
20240523;104955;237.85;240;10445265607;B
20240523;104955;237.87;100;10445265608;B
20240523;104955;237.87;420;10445265609;B
20240523;104955;237.87;50;10445265610;B
20240523;104955;237.88;420;10445265611;B
20240523;104955;237.89;200;10445265612;B
20240523;104955;237.89;990;10445265613;B
20240523;104955;237.81;60;10445265656;S
20240523;104958;237.87;90;10445265844;B
20240523;104958;237.88;420;10445265845;B
20240523;104958;237.88;70;10445265846;B
20240523;104958;237.89;10;10445265847;B
20240523;104958;237.89;410;10445265848;B
20240523;105000;237.88;140;10445266052;B
20240523;105004;237.88;10;10445266293;B
20240523;105010;237.87;40;10445266734;B
20240523;105010;237.88;270;10445266735;B
20240523;105010;237.88;10;10445266736;B
20240523;105010;237.88;70;10445266737;B
20240523;105010;237.89;10;10445266738;B
20240523;105010;237.89;10;10445266739;B
20240523;105010;237.92;80;10445266740;B
20240523;105010;237.93;20;10445266741;B
20240523;105010;237.93;200;10445266742;B
20240523;105010;237.94;10;10445266743;B
20240523;105010;237.94;510;10445266744;B
20240523;105010;237.95;10;10445266745;B
20240523;105010;237.95;10;10445266746;B
20240523;105010;237.95;100;10445266747;B
20240523;105010;237.95;400;10445266748;B
20240523;105010;237.96;200;10445266749;B
20240523;105010;237.96;30;10445266750;B
20240523;105010;238;10;10445266751;B
20240523;105010;238;40;10445266752;B
20240523;105010;238;200;10445266753;B
20240523;105010;238;10;10445266754;B
20240523;105010;238;20;10445266755;B
20240523;105010;238;180;10445266756;B
20240523;105010;237.99;10;10445266779;B
20240523;105010;237.98;130;10445266784;B
20240523;105010;237.99;410;10445266785;B
20240523;105010;238;150;10445266786;B
20240523;105010;238;10;10445266787;B
20240523;105015;237.97;60;10445267654;S
20240523;105015;237.95;40;10445267655;S
20240523;105015;237.95;10;10445267661;S
20240523;105018;237.99;20;10445267957;B
20240523;105018;238;10;10445267958;B
20240523;105018;238.01;10;10445267959;B
20240523;105022;237.89;20;10445268487;S
20240523;105023;237.95;40;10445268617;S
20240523;105025;237.89;60;10445268793;S
20240523;105025;237.92;60;10445268799;B
20240523;105025;237.92;40;10445268800;B
20240523;105027;237.83;100;10445268904;S
20240523;105027;237.82;60;10445268905;S
20240523;105027;237.81;80;10445268906;S
20240523;105039;237.8;10;10445270101;S
20240523;105041;237.8;10;10445270253;S
20240523;105044;237.8;10;10445270477;S
20240523;105047;237.8;10;10445270667;S
20240523;105055;237.85;10;10445271292;B
20240523;105055;237.86;10;10445271293;B
20240523;105055;237.87;60;10445271294;B
20240523;105055;237.87;510;10445271295;B
20240523;105059;237.81;20;10445271674;S
20240523;105102;237.87;10;10445271842;B
20240523;105113;237.82;60;10445272764;B
20240523;105113;237.83;260;10445272765;B
20240523;105113;237.87;180;10445272766;B
20240523;105124;237.86;10;10445273801;B
20240523;105124;237.8;60;10445273802;S
20240523;105124;237.77;60;10445273803;S
20240523;105124;237.76;70;10445273804;S
20240523;105124;237.76;170;10445273805;S
20240523;105124;237.74;400;10445273806;S
20240523;105124;237.73;40;10445273807;S
20240523;105124;237.72;1520;10445273808;S
20240523;105124;237.71;100;10445273809;S
20240523;105124;237.71;20;10445273810;S
20240523;105124;237.7;130;10445273811;S
20240523;105124;237.8;400;10445273822;B
20240523;105124;237.8;100;10445273825;B
20240523;105124;237.8;100;10445273831;B
20240523;105133;237.79;10;10445274421;B
20240523;105139;237.79;10;10445274956;B
20240523;105140;237.79;10;10445275144;B
20240523;105150;237.7;10;10445276079;S
20240523;105150;237.68;20;10445276080;S
20240523;105150;237.68;50;10445276081;S
20240523;105150;237.67;570;10445276082;S
20240523;105151;237.77;10;10445276105;B
20240523;105151;237.77;20;10445276106;B
20240523;105151;237.78;70;10445276175;B
20240523;105151;237.79;10;10445276176;B
20240523;105151;237.79;10;10445276177;B
20240523;105151;237.79;10;10445276178;B
20240523;105151;237.79;850;10445276179;B
20240523;105151;237.79;300;10445276180;S
20240523;105152;237.82;30;10445276234;B
20240523;105155;237.79;970;10445276511;S
20240523;105156;237.79;10;10445276553;S
20240523;105203;237.86;420;10445277059;B
20240523;105203;237.86;70;10445277060;B
20240523;105203;237.87;600;10445277061;B
20240523;105203;237.89;100;10445277062;B
20240523;105203;237.9;100;10445277063;B
20240523;105203;237.92;400;10445277064;B
20240523;105203;237.93;170;10445277065;B
20240523;105203;237.96;10;10445277066;B
20240523;105203;237.97;1520;10445277067;B
20240523;105203;237.97;510;10445277068;B
20240523;105203;237.98;130;10445277069;B
20240523;105203;237.98;600;10445277070;B
20240523;105203;237.99;100;10445277071;B
20240523;105203;238.01;850;10445277072;B
20240523;105203;238.02;150;10445277073;B
20240523;105203;238.02;300;10445277074;B
20240523;105203;238.04;230;10445277075;B
20240523;105203;237.88;50;10445277126;S
20240523;105211;237.91;10;10445277839;S
20240523;105211;237.91;10;10445277842;S
20240523;105213;237.91;10;10445277970;S
20240523;105214;237.91;20;10445278122;S
20240523;105214;237.9;70;10445278123;S
20240523;105216;237.91;10;10445278243;S
20240523;105217;237.97;10;10445278563;B
20240523;105220;237.97;10;10445278790;B
20240523;105222;237.97;50;10445278920;B
20240523;105225;237.96;20;10445279181;B
20240523;105225;237.97;350;10445279182;B
20240523;105225;237.98;100;10445279183;B
20240523;105225;237.98;60;10445279184;B
20240523;105225;238;200;10445279185;B
20240523;105225;238.04;100;10445279186;B
20240523;105231;237.94;60;10445279782;S
20240523;105231;237.93;170;10445279783;S
20240523;105231;237.91;20;10445279784;S
20240523;105237;237.94;10;10445280271;S
20240523;105241;237.97;10;10445280665;B
20240523;105245;237.94;10;10445281400;S
20240523;105245;237.94;80;10445281428;S
20240523;105245;237.93;60;10445281429;S
20240523;105245;237.91;80;10445281430;S
20240523;105245;237.9;850;10445281431;S
20240523;105245;237.9;930;10445281432;S
20240523;105304;237.9;10;10445283805;S
20240523;105304;237.9;10;10445283825;S
20240523;105304;237.93;40;10445283845;B
20240523;105304;237.94;90;10445283846;B
20240523;105304;237.94;60;10445283847;B
20240523;105304;237.94;420;10445283848;B
20240523;105304;237.95;170;10445283849;B
20240523;105304;238;30;10445283850;B
20240523;105304;238;160;10445283851;S
20240523;105304;238;20;10445283852;S
20240523;105306;237.92;270;10445284086;B
20240523;105306;237.93;60;10445284087;B
20240523;105310;237.9;10;10445284382;S
20240523;105311;237.95;10;10445284461;B
20240523;105317;237.95;50;10445285041;B
20240523;105323;237.92;10;10445285954;S
20240523;105323;237.9;40;10445285955;S
20240523;105323;237.9;20;10445285956;S
20240523;105325;237.9;10;10445286181;B
20240523;105327;237.88;10;10445286338;S
20240523;105327;237.88;30;10445286339;S
20240523;105327;237.87;60;10445286340;S
20240523;105331;237.9;10;10445286675;B
20240523;105335;237.88;10;10445287317;B
20240523;105336;237.89;10;10445287423;B
20240523;105336;237.79;30;10445287441;S
20240523;105346;237.76;20;10445288332;S
20240523;105357;237.76;10;10445289301;S
20240523;105403;237.87;510;10445290533;B
20240523;105403;237.87;60;10445290534;B
20240523;105403;237.88;100;10445290535;B
20240523;105403;237.88;10;10445290536;B
20240523;105403;237.89;320;10445290537;B
20240523;105415;237.89;10;10445292057;B
20240523;105427;237.9;60;10445293220;B
20240523;105427;237.9;30;10445293221;S
20240523;105427;237.91;10;10445293232;B
20240523;105431;237.91;50;10445293499;B
20240523;105444;237.93;20;10445295005;B
20240523;105444;237.93;20;10445295019;B
20240523;105446;237.91;10;10445295136;S
20240523;105452;237.93;20;10445296002;B
20240523;105452;237.91;10;10445296011;S
20240523;105453;237.93;20;10445296117;B
20240523;105455;237.93;460;10445296234;B
20240523;105455;237.93;50;10445296235;B
20240523;105455;237.94;740;10445296236;B
20240523;105456;237.93;10;10445296394;B
20240523;105459;237.92;50;10445296643;S
20240523;105500;237.91;10;10445296745;S
20240523;105504;237.91;10;10445297082;S
20240523;105504;237.92;20;10445299877;B
20240523;105506;237.92;400;10445301530;B
20240523;105506;237.92;100;10445301531;B
20240523;105506;237.91;260;10445301639;S
20240523;105507;237.92;10;10445301991;B
20240523;105524;237.91;10;10445304970;S
20240523;105528;237.92;10;10445305292;B
20240523;105530;237.92;10;10445305539;B
20240523;105535;237.91;50;10445306142;S
20240523;105537;237.91;10;10445306372;S
20240523;105542;237.91;10;10445306713;S
20240523;105543;237.92;10;10445306802;B
20240523;105544;237.91;50;10445306878;S
20240523;105553;237.91;300;10445308189;S
20240523;105553;237.91;10;10445308221;S
20240523;105557;237.91;200;10445308539;S
20240523;105557;237.92;40;10445308588;B
20240523;105602;237.91;50;10445308881;S
20240523;105604;237.92;10;10445309131;B
20240523;105605;237.92;100;10445309207;B
20240523;105610;237.92;20;10445309760;B
20240523;105611;237.91;10;10445309840;S
20240523;105612;237.91;10;10445310124;S
20240523;105613;237.91;40;10445310227;S
20240523;105618;237.92;10;10445310824;B
20240523;105621;237.92;200;10445311129;B
20240523;105621;237.92;50;10445311130;B
20240523;105624;237.92;10;10445311516;B
20240523;105624;237.92;160;10445311750;B
20240523;105624;237.93;70;10445311751;B
20240523;105624;237.93;310;10445311752;B
20240523;105627;237.91;10;10445312203;S
20240523;105628;237.91;10;10445312301;S
20240523;105629;237.91;10;10445312424;S
20240523;105629;237.92;40;10445312453;B
20240523;105631;237.91;40;10445312603;S
20240523;105635;237.93;20;10445313097;B
20240523;105640;237.91;20;10445313624;S
20240523;105647;237.92;100;10445314193;B
20240523;105647;237.93;220;10445314194;B
20240523;105647;237.94;260;10445314195;B
20240523;105647;237.95;150;10445314196;B
20240523;105653;237.91;10;10445315532;S
20240523;105653;237.91;100;10445315575;S
20240523;105653;237.91;10;10445315597;S
20240523;105654;237.92;10;10445315753;B
20240523;105656;237.92;10;10445315984;B
20240523;105657;237.92;10;10445316048;B
20240523;105657;237.92;20;10445316049;B
20240523;105657;237.92;10;10445316050;B
20240523;105705;237.91;10;10445316776;S
20240523;105706;237.91;270;10445316827;S
20240523;105707;237.92;10;10445317009;S
20240523;105710;237.91;10;10445317450;S
20240523;105723;237.92;10;10445319069;B
20240523;105723;237.92;40;10445319101;B
20240523;105723;237.93;420;10445319102;B
20240523;105723;237.93;10;10445319103;B
20240523;105726;237.93;10;10445319706;S
20240523;105731;237.93;10;10445320454;S
20240523;105734;237.93;30;10445320722;S
20240523;105734;237.94;10;10445320753;B
20240523;105740;237.93;20;10445321366;S
20240523;105740;237.92;100;10445321376;S
20240523;105740;237.91;400;10445321377;S
20240523;105740;237.91;20;10445321378;S
20240523;105740;237.91;10;10445321379;S
20240523;105741;237.9;10;10445321470;S
20240523;105742;237.92;40;10445321510;B
20240523;105742;237.9;10;10445321511;S
20240523;105742;237.9;240;10445321512;S
20240523;105742;237.9;150;10445321513;S
20240523;105742;237.9;240;10445321514;S
20240523;105742;237.9;10;10445321515;S
20240523;105748;237.81;110;10445322132;B
20240523;105748;237.81;400;10445322133;B
20240523;105748;237.83;20;10445322134;B
20240523;105748;237.84;170;10445322135;B
20240523;105748;237.87;420;10445322136;B
20240523;105748;237.93;510;10445322137;B
20240523;105748;237.93;850;10445322138;B
20240523;105748;237.94;4990;10445322139;B
20240523;105748;237.94;1560;10445322140;S
20240523;105748;237.94;220;10445322141;S
20240523;105800;237.78;10;10445325087;S
20240523;105801;237.78;10;10445325220;S
20240523;105801;237.78;10;10445325229;S
20240523;105805;237.79;10;10445326100;B
20240523;105808;237.79;10;10445326424;B
20240523;105808;237.79;10;10445326511;B
20240523;105808;237.82;10;10445326512;B
20240523;105816;237.85;10;10445327516;B
20240523;105818;237.83;20;10445327911;S
20240523;105819;237.83;50;10445328021;S
20240523;105821;237.85;10;10445328239;B
20240523;105823;237.83;10;10445328461;S
20240523;105827;237.83;10;10445328939;S
20240523;105829;237.82;10;10445329138;B
20240523;105829;237.82;20;10445329196;B
20240523;105831;237.81;20;10445329362;B
20240523;105831;237.81;10;10445329420;B
20240523;105834;237.79;10;10445329745;S
20240523;105841;237.82;10;10445330645;B
20240523;105842;237.83;20;10445331057;B
20240523;105842;237.84;30;10445331058;B
20240523;105843;237.84;10;10445331139;B
20240523;105843;237.82;20;10445331247;S
20240523;105844;237.84;10;10445331337;B
20240523;105844;237.82;10;10445331338;S
20240523;105845;237.84;490;10445331607;B
20240523;105845;237.84;100;10445331608;B
20240523;105845;237.85;260;10445331609;B
20240523;105846;237.82;10;10445331726;S
20240523;105849;237.85;10;10445332291;B
20240523;105850;237.85;730;10445332585;B
20240523;105850;237.86;100;10445332586;B
20240523;105850;237.9;400;10445332587;B
20240523;105850;237.92;20;10445332588;B
20240523;105850;237.93;420;10445332589;B
20240523;105850;237.94;80;10445332590;B
20240523;105850;237.95;350;10445332591;B
20240523;105850;237.95;170;10445332592;B
20240523;105850;237.99;10;10445332593;B
20240523;105850;237.99;510;10445332594;B
20240523;105850;238;370;10445332595;B
20240523;105850;238;10;10445332596;B
20240523;105850;238;10;10445332597;S
20240523;105850;238;30;10445332599;S
20240523;105850;238.01;420;10445332643;B
20240523;105850;238.01;20;10445332644;B
20240523;105850;238.02;110;10445332645;B
20240523;105851;238.01;10;10445332840;B
20240523;105856;238;990;10445333606;S
20240523;105856;238;170;10445333607;S
20240523;105856;237.98;100;10445333608;S
20240523;105856;237.97;90;10445333609;S
20240523;105856;237.92;80;10445333610;S
20240523;105856;237.92;70;10445333611;S
20240523;105901;237.99;10;10445334063;B
20240523;105906;237.92;230;10445334601;B
20240523;105907;237.92;10;10445334695;B
20240523;105924;237.84;170;10445337435;S
20240523;105924;237.83;130;10445337436;S
20240523;105926;237.92;10;10445337958;B
20240523;105930;237.91;10;10445338810;B
20240523;105930;237.91;100;10445338811;B
20240523;105930;237.93;270;10445338812;B
20240523;105930;237.97;80;10445338813;B
20240523;105930;237.98;510;10445338814;B
20240523;105930;237.99;170;10445338815;B
20240523;105930;237.99;420;10445338816;B
20240523;105930;238;90;10445338817;B
20240523;105930;238;60;10445338818;B
20240523;105930;238.02;40;10445338819;B
20240523;105930;238.02;10;10445338820;B
20240523;105934;238.05;10;10445339864;B
20240523;105938;238.04;510;10445341043;B
20240523;105938;238.05;240;10445341044;B
20240523;105938;238.05;120;10445341045;B
20240523;105938;238.05;10;10445341046;B
20240523;105938;238.05;100;10445341047;B
20240523;105938;238.06;10;10445341048;B
20240523;105938;238.06;10;10445341049;B
20240523;105940;238.03;40;10445341486;S
20240523;105949;238.06;10;10445343553;B
20240523;105950;238.06;100;10445343929;B
20240523;105951;238.06;210;10445344002;B
20240523;105951;238.05;40;10445344178;S
20240523;105952;238.06;10;10445344347;B
20240523;110002;238.06;10;10445346148;B
20240523;110002;238.06;20;10445346177;B
20240523;110003;238.06;20;10445346206;B
20240523;110003;238.06;20;10445346243;B
20240523;110003;238.09;40;10445346312;B
20240523;110003;238.09;20;10445346317;B
20240523;110005;238.07;40;10445346628;B
20240523;110005;238.06;50;10445346712;S
20240523;110007;238.07;50;10445346967;B
20240523;110007;238.08;380;10445346968;B
20240523;110008;238.06;10;10445347228;S
20240523;110011;238.08;20;10445347703;B
20240523;110011;238.07;10;10445347758;S
20240523;110019;238.07;10;10445349162;S
20240523;110019;238.07;10;10445349181;S
20240523;110022;238.08;100;10445349714;B
20240523;110022;238.1;10;10445349715;B
20240523;110022;238.1;30;10445349716;B
20240523;110022;238.1;360;10445349717;B
20240523;110024;238.09;40;10445349961;S
20240523;110026;238.1;40;10445350254;B
20240523;110030;238.11;10;10445350963;B
20240523;110034;238.11;20;10445351739;B
20240523;110040;238.1;10;10445352705;S
20240523;110044;238.11;10;10445353259;B
20240523;110052;238.1;100;10445354648;S
20240523;110053;238.11;10;10445354772;B
20240523;110059;238.11;100;10445355775;B
20240523;110059;238.11;10;10445355776;B
20240523;110059;238.12;100;10445355777;B
20240523;110059;238.12;100;10445355778;B
20240523;110059;238.12;50;10445355779;B
20240523;110059;238.13;20;10445355780;B
20240523;110101;238.13;980;10445356195;B
20240523;110101;238.13;20;10445356196;B
20240523;110101;238.12;10;10445356212;S
20240523;110102;238.12;150;10445356307;S
20240523;110109;238.13;2710;10445357365;B
20240523;110112;238.14;200;10445358022;B
20240523;110112;238.14;10;10445358023;B
20240523;110112;238.14;100;10445358024;B
20240523;110112;238.17;400;10445358025;B
20240523;110112;238.19;110;10445358026;B
20240523;110112;238.19;400;10445358027;B
20240523;110112;238.2;80;10445358028;B
20240523;110112;238.21;40;10445358029;B
20240523;110112;238.21;150;10445358030;B
20240523;110112;238.22;30;10445358031;B
20240523;110112;238.24;20;10445358032;B
20240523;110112;238.25;40;10445358033;B
20240523;110112;238.26;20;10445358034;B
20240523;110112;238.26;10;10445358035;B
20240523;110112;238.27;400;10445358036;B
20240523;110112;238.27;170;10445358037;B
20240523;110112;238.29;120;10445358038;B
20240523;110112;238.29;190;10445358039;B
20240523;110112;238.29;30;10445358046;B
20240523;110112;238.28;20;10445358147;S
20240523;110114;238.28;10;10445358510;S
20240523;110114;238.28;80;10445358536;S
20240523;110117;238.27;10;10445359201;S
20240523;110126;238.27;290;10445360902;S
20240523;110128;238.27;170;10445361270;S
20240523;110131;238.24;10;10445362294;B
20240523;110133;238.22;300;10445362695;S
20240523;110133;238.22;170;10445362806;B
20240523;110133;238.22;400;10445362807;B
20240523;110133;238.23;10;10445362808;B
20240523;110133;238.24;90;10445362809;B
20240523;110133;238.27;100;10445362810;B
20240523;110136;238.24;10;10445363401;B
20240523;110141;238.22;100;10445364711;B
20240523;110141;238.22;110;10445364712;B
20240523;110142;238.23;50;10445365086;B
20240523;110146;238.23;10;10445365883;B
20240523;110151;238.23;10;10445366666;B
20240523;110151;238.23;40;10445366713;B
20240523;110204;238.21;10;10445369014;B
20240523;110205;238.13;20;10445369268;S
20240523;110206;238.22;10;10445369518;B
20240523;110220;238.21;10;10445371702;B
20240523;110222;238.13;40;10445372092;S
20240523;110222;238.13;60;10445372093;S
20240523;110222;238.13;10;10445372094;S
20240523;110227;238.2;10;10445372905;B
20240523;110227;238.21;40;10445372906;B
20240523;110227;238.21;40;10445372907;B
20240523;110227;238.21;20;10445372908;B
20240523;110227;238.21;90;10445372909;B
20240523;110227;238.22;140;10445372910;B
20240523;110227;238.22;150;10445372911;B
20240523;110227;238.23;10;10445372912;B
20240523;110227;238.23;20;10445372913;B
20240523;110227;238.26;850;10445372914;B
20240523;110227;238.26;170;10445372915;B
20240523;110227;238.27;40;10445372916;B
20240523;110235;238.17;10;10445374241;S
20240523;110240;238.16;20;10445375097;B
20240523;110247;238.16;10;10445376573;B
20240523;110253;238.15;90;10445377743;S
20240523;110253;238.15;10;10445377744;S
20240523;110254;238.16;300;10445377841;B
20240523;110301;238.16;10;10445379284;B
20240523;110301;238.16;40;10445379350;B
20240523;110302;238.16;10;10445379364;B
20240523;110303;238.16;10;10445379675;B
20240523;110303;238.19;10;10445379676;B
20240523;110305;238.24;10;10445379860;B
20240523;110305;238.16;10;10445379867;S
20240523;110305;238.16;10;10445379890;S
20240523;110309;238.16;10;10445380594;S
20240523;110315;238.16;10;10445381578;S
20240523;110326;238.2;500;10445383623;S
20240523;110326;238.17;70;10445383624;S
20240523;110326;238.16;160;10445383625;S
20240523;110328;238.16;10;10445384102;S
20240523;110334;238.17;1010;10445385362;S
20240523;110337;238.17;1000;10445385946;S
20240523;110340;238.17;10;10445386403;S
20240523;110340;238.17;10;10445386450;S
20240523;110344;238.17;10;10445387166;S
20240523;110346;238.18;40;10445387471;B
20240523;110348;238.17;10;10445387817;S
20240523;110349;238.17;20;10445387915;S
20240523;110350;238.17;3500;10445387992;S
20240523;110350;238.16;530;10445387993;S
20240523;110350;238.15;90;10445387994;S
20240523;110350;238.14;80;10445387995;S
20240523;110353;238.1;10;10445388581;S
20240523;110354;238.13;70;10445388763;B
20240523;110400;238.1;10;10445389627;S
20240523;110401;238.06;20;10445389929;S
20240523;110401;238.06;20;10445389930;S
20240523;110401;238.06;80;10445389931;S
20240523;110403;238.07;70;10445390141;B
20240523;110409;238.02;40;10445391227;S
20240523;110409;238.01;40;10445391228;S
20240523;110409;238.01;10;10445391229;S
20240523;110409;238;40;10445391230;S
20240523;110409;238;60;10445391231;S
20240523;110409;238;40;10445391232;S
20240523;110409;238;10;10445391233;S
20240523;110410;237.94;10;10445391514;S
20240523;110416;237.91;10;10445392534;S
20240523;110418;237.91;50;10445393001;S
20240523;110421;237.9;10;10445393432;S
20240523;110422;237.97;40;10445393593;B
20240523;110423;237.91;100;10445393871;B
20240523;110431;237.9;90;10445395164;B
20240523;110431;237.91;10;10445395165;B
20240523;110431;237.88;50;10445395256;S
20240523;110431;237.88;50;10445395260;S
