<DATE>;<TIME>;<LAST>;<VOL>;<ID>;<OPER>
20241106;095937;12.95;200;11386006387;S
20241106;095937;12.95;100;11386006388;S
20241106;095937;12.95;100;11386006389;S
20241106;095937;12.95;600;11386006390;S
20241106;095937;12.95;500;11386006391;S
20241106;095937;12.95;100;11386006392;B
20241106;095937;12.95;800;11386006393;B
20241106;095937;12.95;200;11386006394;B
20241106;095937;12.95;1600;11386006395;B
20241106;095937;12.95;100;11386006396;B
20241106;095937;12.95;1400;11386006397;B
20241106;095937;12.95;400;11386006398;B
20241106;095937;12.95;2300;11386006399;B
20241106;095937;12.95;1200;11386006400;B
20241106;095937;12.95;100;11386006401;B
20241106;095937;12.95;100;11386006402;B
20241106;095937;12.95;100;11386006403;B
20241106;095937;12.95;100;11386006404;B
20241106;095937;12.95;100;11386006405;B
20241106;095937;12.95;1100;11386006406;B
20241106;095937;12.95;1000;11386006407;B
20241106;095937;12.95;10000;11386006408;S
20241106;095937;12.95;100;11386006409;B
20241106;095937;12.95;200;11386006410;B
20241106;095937;12.95;100;11386006411;B
20241106;095937;12.95;1000;11386006412;B
20241106;095937;12.95;100;11386006413;B
20241106;095937;12.95;100;11386006414;B
20241106;095937;12.95;100;11386006415;S
20241106;095937;12.95;100;11386006416;B
20241106;095937;12.95;30000;11386006417;B
20241106;095937;12.95;100;11386006418;B
20241106;095937;12.95;1900;11386006419;B
20241106;095937;12.95;100;11386006420;B
20241106;095937;12.95;100;11386006421;B
20241106;095937;12.95;30000;11386006422;B
20241106;095937;12.95;100;11386006423;B
20241106;095937;12.95;1000;11386006424;B
20241106;095937;12.95;21100;11386006425;B
20241106;095937;12.95;1500;11386006426;B
20241106;095937;12.95;100000;11386006427;B
20241106;095937;12.95;200;11386006428;S
20241106;095937;12.95;700;11386006429;B
20241106;095937;12.95;2000;11386006430;B
20241106;095937;12.95;500;11386006431;B
20241106;095937;12.95;200;11386006432;B
20241106;095937;12.95;98800;11386006433;B
20241106;095937;12.95;300;11386006434;B
20241106;095937;12.95;100;11386006435;B
20241106;095937;12.95;200;11386006436;B
20241106;095937;12.95;600;11386006437;B
20241106;095937;12.95;10000;11386006438;B
20241106;095937;12.95;4400;11386006439;B
20241106;095937;12.95;1000;11386006440;B
20241106;095937;12.95;1700;11386006441;B
20241106;095937;12.95;100;11386006442;B
20241106;095937;12.95;100;11386006443;S
20241106;095937;12.95;100000;11386006444;S
20241106;095937;12.95;500;11386006445;B
20241106;095937;12.95;2800;11386006446;B
20241106;095937;12.95;100;11386006447;S
20241106;095937;12.95;100;11386006448;S
20241106;095937;12.95;1000;11386006449;B
20241106;095937;12.95;300;11386006450;B
20241106;095937;12.95;500;11386006451;S
20241106;095937;12.95;100;11386006452;S
20241106;095937;12.95;200;11386006453;S
20241106;095937;12.95;100;11386006454;S
20241106;095937;12.95;100;11386006455;S
20241106;095937;12.95;100;11386006456;B
20241106;095937;12.95;100;11386006457;B
20241106;095937;12.95;200;11386006458;B
20241106;095937;12.95;186500;11386006459;S
20241106;095937;12.95;5000;11386006460;S
20241106;095937;12.95;1000;11386006461;B
20241106;095937;12.95;7500;11386006462;B
20241106;095937;12.95;200;11386006463;B
20241106;095937;12.95;2000;11386006464;B
20241106;095937;12.95;2000;11386006465;S
20241106;095937;12.95;24300;11386006466;S
20241106;095937;12.95;500;11386006467;B
20241106;100006;12.94;6000;11386029417;B
20241106;100006;12.94;200;11386029418;B
20241106;100006;12.945;18400;11386029419;B
20241106;100006;12.945;2700;11386029420;B
20241106;100006;12.95;10000;11386029421;B
20241106;100006;12.95;100;11386029476;B
20241106;100006;12.945;2200;11386030083;B
20241106;100006;12.945;1800;11386030100;B
20241106;100006;12.945;2100;11386030105;B
20241106;100006;12.905;2000;11386030921;S
20241106;100006;12.905;700;11386030922;S
20241106;100007;12.935;2800;11386031480;B
20241106;100007;12.915;1100;11386032055;S
20241106;100007;12.915;1900;11386032061;S
20241106;100007;12.915;2100;11386032062;S
20241106;100007;12.915;200;11386032737;S
20241106;100007;12.915;200;11386032773;S
20241106;100007;12.915;500;11386032774;S
20241106;100007;12.915;600;11386032862;S
20241106;100007;12.915;100;11386032863;S
20241106;100008;12.925;100;11386034227;S
20241106;100008;12.915;6300;11386034228;S
20241106;100008;12.91;3000;11386034229;S
20241106;100008;12.91;2800;11386034230;S
20241106;100008;12.905;3000;11386034231;S
20241106;100008;12.9;4800;11386034232;S
20241106;100008;12.93;3000;11386034755;B
20241106;100008;12.93;5000;11386034756;B
20241106;100008;12.935;3000;11386035846;B
20241106;100008;12.935;1000;11386035847;B
20241106;100010;12.935;6500;11386038478;B
20241106;100010;12.94;8500;11386038479;B
20241106;100010;12.935;3800;11386038537;B
20241106;100010;12.925;1000;11386038960;S
20241106;100010;12.935;100;11386039288;B
20241106;100010;12.925;3000;11386039418;S
20241106;100010;12.925;100;11386039558;S
20241106;100010;12.925;100;11386039662;S
20241106;100010;12.935;100;11386039827;B
20241106;100010;12.925;100;11386039831;S
20241106;100010;12.925;400;11386039843;S
20241106;100010;12.935;1800;11386039859;B
20241106;100010;12.935;900;11386039862;B
20241106;100010;12.94;200;11386039972;B
20241106;100010;12.935;500;11386039978;B
20241106;100011;12.94;400;11386040241;B
20241106;100011;12.935;100;11386040537;B
20241106;100011;12.935;100;11386041002;B
20241106;100011;12.94;900;11386041003;B
20241106;100011;12.94;100;11386041004;B
20241106;100011;12.94;40000;11386041005;B
20241106;100011;12.94;500;11386041006;B
20241106;100011;12.94;1500;11386041007;B
20241106;100011;12.94;5000;11386041008;B
20241106;100011;12.945;1900;11386041009;B
20241106;100011;12.935;100;11386041014;B
20241106;100012;12.945;600;11386041286;B
20241106;100012;12.945;100;11386042394;B
20241106;100012;12.945;100;11386042395;B
20241106;100012;12.95;15200;11386042396;B
20241106;100014;12.94;3000;11386043586;B
20241106;100015;12.94;400;11386044406;B
20241106;100017;12.94;500;11386046017;B
20241106;100017;12.94;8000;11386046220;B
20241106;100019;12.94;10000;11386047753;B
20241106;100019;12.94;400;11386048224;B
20241106;100020;12.935;100;11386049122;B
20241106;100021;12.94;10000;11386050211;B
20241106;100022;12.94;100;11386051046;B
20241106;100023;12.94;2000;11386051683;B
20241106;100029;12.94;300;11386055561;B
20241106;100029;12.94;1400;11386056218;B
20241106;100030;12.94;5000;11386057060;B
20241106;100030;12.935;1400;11386057064;S
20241106;100030;12.94;5000;11386057227;B
20241106;100030;12.94;5000;11386057474;B
20241106;100031;12.94;5000;11386058197;B
20241106;100032;12.94;900;11386058623;B
20241106;100032;12.94;3700;11386058761;B
20241106;100038;12.94;28600;11386062602;B
20241106;100039;12.94;200;11386063510;B
20241106;100043;12.94;2900;11386066145;B
20241106;100043;12.94;100;11386066146;B
20241106;100043;12.94;100;11386066147;B
20241106;100043;12.94;4500;11386066148;B
20241106;100043;12.935;100;11386066516;S
20241106;100044;12.935;3000;11386066763;S
20241106;100044;12.94;200;11386066971;B
20241106;100044;12.94;1200;11386066972;B
20241106;100048;12.94;3600;11386069398;S
20241106;100048;12.94;6400;11386069399;S
20241106;100048;12.945;1100;11386069445;S
20241106;100048;12.95;200;11386069720;B
20241106;100050;12.94;3400;11386070493;S
20241106;100050;12.95;2000;11386070610;B
20241106;100054;12.94;1900;11386072998;S
20241106;100054;12.95;600;11386073605;B
20241106;100058;12.95;14700;11386076300;B
20241106;100059;12.95;6000;11386076911;B
20241106;100059;12.95;17000;11386077104;B
20241106;100107;12.94;600;11386081868;S
20241106;100107;12.94;3400;11386081869;S
20241106;100107;12.94;100;11386081955;S
20241106;100111;12.95;2000;11386084231;B
20241106;100112;12.95;3700;11386084858;B
20241106;100114;12.94;4400;11386086026;S
20241106;100114;12.94;2600;11386086027;S
20241106;100115;12.95;3700;11386086573;B
20241106;100115;12.95;11600;11386086574;B
20241106;100115;12.95;800;11386086575;B
20241106;100115;12.95;200;11386086576;B
20241106;100115;12.95;1200;11386086577;B
20241106;100116;12.95;200;11386087262;B
20241106;100119;12.945;2000;11386088256;S
20241106;100119;12.95;500;11386088303;B
20241106;100119;12.95;600;11386088304;B
20241106;100119;12.95;100;11386088305;B
20241106;100119;12.95;1100;11386088306;B
20241106;100120;12.945;800;11386088990;S
20241106;100124;12.95;4000;11386090565;B
20241106;100125;12.945;5100;11386091143;S
20241106;100125;12.94;6500;11386091144;S
20241106;100125;12.94;7400;11386091145;S
20241106;100126;12.945;7900;11386091665;S
20241106;100126;12.94;15100;11386091666;S
20241106;100126;12.935;100;11386091796;S
20241106;100127;12.935;400;11386092172;S
20241106;100131;12.935;14500;11386094391;S
20241106;100131;12.935;5500;11386094392;S
20241106;100135;12.935;200;11386095938;S
20241106;100135;12.94;100;11386096116;B
20241106;100135;12.935;2500;11386096223;S
20241106;100137;12.94;6900;11386096845;B
20241106;100137;12.94;200;11386096846;B
20241106;100137;12.95;1400;11386096847;B
20241106;100137;12.95;1600;11386096848;B
20241106;100137;12.95;500;11386096891;B
20241106;100137;12.94;11300;11386097008;S
20241106;100137;12.94;6600;11386097009;S
20241106;100139;12.94;200;11386097832;S
20241106;100139;12.94;200;11386097845;S
20241106;100141;12.95;800;11386099380;B
20241106;100141;12.94;300;11386099505;S
20241106;100143;12.95;27100;11386100375;B
20241106;100143;12.95;200;11386100376;B
20241106;100143;12.95;5300;11386100377;B
20241106;100143;12.955;3000;11386100378;B
20241106;100143;12.955;4400;11386100379;B
20241106;100143;12.96;100;11386100399;B
20241106;100143;12.965;100;11386100400;B
20241106;100143;12.965;100;11386100401;B
20241106;100143;12.965;300;11386100402;B
20241106;100144;12.95;100;11386100679;S
20241106;100144;12.945;100;11386100710;S
20241106;100145;12.955;200;11386101163;B
20241106;100145;12.96;100;11386101164;B
20241106;100145;12.965;300;11386101165;B
20241106;100145;12.965;100;11386101166;B
20241106;100145;12.965;3200;11386101167;B
20241106;100146;12.95;3500;11386101824;B
20241106;100147;12.95;700;11386102150;B
20241106;100151;12.95;10000;11386104279;B
20241106;100155;12.95;35800;11386106092;B
20241106;100155;12.95;100;11386106093;B
20241106;100155;12.95;100;11386106094;B
20241106;100155;12.95;200;11386106095;B
20241106;100155;12.95;5000;11386106096;B
20241106;100155;12.95;17400;11386106097;B
20241106;100155;12.955;3000;11386106098;B
20241106;100155;12.96;3000;11386106099;B
20241106;100155;12.965;3000;11386106100;B
20241106;100155;12.97;200;11386106101;B
20241106;100155;12.97;100;11386106102;B
20241106;100155;12.97;3000;11386106103;B
20241106;100155;12.975;100;11386106104;B
20241106;100155;12.975;3000;11386106105;B
20241106;100155;12.98;1800;11386106106;B
20241106;100155;12.98;3000;11386106107;B
20241106;100155;12.98;100;11386106108;B
20241106;100155;12.98;100;11386106109;B
20241106;100155;12.985;1000;11386106110;B
20241106;100155;12.985;3000;11386106111;B
20241106;100155;12.985;200;11386106112;B
20241106;100155;12.985;16800;11386106113;B
20241106;100155;12.99;100;11386106137;B
20241106;100156;12.975;100;11386106407;S
20241106;100156;12.97;1500;11386106543;S
20241106;100156;12.98;5000;11386106566;B
20241106;100157;12.97;500;11386106596;S
20241106;100157;12.98;5000;11386106597;B
20241106;100157;12.97;500;11386106628;S
20241106;100157;12.97;1500;11386106631;S
20241106;100157;12.98;700;11386106645;B
20241106;100157;12.98;200;11386106646;B
20241106;100157;12.98;1000;11386106647;B
20241106;100157;12.99;900;11386106648;B
20241106;100157;12.99;2200;11386106649;B
20241106;100157;12.99;5000;11386106690;B
20241106;100157;12.99;500;11386106697;B
20241106;100157;12.98;300;11386106888;S
20241106;100159;12.975;1300;11386107817;S
20241106;100202;12.98;100;11386109124;S
20241106;100202;12.98;100;11386109181;S
20241106;100202;12.98;100;11386109192;S
20241106;100205;12.985;100;11386110589;B
20241106;100207;12.98;100;11386111474;S
20241106;100208;12.975;100;11386111692;S
20241106;100210;12.985;100;11386112842;B
20241106;100211;12.975;100;11386113023;S
20241106;100212;12.975;11600;11386113738;S
20241106;100212;12.97;3000;11386113739;S
20241106;100212;12.97;4000;11386113740;S
20241106;100212;12.97;23000;11386113741;S
20241106;100212;12.965;3000;11386113742;S
20241106;100212;12.96;3000;11386113743;S
20241106;100212;12.96;25000;11386113744;S
20241106;100212;12.955;3000;11386113745;S
20241106;100212;12.955;200;11386113746;S
20241106;100212;12.955;2600;11386113747;S
20241106;100212;12.95;3000;11386113748;S
20241106;100212;12.95;50000;11386113749;S
20241106;100212;12.945;3000;11386113750;S
20241106;100212;12.94;10000;11386113751;S
20241106;100212;12.94;3000;11386113752;S
20241106;100212;12.935;18800;11386113753;S
20241106;100212;12.935;3000;11386113754;S
20241106;100212;12.93;3000;11386113755;S
20241106;100212;12.925;3000;11386113756;S
20241106;100212;12.925;1000;11386113757;S
20241106;100212;12.925;7900;11386113758;S
20241106;100212;12.92;3000;11386113759;S
20241106;100212;12.92;23200;11386113760;S
20241106;100212;12.915;3000;11386113761;S
20241106;100212;12.915;500;11386113762;S
20241106;100212;12.915;56900;11386113763;S
20241106;100212;12.91;3000;11386113764;S
20241106;100212;12.905;3000;11386113765;S
20241106;100212;12.9;10400;11386113766;S
20241106;100212;12.9;100;11386113767;S
20241106;100212;12.9;3000;11386113768;S
20241106;100212;12.89;100;11386113769;S
20241106;100212;12.89;12000;11386113770;S
20241106;100212;12.875;100;11386113771;S
20241106;100212;12.87;28300;11386113772;S
20241106;100212;12.865;1600;11386113773;S
20241106;100212;12.865;300;11386113774;S
20241106;100212;12.85;1500;11386113775;S
20241106;100212;12.85;300;11386113776;S
20241106;100212;12.835;100;11386113777;S
20241106;100212;12.83;1500;11386113778;S
20241106;100212;12.83;300;11386113779;S
20241106;100212;12.81;2000;11386113780;S
20241106;100212;12.81;1500;11386113781;S
20241106;100212;12.81;3600;11386113782;S
20241106;100212;12.81;4000;11386113783;S
20241106;100212;12.81;5000;11386113784;S
20241106;100212;12.805;50000;11386113785;S
20241106;100212;12.805;100;11386113786;S
20241106;100212;12.8;1500;11386113787;S
20241106;100212;12.8;50000;11386113788;S
20241106;100212;12.8;1500;11386113789;S
20241106;100212;12.8;1000;11386113790;S
20241106;100212;12.8;4600;11386113791;S
20241106;100212;12.8;10000;11386113792;S
20241106;100212;12.8;7000;11386113793;S
20241106;100212;12.795;300;11386113794;S
20241106;100212;12.79;2200;11386113795;S
20241106;100212;12.78;2500;11386113796;S
20241106;100212;12.78;4700;11386113797;S
20241106;100212;12.77;2200;11386113798;S
20241106;100212;12.77;10000;11386113799;S
20241106;100212;12.76;2500;11386113800;S
20241106;100212;12.76;300;11386113801;S
20241106;100212;12.755;7200;11386113802;S
20241106;100212;12.885;700;11386113867;S
20241106;100212;12.885;700;11386113868;S
20241106;100212;12.885;300;11386113869;S
20241106;100213;12.92;3000;11386114017;B
20241106;100213;12.925;8000;11386114018;B
20241106;100213;12.925;3000;11386114019;B
20241106;100213;12.93;1300;11386114020;B
20241106;100213;12.875;100;11386114214;S
20241106;100213;12.875;7800;11386114218;S
20241106;100213;12.87;200;11386114219;S
20241106;100213;12.89;4000;11386114344;B
20241106;100213;12.89;3000;11386114345;B
20241106;100213;12.89;200;11386114346;B
20241106;100213;12.895;3000;11386114347;B
20241106;100213;12.9;3000;11386114348;B
20241106;100213;12.905;3000;11386114349;B
20241106;100213;12.905;200;11386114350;B
20241106;100213;12.905;25000;11386114351;B
20241106;100213;12.91;2100;11386114352;B
20241106;100213;12.86;100;11386114509;S
20241106;100213;12.925;3000;11386114536;B
20241106;100213;12.9;3000;11386114576;S
20241106;100213;12.895;900;11386114577;S
20241106;100214;12.9;3000;11386114803;S
20241106;100214;12.895;5000;11386114804;S
20241106;100217;12.94;3000;11386116269;B
20241106;100217;12.94;300;11386116270;B
20241106;100217;12.94;6000;11386116271;B
20241106;100217;12.94;300;11386116272;B
20241106;100217;12.945;3000;11386116273;B
20241106;100217;12.95;2800;11386116274;B
20241106;100220;12.935;200;11386117587;S
20241106;100220;12.935;3000;11386117588;S
20241106;100226;12.925;3000;11386121584;S
20241106;100226;12.925;1700;11386121585;S
20241106;100226;12.92;3000;11386121586;S
20241106;100226;12.92;100;11386121587;S
20241106;100226;12.92;7900;11386121588;S
20241106;100226;12.92;1600;11386121589;S
20241106;100226;12.92;6700;11386121590;B
20241106;100228;12.92;500;11386122122;S
20241106;100229;12.935;100;11386122555;B
20241106;100229;12.945;500;11386122556;B
20241106;100231;12.93;100;11386123423;S
20241106;100234;12.96;100;11386124405;B
20241106;100235;12.93;2900;11386124790;S
20241106;100235;12.93;6300;11386124791;S
20241106;100235;12.925;800;11386124792;S
20241106;100239;12.92;200;11386126168;S
20241106;100242;12.945;200;11386127571;B
20241106;100242;12.95;3000;11386127572;B
20241106;100242;12.95;800;11386127573;B
20241106;100242;12.955;3000;11386127574;B
20241106;100242;12.955;800;11386127575;B
20241106;100242;12.96;2900;11386127576;B
20241106;100242;12.965;3000;11386127577;B
20241106;100242;12.965;1000;11386127578;B
20241106;100242;12.97;3000;11386127579;B
20241106;100242;12.97;100;11386127580;B
20241106;100242;12.97;7900;11386127581;B
20241106;100242;12.975;3000;11386127582;B
20241106;100242;12.975;4500;11386127583;B
20241106;100242;12.98;3000;11386127584;B
20241106;100242;12.98;9700;11386127585;B
20241106;100243;12.975;2000;11386128056;B
20241106;100243;12.95;200;11386128071;S
20241106;100244;12.95;100;11386128500;B
20241106;100246;12.935;100;11386129020;S
20241106;100249;12.935;2500;11386130373;S
20241106;100250;12.935;100;11386130879;S
20241106;100250;12.94;2700;11386130941;B
20241106;100256;12.94;300;11386133899;B
20241106;100256;12.94;1700;11386133900;B
20241106;100256;12.94;500;11386133901;B
20241106;100257;12.94;2000;11386134194;B
20241106;100257;12.92;3000;11386134231;S
20241106;100257;12.92;100;11386134232;S
20241106;100257;12.92;3900;11386134233;S
20241106;100259;12.935;100;11386134972;B
20241106;100259;12.92;900;11386135010;S
20241106;100300;12.92;1400;11386135276;S
20241106;100303;12.935;100;11386136771;B
20241106;100303;12.94;800;11386136772;B
20241106;100303;12.94;2500;11386136773;B
20241106;100303;12.94;3000;11386136774;B
20241106;100303;12.94;100;11386136775;B
20241106;100303;12.945;3000;11386136776;B
20241106;100303;12.945;12400;11386136777;B
20241106;100303;12.95;3700;11386136778;B
20241106;100303;12.95;10000;11386136779;B
20241106;100303;12.95;3000;11386136780;B
20241106;100303;12.95;2500;11386136781;B
20241106;100303;12.95;200;11386136782;B
20241106;100304;12.935;100;11386136994;B
20241106;100308;12.935;100;11386139156;S
20241106;100309;12.935;2500;11386139742;S
20241106;100311;12.935;200;11386140193;S
20241106;100312;12.935;200;11386140689;S
20241106;100313;12.935;100;11386141167;S
20241106;100313;12.935;1900;11386141506;S
20241106;100313;12.925;1600;11386141507;S
20241106;100315;12.94;200;11386141976;B
20241106;100317;12.92;200;11386143197;S
20241106;100322;12.925;200;11386145669;B
20241106;100322;12.935;500;11386145670;B
20241106;100322;12.935;200;11386145671;B
20241106;100323;12.94;300;11386145990;B
20241106;100323;12.94;3000;11386145991;B
20241106;100323;12.94;7900;11386145992;B
20241106;100323;12.945;7000;11386145993;B
20241106;100323;12.945;3000;11386145994;B
20241106;100323;12.95;12900;11386145995;B
20241106;100323;12.95;3000;11386145996;B
20241106;100325;12.95;3000;11386147043;B
20241106;100326;12.95;4100;11386147182;B
20241106;100326;12.95;400;11386147183;B
20241106;100329;12.93;3000;11386148515;S
20241106;100329;12.93;500;11386148516;S
20241106;100331;12.93;200;11386149120;S
20241106;100332;12.95;100;11386149898;B
20241106;100333;12.935;3000;11386150283;S
20241106;100333;12.93;500;11386150284;S
20241106;100334;12.935;100;11386150819;B
20241106;100334;12.925;3000;11386150955;S
20241106;100334;12.92;1600;11386150956;S
20241106;100335;12.935;900;11386151233;B
20241106;100336;12.95;5000;11386151724;B
20241106;100337;12.95;4900;11386152021;B
20241106;100337;12.95;200;11386152022;B
20241106;100337;12.96;10000;11386152023;B
20241106;100337;12.96;3000;11386152024;B
20241106;100337;12.965;500;11386152025;B
20241106;100337;12.965;1000;11386152026;B
20241106;100337;12.965;100;11386152027;B
20241106;100337;12.965;5000;11386152028;B
20241106;100337;12.965;3000;11386152029;B
20241106;100337;12.97;5700;11386152030;B
20241106;100337;12.95;200;11386152251;S
20241106;100338;12.94;2000;11386152341;S
20241106;100339;12.95;100;11386152929;S
20241106;100340;12.95;300;11386153347;S
20241106;100341;12.95;17400;11386153415;S
20241106;100343;12.95;6600;11386154118;B
20241106;100343;12.95;2000;11386154119;B
20241106;100344;12.97;8800;11386154439;B
20241106;100346;12.955;300;11386155231;S
20241106;100346;12.955;300;11386155258;S
20241106;100346;12.955;300;11386155276;S
20241106;100346;12.955;2400;11386155308;S
20241106;100346;12.955;5600;11386155309;S
20241106;100346;12.955;300;11386155328;S
20241106;100348;12.96;100;11386156860;B
20241106;100348;12.97;85500;11386156861;B
20241106;100348;12.97;1000;11386156862;B
20241106;100348;12.97;3000;11386156863;B
20241106;100348;12.97;3200;11386156864;B
20241106;100348;12.975;3000;11386156865;B
20241106;100348;12.975;3200;11386156866;B
20241106;100348;12.98;11000;11386156867;B
20241106;100350;12.965;100;11386157873;S
20241106;100351;12.965;700;11386158269;S
20241106;100353;12.965;800;11386159061;S
20241106;100353;12.98;9000;11386159076;B
20241106;100353;12.98;3000;11386159077;B
20241106;100353;12.98;2800;11386159078;B
20241106;100353;12.985;300;11386159079;B
20241106;100353;12.985;4000;11386159080;B
20241106;100353;12.985;2800;11386159081;B
20241106;100353;12.99;8200;11386159082;B
20241106;100356;12.99;100;11386159985;B
20241106;100357;12.975;100;11386162040;S
20241106;100357;12.975;4900;11386162041;S
20241106;100357;12.985;7900;11386162066;B
20241106;100357;12.985;3400;11386162067;B
20241106;100357;12.985;2700;11386162068;B
20241106;100357;12.985;500;11386162069;B
20241106;100400;12.965;200;11386163422;S
20241106;100401;12.965;100;11386163834;S
20241106;100403;12.965;700;11386164932;S
20241106;100405;12.98;5000;11386165358;B
20241106;100405;12.985;2700;11386165359;B
20241106;100405;12.985;800;11386165360;B
20241106;100405;12.99;1500;11386165361;B
20241106;100406;12.97;3000;11386166004;S
20241106;100407;12.99;1000;11386166589;B
20241106;100408;12.99;100;11386167179;B
20241106;100409;12.99;100;11386167381;B
20241106;100409;12.99;400;11386167384;B
20241106;100409;12.99;100;11386167645;B
20241106;100410;12.99;27100;11386168082;B
20241106;100413;12.99;50000;11386169105;B
20241106;100413;12.99;3700;11386169353;B
20241106;100413;12.99;1300;11386169354;B
20241106;100420;12.98;100;11386172955;S
20241106;100421;12.98;100;11386173798;S
20241106;100421;12.99;700;11386174012;B
20241106;100421;12.99;300;11386174013;B
20241106;100421;12.99;2000;11386174019;B
20241106;100421;12.99;2000;11386174051;B
20241106;100421;12.99;1700;11386174059;B
20241106;100421;12.99;300;11386174060;B
20241106;100421;12.99;900;11386174077;B
20241106;100421;12.99;200;11386174078;B
20241106;100422;12.995;100;11386174096;B
20241106;100422;12.995;2800;11386174097;B
20241106;100422;12.995;1000;11386174098;B
20241106;100422;12.995;200;11386174099;B
20241106;100422;12.995;100;11386174100;B
20241106;100422;12.995;400;11386174101;B
20241106;100422;12.99;400;11386174111;S
20241106;100422;12.99;400;11386174115;S
20241106;100422;12.99;400;11386174124;S
20241106;100422;12.99;400;11386174142;S
20241106;100422;12.99;400;11386174156;S
20241106;100422;12.99;400;11386174165;S
20241106;100422;12.99;300;11386174176;S
20241106;100422;12.99;100;11386174177;S
20241106;100422;12.99;400;11386174181;S
20241106;100422;12.98;400;11386174205;S
20241106;100422;12.995;2000;11386174400;B
20241106;100422;12.995;2000;11386174417;B
20241106;100422;12.98;1300;11386174418;S
20241106;100422;12.98;100;11386174419;S
20241106;100422;12.98;600;11386174420;S
20241106;100422;12.995;2000;11386174428;B
20241106;100422;12.98;400;11386174433;S
20241106;100422;12.98;900;11386174434;S
20241106;100422;12.975;700;11386174435;S
20241106;100422;12.995;2000;11386174452;B
20241106;100422;12.975;2000;11386174454;S
20241106;100422;12.98;500;11386174602;S
20241106;100422;12.975;1500;11386174603;S
20241106;100422;12.995;2000;11386174604;B
20241106;100422;12.975;2000;11386174617;S
20241106;100422;12.99;2000;11386174618;B
20241106;100422;12.99;2000;11386174626;B
20241106;100422;12.975;2000;11386174627;S
20241106;100422;12.995;2000;11386174631;B
20241106;100422;12.99;900;11386174632;S
20241106;100422;12.995;900;11386174649;B
20241106;100423;12.995;100;11386174721;B
20241106;100424;12.99;100;11386175686;S
20241106;100425;12.995;200;11386176055;B
20241106;100426;12.99;200;11386176594;S
20241106;100427;12.99;2000;11386177202;S
20241106;100432;12.995;400;11386179620;B
20241106;100432;12.99;700;11386179803;S
20241106;100433;12.99;46100;11386180231;S
20241106;100433;12.99;8100;11386180232;S
20241106;100433;12.985;23900;11386180233;S
20241106;100433;12.985;8100;11386180234;S
20241106;100433;12.98;3000;11386180235;S
20241106;100433;12.975;1000;11386180236;S
20241106;100433;12.975;200;11386180237;S
20241106;100433;12.97;7900;11386180238;S
20241106;100433;12.97;1700;11386180239;S
20241106;100433;12.985;200;11386180421;B
20241106;100433;12.99;500;11386180422;B
20241106;100435;12.98;500;11386181179;B
20241106;100438;12.99;900;11386182071;B
20241106;100438;12.99;500;11386182190;B
20241106;100438;12.99;300;11386182203;B
20241106;100438;12.99;5700;11386182204;B
20241106;100438;12.995;86400;11386182205;B
20241106;100438;12.995;3000;11386182206;B
20241106;100438;12.995;4600;11386182207;B
20241106;100444;12.99;2200;11386184909;B
20241106;100445;12.99;2800;11386185256;B
20241106;100445;12.995;18300;11386185257;B
20241106;100445;12.995;2500;11386185258;B
20241106;100445;12.995;4700;11386185259;B
20241106;100445;12.995;2500;11386185260;B
20241106;100445;13;1000;11386185261;B
20241106;100445;13;1000;11386185262;B
20241106;100445;13;100;11386185263;B
20241106;100445;13;100;11386185264;B
20241106;100445;13;3600;11386185265;B
20241106;100445;13;100;11386185266;B
20241106;100445;13;300;11386185267;B
20241106;100445;13;100;11386185268;B
20241106;100445;13;100;11386185269;B
20241106;100445;13;3000;11386185270;B
20241106;100445;13;3000;11386185271;B
20241106;100445;13;700;11386185272;B
20241106;100445;13;100;11386185273;B
20241106;100445;13;100;11386185274;B
20241106;100445;13;55900;11386185275;B
20241106;100445;12.995;500;11386185279;B
20241106;100445;12.995;2200;11386185292;B
20241106;100445;13;4100;11386185293;B
20241106;100445;13;300;11386185294;B
20241106;100445;13;193400;11386185295;B
20241106;100446;12.985;100;11386185418;S
20241106;100446;13;500;11386185419;B
20241106;100446;12.985;4000;11386185420;S
20241106;100446;13;1500;11386185444;B
20241106;100446;13;400;11386185452;B
20241106;100446;12.99;1100;11386185457;S
20241106;100446;13;100;11386185564;B
20241106;100446;13;1000;11386185591;B
20241106;100446;13;4000;11386185705;B
20241106;100447;13;1100;11386185891;B
20241106;100451;13;3300;11386187597;B
20241106;100451;13;65200;11386187686;B
20241106;100451;13;100;11386187687;B
20241106;100451;13;100;11386187688;B
20241106;100451;13;1000;11386187689;B
20241106;100451;13;300;11386187690;B
20241106;100451;13;1500;11386187691;B
20241106;100451;13;1000;11386187692;B
20241106;100451;13;400;11386187693;B
20241106;100451;13;600;11386187694;B
20241106;100451;13;100;11386187695;B
20241106;100451;13;800;11386187696;B
20241106;100451;13;100;11386187697;B
20241106;100451;13;800;11386187698;B
20241106;100451;13;200;11386187699;B
20241106;100451;13;1000;11386187700;B
20241106;100451;13.005;100;11386187701;B
20241106;100451;13.005;9400;11386187702;B
20241106;100451;13.005;8500;11386187703;B
20241106;100451;13.01;8200;11386187704;B
20241106;100451;13.02;600;11386187705;B
20241106;100451;13.02;1600;11386187744;B
20241106;100452;13.02;1000;11386187794;B
20241106;100452;13.005;100;11386187843;S
20241106;100452;13.015;1000;11386188182;B
20241106;100452;13.02;2300;11386188183;B
20241106;100452;13.025;100;11386188184;B
20241106;100452;13.03;100;11386188185;B
20241106;100452;13.03;500;11386188186;B
20241106;100452;13.03;1500;11386188187;B
20241106;100452;13.035;500;11386188188;B
20241106;100452;13.04;100;11386188189;B
20241106;100452;13.04;2300;11386188190;B
20241106;100452;13.04;100;11386188191;B
20241106;100452;13.04;200;11386188192;B
20241106;100452;13.04;600;11386188193;B
20241106;100452;13.045;3800;11386188345;B
20241106;100453;13.045;100;11386188488;B
20241106;100453;13.03;100;11386188513;S
20241106;100453;13.045;400;11386188518;B
20241106;100453;13.03;100;11386188548;S
20241106;100453;13.045;200;11386188562;B
20241106;100453;13.045;1000;11386188577;B
20241106;100453;13.045;500;11386188630;B
20241106;100453;13.03;100;11386188757;S
20241106;100453;13.045;4000;11386188945;B
20241106;100453;13.05;500;11386188946;B
20241106;100453;13.05;100;11386188947;B
20241106;100453;13.05;200;11386188948;B
20241106;100453;13.055;200;11386188949;B
20241106;100453;13.06;3300;11386189048;B
20241106;100453;13.06;500;11386189053;S
20241106;100454;13.06;1000;11386189077;S
20241106;100454;13.06;100;11386189088;S
20241106;100454;13.06;100;11386189399;S
20241106;100454;13.06;500;11386189400;S
20241106;100454;13.065;1500;11386189403;B
20241106;100454;13.06;900;11386189482;B
20241106;100454;13.065;100;11386189483;B
20241106;100454;13.03;400;11386189489;S
20241106;100455;13.035;100;11386189535;S
20241106;100455;13.05;100;11386189818;B
20241106;100455;13.05;200;11386189840;B
20241106;100455;13.06;100;11386189841;B
20241106;100455;13.06;2800;11386189842;B
20241106;100455;13.065;12400;11386189843;B
20241106;100455;13.03;300;11386189871;S
20241106;100457;13.065;2000;11386190802;B
20241106;100457;13.065;34200;11386191046;B
20241106;100457;13.065;4100;11386191047;B
20241106;100457;13.07;4200;11386191048;B
20241106;100457;13.075;100;11386191049;B
20241106;100457;13.075;100;11386191050;B
20241106;100457;13.075;57300;11386191051;B
20241106;100459;13.035;100;11386191505;S
20241106;100459;13.075;2700;11386191873;B
20241106;100459;13.075;7900;11386191874;B
20241106;100459;13.075;100;11386191875;B
20241106;100459;13.075;100;11386191876;B
20241106;100459;13.075;2500;11386191877;B
20241106;100459;13.08;200;11386191878;B
20241106;100459;13.08;30600;11386191879;B
20241106;100459;13.03;400;11386191963;S
20241106;100459;13.08;1000;11386191967;B
20241106;100500;13.08;200;11386192162;B
20241106;100500;13.055;100;11386192322;S
20241106;100500;13.03;800;11386192323;S
20241106;100500;13.02;900;11386192324;S
20241106;100500;13.03;100;11386192337;S
20241106;100500;13.075;100;11386192357;B
20241106;100500;13.035;100;11386192509;S
20241106;100501;13.075;800;11386192723;B
20241106;100501;13.08;200;11386192724;B
20241106;100501;13.08;2300;11386192739;B
20241106;100501;13.08;800;11386192952;B
20241106;100501;13.015;7900;11386193004;S
20241106;100501;13.01;12500;11386193005;S
20241106;100501;13.005;4000;11386193006;S
20241106;100501;13.005;5900;11386193007;S
20241106;100501;13;43800;11386193008;S
20241106;100501;13;100;11386193075;B
20241106;100502;13;3000;11386193216;B
20241106;100502;13;800;11386193304;B
20241106;100502;13;100;11386193305;B
20241106;100502;13.015;200;11386193411;S
20241106;100502;13.045;200;11386193470;B
20241106;100502;13.055;600;11386193471;B
20241106;100502;13.055;3400;11386193510;B
20241106;100502;13.075;3500;11386193511;B
20241106;100502;13.015;1000;11386193694;S
20241106;100504;13.05;100;11386194894;B
20241106;100504;13.06;1000;11386194895;B
20241106;100504;13.065;900;11386194896;B
20241106;100504;13.065;1000;11386194897;B
20241106;100504;13.08;100;11386195101;B
20241106;100505;13.075;2500;11386195378;B
20241106;100507;13.065;100;11386196504;S
20241106;100510;13.075;900;11386198016;B
20241106;100510;13.075;1600;11386198237;B
20241106;100510;13.08;15300;11386198238;B
20241106;100511;13.065;100;11386198771;B
20241106;100511;13.055;1100;11386198780;S
20241106;100511;13.08;35800;11386198818;B
20241106;100511;13.09;1000;11386198819;B
20241106;100511;13.09;6000;11386198820;B
20241106;100511;13.095;100;11386198821;B
20241106;100511;13.095;4400;11386198822;B
20241106;100511;13.095;7900;11386198823;B
20241106;100511;13.1;1000;11386198824;B
20241106;100511;13.1;100;11386198825;B
20241106;100511;13.1;20000;11386198826;B
20241106;100511;13.1;23700;11386198827;B
20241106;100512;13.08;100;11386199095;S
20241106;100512;13.08;500;11386199162;S
20241106;100512;13.085;100;11386199200;B
20241106;100512;13.095;100;11386199201;B
20241106;100513;13.095;7900;11386199414;B
20241106;100513;13.1;2100;11386199415;B
20241106;100516;13.08;300;11386200801;S
20241106;100517;13.095;7900;11386201362;B
20241106;100517;13.1;2100;11386201363;B
20241106;100518;13.1;100;11386201725;B
20241106;100520;13.08;600;11386202333;S
20241106;100521;13.095;100;11386202622;S
20241106;100522;13.1;3000;11386203247;B
20241106;100524;13.095;1000;11386203965;B
20241106;100524;13.095;17000;11386204554;B
20241106;100525;13.095;25000;11386205073;B
20241106;100527;13.09;600;11386205841;B
20241106;100527;13.095;49400;11386205842;B
20241106;100529;13.08;500;11386206998;S
20241106;100529;13.09;300;11386207087;B
20241106;100531;13.075;200;11386208606;S
20241106;100531;13.085;800;11386208685;B
20241106;100534;13.085;1000;11386209705;B
20241106;100535;13.07;8500;11386210169;S
20241106;100535;13.065;1300;11386210170;S
20241106;100535;13.055;200;11386210171;S
20241106;100538;13.055;500;11386211817;S
20241106;100538;13.085;800;11386212184;B
20241106;100540;13.085;1000;11386212993;B
20241106;100540;13.085;200;11386213153;B
20241106;100541;13.085;1000;11386213583;B
20241106;100541;13.05;200;11386213597;S
20241106;100541;13.045;4200;11386213598;S
20241106;100541;13.04;3400;11386213599;S
20241106;100542;13.085;200;11386213979;B
20241106;100542;13.085;4800;11386213980;B
20241106;100547;13.075;400;11386216327;B
20241106;100549;13.075;2100;11386217166;B
20241106;100549;13.08;300;11386217167;B
20241106;100549;13.08;700;11386217168;B
20241106;100549;13.085;100;11386217169;B
20241106;100549;13.085;1100;11386217170;B
20241106;100549;13.085;500;11386217171;B
20241106;100549;13.09;2400;11386217172;B
20241106;100549;13.09;1300;11386217173;B
20241106;100549;13.04;100;11386217192;S
20241106;100549;13.085;100;11386217244;B
20241106;100550;13.085;3600;11386217448;B
20241106;100551;13.085;4200;11386217934;B
20241106;100551;13.085;700;11386217935;B
20241106;100551;13.09;1000;11386217936;B
20241106;100551;13.09;100;11386217937;B
20241106;100551;13.09;1000;11386217938;B
20241106;100551;13.09;1100;11386217939;B
20241106;100551;13.09;1900;11386217940;B
20241106;100551;13.08;200;11386218078;B
20241106;100553;13.05;2300;11386218884;S
20241106;100553;13.05;200;11386218885;S
20241106;100553;13.04;6000;11386218886;S
20241106;100553;13.035;400;11386218887;S
20241106;100553;13.03;500;11386218888;S
20241106;100553;13.03;2100;11386218889;S
20241106;100553;13.025;8000;11386218890;S
20241106;100553;13.02;600;11386218891;S
20241106;100553;13.02;1900;11386218892;S
20241106;100553;13.02;2100;11386218893;S
20241106;100554;13.025;100;11386219116;S
20241106;100556;13.04;200;11386219918;S
20241106;100556;13.03;1000;11386219919;S
20241106;100556;13.03;1800;11386219920;S
20241106;100600;13.065;200;11386222277;B
20241106;100600;13.07;300;11386222278;B
20241106;100603;13.065;200;11386223898;B
20241106;100606;13.065;100;11386226154;B
20241106;100611;13.05;100;11386227930;S
20241106;100612;13.07;500;11386228226;B
20241106;100612;13.06;7900;11386228629;B
20241106;100612;13.065;17100;11386228630;B
20241106;100614;13.065;100;11386229421;B
20241106;100615;13.05;1500;11386230095;S
20241106;100617;13.05;400;11386230699;S
20241106;100617;13.05;100;11386230777;B
20241106;100622;13.05;3000;11386232983;B
20241106;100623;13.035;100;11386233568;S
20241106;100624;13.05;1000;11386234329;B
20241106;100624;13.05;2300;11386234362;B
20241106;100627;13.05;1500;11386235391;B
20241106;100628;13.05;1700;11386235984;B
20241106;100628;13.055;300;11386235985;B
20241106;100628;13.06;100;11386235988;B
20241106;100628;13.06;1900;11386235989;B
20241106;100628;13.06;2000;11386236001;B
20241106;100628;13.06;2000;11386236008;B
20241106;100631;13.065;100;11386237099;S
20241106;100632;13.065;300;11386237382;S
20241106;100632;13.07;200;11386237409;B
20241106;100632;13.065;500;11386237767;S
20241106;100635;13.07;100;11386238961;B
20241106;100637;13.065;100;11386239789;S
20241106;100641;13.065;20000;11386241697;S
20241106;100641;13.07;100;11386241814;B
20241106;100642;13.07;100;11386242275;B
20241106;100643;13.07;500;11386242631;B
20241106;100643;13.07;500;11386242632;B
20241106;100643;13.07;1400;11386242633;B
20241106;100643;13.07;100;11386242634;B
20241106;100643;13.075;800;11386242635;B
20241106;100643;13.075;1100;11386242636;B
20241106;100643;13.075;7900;11386242637;B
20241106;100643;13.075;4700;11386242638;B
20241106;100643;13.08;500;11386242639;B
20241106;100643;13.08;3600;11386242640;B
20241106;100645;13.07;100;11386243817;S
20241106;100645;13.08;800;11386243891;B
20241106;100646;13.08;47600;11386244191;B
20241106;100646;13.08;2400;11386244192;B
20241106;100646;13.08;200;11386244381;B
20241106;100646;13.075;100;11386244384;B
20241106;100646;13.08;800;11386244398;B
20241106;100647;13.08;200;11386244445;B
20241106;100647;13.07;4500;11386244521;S
20241106;100647;13.07;3500;11386244522;S
20241106;100647;13.075;6800;11386244658;S
20241106;100647;13.07;3200;11386244659;S
20241106;100648;13.07;300;11386245087;S
20241106;100649;13.075;3700;11386245171;B
20241106;100649;13.075;4000;11386245230;B
20241106;100652;13.08;1000;11386246420;B
20241106;100655;13.07;500;11386247206;S
20241106;100658;13.07;500;11386248440;S
20241106;100701;13.07;4800;11386249631;S
20241106;100701;13.07;7900;11386249632;S
20241106;100702;13.07;400;11386250033;B
20241106;100703;13.07;43500;11386250114;B
20241106;100707;13.065;1000;11386251804;S
20241106;100709;13.07;4000;11386252507;B
20241106;100709;13.065;100;11386252925;S
20241106;100713;13.07;100;11386254784;B
20241106;100713;13.07;100;11386254947;B
20241106;100715;13.065;600;11386255312;S
20241106;100715;13.065;200;11386255313;S
20241106;100715;13.07;3000;11386255538;B
20241106;100717;13.065;5000;11386256129;S
20241106;100719;13.065;100;11386257166;S
20241106;100721;13.07;7600;11386257972;B
20241106;100722;13.065;400;11386258117;S
20241106;100722;13.065;400;11386258118;S
20241106;100722;13.07;500;11386258195;B
20241106;100722;13.065;4200;11386258202;S
20241106;100722;13.065;3000;11386258203;S
20241106;100722;13.065;400;11386258204;S
20241106;100722;13.065;3400;11386258205;S
20241106;100722;13.06;1000;11386258206;S
20241106;100722;13.065;100;11386258397;S
20241106;100723;13.065;600;11386258517;S
20241106;100723;13.065;700;11386258518;S
20241106;100725;13.07;8600;11386259103;B
20241106;100725;13.07;5900;11386259104;B
20241106;100725;13.075;2000;11386259105;B
20241106;100725;13.075;7900;11386259106;B
20241106;100725;13.08;1200;11386259107;B
20241106;100725;13.08;24200;11386259114;B
20241106;100725;13.08;200;11386259115;B
20241106;100725;13.08;500;11386259116;B
20241106;100725;13.08;500;11386259117;B
20241106;100725;13.08;100;11386259118;B
20241106;100725;13.08;100;11386259119;B
20241106;100725;13.08;1400;11386259120;B
20241106;100725;13.08;1400;11386259121;S
20241106;100725;13.08;3200;11386259166;S
20241106;100725;13.085;500;11386259186;B
20241106;100725;13.085;5000;11386259187;B
20241106;100725;13.085;1800;11386259188;B
20241106;100725;13.08;100;11386259365;S
20241106;100726;13.08;1400;11386259397;S
20241106;100726;13.08;1500;11386259398;S
20241106;100726;13.08;100;11386259424;S
20241106;100726;13.08;200;11386259572;S
20241106;100726;13.085;5000;11386259690;B
20241106;100726;13.08;600;11386259695;S
20241106;100726;13.08;600;11386259696;S
20241106;100728;13.08;300;11386260433;S
20241106;100728;13.08;300;11386260434;S
20241106;100730;13.085;4100;11386261137;B
20241106;100731;13.08;200;11386261516;S
20241106;100731;13.08;200;11386261517;S
20241106;100731;13.085;1000;11386261614;B
20241106;100731;13.08;300;11386261703;S
20241106;100732;13.08;100;11386261883;S
20241106;100733;13.08;100;11386262224;S
20241106;100736;13.085;8100;11386263474;B
20241106;100736;13.085;1800;11386263475;B
20241106;100736;13.09;100;11386263476;B
20241106;100737;13.08;600;11386263920;S
20241106;100737;13.08;500;11386263921;S
20241106;100740;13.09;600;11386264899;B
20241106;100742;13.09;4800;11386265664;B
20241106;100743;13.085;100;11386266007;S
20241106;100743;13.085;300;11386266115;S
20241106;100743;13.085;300;11386266116;S
20241106;100744;13.085;100;11386266520;S
20241106;100744;13.08;700;11386266521;S
20241106;100745;13.085;100;11386266832;S
20241106;100747;13.085;500;11386267263;S
20241106;100747;13.08;1000;11386267264;S
20241106;100747;13.085;300;11386267274;S
20241106;100747;13.08;28400;11386267275;S
20241106;100747;13.09;2900;11386267541;B
20241106;100747;13.085;100;11386267609;S
20241106;100748;13.085;100;11386267873;S
20241106;100748;13.08;1800;11386267874;S
20241106;100748;13.08;1600;11386267875;S
20241106;100751;13.09;100;11386268974;B
20241106;100751;13.085;1600;11386268980;S
20241106;100752;13.09;1200;11386269028;B
20241106;100752;13.085;5000;11386269178;S
20241106;100752;13.085;100;11386269229;S
20241106;100753;13.085;13300;11386269534;S
20241106;100753;13.085;100;11386269535;S
20241106;100753;13.08;7400;11386269536;S
20241106;100753;13.08;400;11386269699;S
20241106;100753;13.08;400;11386269700;S
20241106;100754;13.08;3600;11386269903;S
20241106;100754;13.085;100;11386270017;B
20241106;100754;13.08;1100;11386270075;S
20241106;100754;13.08;1200;11386270076;S
20241106;100755;13.08;100;11386270323;S
20241106;100755;13.08;200;11386270460;S
20241106;100755;13.08;200;11386270463;S
20241106;100755;13.085;100;11386270497;B
20241106;100756;13.08;3500;11386270852;S
20241106;100756;13.085;2400;11386270885;B
20241106;100756;13.08;100;11386270949;S
20241106;100757;13.08;300;11386271288;S
20241106;100757;13.08;300;11386271290;S
20241106;100757;13.08;100;11386271298;S
20241106;100757;13.08;100;11386271547;S
20241106;100802;13.08;1000;11386273403;S
20241106;100802;13.085;200;11386273435;B
20241106;100802;13.08;300;11386273703;S
20241106;100803;13.08;100;11386273797;S
20241106;100803;13.08;100;11386273798;S
20241106;100803;13.085;5100;11386273883;B
20241106;100803;13.09;300;11386273884;B
20241106;100803;13.09;4600;11386273885;B
20241106;100803;13.08;100;11386274071;S
20241106;100804;13.08;600;11386274281;S
20241106;100804;13.08;500;11386274282;S
20241106;100805;13.08;200;11386274779;S
20241106;100805;13.08;400;11386275141;S
20241106;100806;13.08;100;11386275309;S
20241106;100807;13.08;1000;11386275612;S
20241106;100807;13.08;100;11386275869;S
20241106;100808;13.085;1000;11386275934;B
20241106;100808;13.085;2500;11386276059;B
20241106;100808;13.085;300;11386276144;B
20241106;100809;13.08;100;11386276169;S
20241106;100809;13.085;100;11386276312;B
20241106;100809;13.08;100;11386276468;S
20241106;100809;13.08;200;11386276469;S
20241106;100811;13.08;3500;11386277034;S
20241106;100811;13.085;400;11386277078;B
20241106;100812;13.08;200;11386277397;S
20241106;100812;13.08;200;11386277399;S
20241106;100813;13.08;100;11386277626;S
20241106;100815;13.085;300;11386278269;B
20241106;100815;13.08;100;11386278327;S
20241106;100815;13.08;100;11386278364;S
20241106;100818;13.085;1600;11386279690;B
20241106;100818;13.085;700;11386279765;B
20241106;100819;13.08;100;11386279949;S
20241106;100819;13.08;100;11386279950;S
20241106;100819;13.08;100;11386279960;S
20241106;100820;13.08;10000;11386280117;S
20241106;100820;13.08;100;11386280214;S
20241106;100821;13.08;4000;11386280528;S
20241106;100821;13.08;500;11386280545;S
20241106;100821;13.08;600;11386280547;S
20241106;100821;13.085;2000;11386280548;B
20241106;100822;13.08;200;11386280874;S
20241106;100822;13.08;300;11386280875;S
20241106;100822;13.085;300;11386281087;B
20241106;100823;13.08;100;11386281176;S
20241106;100823;13.08;100;11386281177;S
20241106;100823;13.08;4000;11386281295;S
20241106;100823;13.085;200;11386281329;B
20241106;100823;13.085;800;11386281330;B
20241106;100823;13.08;200;11386281580;S
20241106;100824;13.08;200;11386281753;S
20241106;100824;13.08;300;11386281754;S
20241106;100824;13.085;100;11386281778;B
20241106;100824;13.08;200;11386281865;S
20241106;100825;13.08;100;11386282111;S
20241106;100825;13.08;4000;11386282323;S
20241106;100826;13.08;5000;11386282532;S
20241106;100826;13.08;200;11386282585;S
20241106;100826;13.08;300;11386282586;S
20241106;100827;13.08;200;11386282941;S
20241106;100827;13.08;300;11386282942;S
20241106;100830;13.085;300;11386283830;B
20241106;100830;13.08;8500;11386284005;S
20241106;100830;13.08;100;11386284097;S
20241106;100831;13.085;800;11386284206;B
20241106;100831;13.085;100;11386284207;B
20241106;100831;13.085;7900;11386284208;B
20241106;100831;13.085;100;11386284209;B
20241106;100831;13.085;100;11386284210;B
20241106;100831;13.085;500;11386284211;B
20241106;100831;13.09;400;11386284212;B
20241106;100831;13.09;500;11386284213;B
20241106;100831;13.09;500;11386284214;B
20241106;100831;13.09;10000;11386284215;B
20241106;100831;13.09;4100;11386284216;B
20241106;100831;13.08;400;11386284406;S
20241106;100832;13.08;11600;11386284532;S
20241106;100832;13.08;100;11386284533;S
20241106;100832;13.08;300;11386284534;S
20241106;100832;13.08;4000;11386284535;S
20241106;100832;13.08;3000;11386284536;S
20241106;100832;13.08;300;11386284537;S
20241106;100832;13.07;100;11386284538;S
20241106;100832;13.07;100;11386284539;S
20241106;100832;13.07;200;11386284540;S
20241106;100832;13.065;300;11386284541;S
20241106;100832;13.085;100;11386284590;B
20241106;100832;13.065;200;11386284730;S
20241106;100832;13.065;1200;11386284731;S
20241106;100832;13.065;1300;11386284732;S
20241106;100833;13.065;1200;11386284984;S
20241106;100833;13.065;1100;11386284985;S
20241106;100834;13.085;800;11386285271;B
20241106;100836;13.08;3600;11386285838;B
20241106;100836;13.08;800;11386285839;B
20241106;100836;13.085;7000;11386285840;B
20241106;100836;13.085;8000;11386285841;B
20241106;100836;13.09;900;11386285842;B
20241106;100836;13.09;3500;11386285843;B
20241106;100836;13.09;10000;11386285844;B
20241106;100836;13.09;9000;11386285845;B
20241106;100836;13.09;20100;11386285846;B
20241106;100836;13.09;100;11386285847;B
20241106;100836;13.09;200;11386285848;B
20241106;100836;13.09;500;11386285849;B
20241106;100837;13.07;200;11386286040;S
20241106;100837;13.065;700;11386286041;S
20241106;100837;13.065;2900;11386286042;S
20241106;100837;13.065;3300;11386286043;S
20241106;100837;13.085;1000;11386286094;B
20241106;100838;13.065;100;11386286580;S
20241106;100838;13.085;1000;11386286922;B
20241106;100839;13.065;100;11386287154;S
20241106;100840;13.09;2200;11386287488;B
20241106;100840;13.09;2800;11386287489;B
20241106;100841;13.065;300;11386287776;S
20241106;100841;13.065;300;11386287777;S
20241106;100846;13.09;3600;11386289657;B
20241106;100846;13.09;7900;11386289658;B
20241106;100846;13.095;7600;11386289659;B
20241106;100846;13.095;5000;11386289660;B
20241106;100846;13.095;50000;11386289661;B
20241106;100846;13.095;4000;11386289662;B
20241106;100846;13.095;4000;11386289663;B
20241106;100846;13.095;100;11386289664;B
20241106;100846;13.095;200;11386289665;B
20241106;100846;13.095;300;11386289666;B
20241106;100846;13.1;44000;11386289667;B
20241106;100846;13.1;1000;11386289668;B
20241106;100846;13.1;100;11386289669;B
20241106;100846;13.1;100;11386289670;B
20241106;100846;13.1;300;11386289671;B
20241106;100846;13.1;100;11386289672;B
20241106;100846;13.1;100;11386289673;B
20241106;100846;13.1;10000;11386289674;B
20241106;100846;13.1;1700;11386289675;B
20241106;100846;13.1;5000;11386289676;B
20241106;100846;13.1;100;11386289677;B
20241106;100846;13.1;5000;11386289678;B
20241106;100846;13.1;1500;11386289679;B
20241106;100846;13.1;1000;11386289680;B
20241106;100846;13.1;29000;11386289681;B
20241106;100846;13.1;200;11386289682;B
20241106;100846;13.11;100;11386289683;B
20241106;100846;13.11;100;11386289684;B
20241106;100846;13.115;400;11386289685;B
20241106;100846;13.115;100;11386289686;B
20241106;100846;13.125;3000;11386289687;B
20241106;100846;13.13;3000;11386289688;B
20241106;100846;13.13;200;11386289689;B
20241106;100846;13.13;200;11386289690;B
20241106;100846;13.13;2000;11386289691;B
20241106;100846;13.13;200;11386289692;B
20241106;100846;13.145;100;11386289693;B
20241106;100846;13.145;8700;11386289694;B
20241106;100846;13.08;3400;11386289721;S
20241106;100846;13.085;2500;11386289744;B
20241106;100846;13.085;1500;11386289745;B
20241106;100846;13.085;5000;11386289754;B
20241106;100847;13.075;4600;11386290060;S
20241106;100847;13.075;11100;11386290073;S
20241106;100847;13.095;3200;11386290126;B
20241106;100847;13.095;400;11386290127;B
20241106;100847;13.1;300;11386290128;B
20241106;100847;13.13;3400;11386290129;B
20241106;100847;13.13;8000;11386290130;B
20241106;100847;13.135;23800;11386290131;B
20241106;100847;13.14;7900;11386290132;B
20241106;100847;13.145;17300;11386290133;B
20241106;100847;13.15;100;11386290134;B
20241106;100847;13.15;500;11386290135;B
20241106;100847;13.15;100;11386290136;B
20241106;100847;13.15;500;11386290137;B
20241106;100847;13.155;4600;11386290138;B
20241106;100847;13.16;25200;11386290139;B
20241106;100847;13.165;100;11386290140;B
20241106;100847;13.165;200;11386290141;B
20241106;100847;13.17;300;11386290142;B
20241106;100847;13.17;3000;11386290143;B
20241106;100847;13.175;200;11386290144;B
20241106;100847;13.19;900;11386290145;B
20241106;100847;13.09;100;11386290158;S
20241106;100847;13.105;500;11386290223;S
20241106;100847;13.105;1500;11386290224;S
20241106;100847;13.105;2000;11386290225;S
20241106;100847;13.105;200;11386290279;B
20241106;100847;13.105;200;11386290282;B
20241106;100847;13.1;200;11386290286;S
20241106;100847;13.105;200;11386290299;B
20241106;100847;13.1;100;11386290303;S
20241106;100847;13.105;400;11386290318;B
20241106;100847;13.1;100;11386290323;S
20241106;100847;13.1;100;11386290327;S
20241106;100847;13.1;100;11386290328;S
20241106;100847;13.1;100;11386290329;S
20241106;100848;13.1;100;11386290387;S
20241106;100848;13.095;5500;11386290392;S
20241106;100848;13.095;4000;11386290393;S
20241106;100848;13.09;500;11386290394;S
20241106;100848;13.095;500;11386290410;S
20241106;100848;13.095;200;11386290411;S
20241106;100848;13.09;100;11386290462;S
20241106;100848;13.09;100;11386290547;S
20241106;100848;13.09;100;11386290553;S
20241106;100848;13.09;100;11386290573;S
20241106;100848;13.08;300;11386290648;S
20241106;100849;13.08;300;11386290649;S
20241106;100849;13.09;100;11386290707;S
20241106;100849;13.09;100;11386291070;S
20241106;100851;13.11;3000;11386291511;B
20241106;100851;13.11;600;11386291574;S
20241106;100851;13.1;400;11386291575;S
20241106;100851;13.1;1000;11386291598;S
20241106;100851;13.1;1000;11386291616;S
20241106;100851;13.1;1000;11386291623;S
20241106;100851;13.11;100;11386291663;B
20241106;100851;13.12;200;11386291664;B
20241106;100851;13.12;200;11386291665;B
20241106;100851;13.12;500;11386291666;B
20241106;100851;13.12;100;11386291704;B
20241106;100852;13.09;300;11386292052;S
20241106;100852;13.09;200;11386292053;S
20241106;100853;13.09;100;11386292342;S
20241106;100853;13.1;200;11386292417;S
20241106;100854;13.1;2400;11386292614;S
20241106;100854;13.095;6000;11386292615;S
20241106;100855;13.09;400;11386292832;S
20241106;100855;13.09;500;11386292833;S
20241106;100859;13.095;4000;11386294413;S
20241106;100859;13.095;100;11386294442;S
20241106;100900;13.095;300;11386294636;S
20241106;100900;13.095;200;11386294637;S
20241106;100901;13.095;1900;11386294932;S
20241106;100901;13.09;1300;11386294933;S
20241106;100901;13.09;900;11386294934;S
20241106;100901;13.085;5900;11386294935;S
20241106;100902;13.085;400;11386295268;S
20241106;100902;13.08;600;11386295269;S
20241106;100902;13.08;100;11386295271;S
20241106;100905;13.09;500;11386296165;B
20241106;100905;13.09;500;11386296176;B
20241106;100905;13.095;200;11386296177;B
20241106;100905;13.105;1300;11386296178;B
20241106;100906;13.085;200;11386296409;S
20241106;100906;13.085;100;11386296410;S
20241106;100906;13.085;1200;11386296485;S
20241106;100906;13.085;100;11386296486;S
20241106;100906;13.08;3700;11386296487;S
20241106;100907;13.085;100;11386296616;S
20241106;100907;13.08;9900;11386296617;S
20241106;100907;13.095;200;11386296865;B
20241106;100907;13.105;200;11386296866;B
20241106;100907;13.105;300;11386296867;B
20241106;100907;13.105;4300;11386296868;B
20241106;100907;13.105;800;11386296928;B
20241106;100907;13.11;200;11386296929;B
20241106;100908;13.09;200;11386297144;S
20241106;100908;13.08;400;11386297145;S
20241106;100909;13.11;7400;11386297427;B
20241106;100909;13.105;5000;11386297556;B
20241106;100909;13.105;400;11386297557;B
20241106;100909;13.11;3700;11386297558;B
20241106;100909;13.11;400;11386297559;B
20241106;100909;13.11;4100;11386297560;B
20241106;100909;13.11;7900;11386297562;B
20241106;100909;13.11;700;11386297563;B
20241106;100909;13.115;4000;11386297564;B
20241106;100909;13.115;19700;11386297565;B
20241106;100910;13.1;800;11386297836;B
20241106;100910;13.11;3800;11386297943;B
20241106;100910;13.11;3800;11386297987;B
20241106;100911;13.105;1700;11386298054;B
20241106;100911;13.11;1800;11386298055;B
20241106;100911;13.11;300;11386298056;B
20241106;100912;13.11;1000;11386298473;B
20241106;100913;13.1;500;11386298818;S
20241106;100913;13.1;500;11386298819;S
20241106;100916;13.1;800;11386299941;S
20241106;100917;13.1;100;11386300173;S
20241106;100924;13.105;5000;11386302378;B
20241106;100925;13.105;2000;11386302538;B
20241106;100925;13.105;300;11386302539;B
20241106;100925;13.11;600;11386302540;B
20241106;100925;13.11;200;11386302541;B
20241106;100925;13.115;4200;11386302542;B
20241106;100925;13.115;12000;11386302653;B
20241106;100925;13.11;400;11386302681;B
20241106;100925;13.115;17500;11386302682;B
20241106;100925;13.115;400;11386302683;B
20241106;100925;13.12;100;11386302684;B
20241106;100925;13.12;200;11386302685;B
20241106;100925;13.12;2500;11386302686;B
20241106;100925;13.125;3200;11386302687;B
20241106;100925;13.135;7900;11386302688;B
20241106;100925;13.135;4000;11386302689;B
20241106;100925;13.14;100;11386302690;B
20241106;100925;13.14;28400;11386302691;B
20241106;100926;13.11;200;11386302937;S
20241106;100926;13.11;100;11386302938;S
20241106;100926;13.105;4000;11386302953;S
20241106;100926;13.1;100;11386302954;S
20241106;100926;13.1;300;11386302955;S
20241106;100926;13.1;2200;11386302956;S
20241106;100926;13.1;1600;11386302957;S
20241106;100926;13.1;200;11386302958;S
20241106;100927;13.11;1500;11386303287;B
20241106;100928;13.11;700;11386303338;B
20241106;100928;13.11;100;11386303339;B
20241106;100928;13.115;100;11386303340;B
20241106;100928;13.125;200;11386303341;B
20241106;100928;13.125;5000;11386303342;B
20241106;100928;13.13;2500;11386303343;B
20241106;100928;13.135;3200;11386303344;B
20241106;100928;13.135;200;11386303345;B
20241106;100928;13.135;3000;11386303346;B
20241106;100928;13.12;200;11386303557;B
20241106;100928;13.12;600;11386303596;B
20241106;100928;13.135;800;11386303597;B
20241106;100928;13.14;1600;11386303598;B
20241106;100929;13.11;100;11386303883;S
20241106;100929;13.11;100;11386303887;S
20241106;100931;13.13;100;11386304414;B
20241106;100932;13.13;2400;11386304488;B
20241106;100932;13.135;2500;11386304489;B
20241106;100932;13.135;100;11386304490;B
20241106;100932;13.135;2400;11386304548;B
20241106;100932;13.135;100;11386304549;B
20241106;100932;13.135;2500;11386304550;B
20241106;100932;13.125;100;11386304551;S
20241106;100932;13.135;300;11386304575;B
20241106;100932;13.14;4100;11386304576;B
20241106;100933;13.12;300;11386304704;S
20241106;100933;13.125;100;11386304824;S
20241106;100933;13.12;200;11386304944;S
20241106;100933;13.12;500;11386304976;S
20241106;100933;13.12;500;11386304977;S
20241106;100934;13.135;100;11386305112;B
20241106;100934;13.14;25000;11386305113;B
20241106;100934;13.14;1000;11386305158;B
20241106;100935;13.125;1400;11386305358;S
20241106;100935;13.125;1400;11386305359;S
20241106;100936;13.12;100;11386305611;S
20241106;100937;13.14;2500;11386305790;B
20241106;100937;13.12;200;11386306003;S
20241106;100937;13.12;100;11386306004;S
20241106;100937;13.14;10000;11386306013;B
20241106;100938;13.14;100;11386306025;B
20241106;100938;13.125;100;11386306069;S
20241106;100938;13.135;500;11386306214;S
20241106;100938;13.125;600;11386306216;S
20241106;100939;13.13;100;11386306437;S
20241106;100940;13.14;500;11386306487;B
20241106;100940;13.14;26800;11386306488;B
20241106;100940;13.14;300;11386306489;B
20241106;100940;13.14;1000;11386306490;B
20241106;100940;13.14;5000;11386306491;B
20241106;100940;13.125;100;11386306585;S
20241106;100940;13.13;600;11386306644;B
20241106;100940;13.125;100;11386306703;S
20241106;100940;13.12;1200;11386306704;S
20241106;100940;13.12;1800;11386306705;S
20241106;100941;13.12;700;11386306887;S
20241106;100942;13.12;100;11386307033;S
20241106;100942;13.125;7000;11386307122;B
20241106;100942;13.135;800;11386307140;B
20241106;100942;13.135;100;11386307141;B
20241106;100943;13.12;300;11386307379;S
20241106;100943;13.12;400;11386307380;S
20241106;100944;13.135;1000;11386307721;B
20241106;100944;13.14;1000;11386307722;B
20241106;100944;13.14;1000;11386307723;B
20241106;100945;13.12;200;11386307927;S
20241106;100945;13.12;200;11386307928;S
20241106;100945;13.12;5000;11386308001;S
20241106;100946;13.125;300;11386308260;S
20241106;100946;13.125;200;11386308261;S
20241106;100947;13.135;2000;11386308319;B
20241106;100947;13.135;1600;11386308341;B
20241106;100947;13.135;1200;11386308342;B
20241106;100947;13.125;1900;11386308496;S
20241106;100947;13.12;4100;11386308497;S
20241106;100948;13.12;100;11386308557;S
20241106;100948;13.12;200;11386308558;S
20241106;100948;13.12;500;11386308780;S
20241106;100948;13.12;400;11386308781;S
20241106;100948;13.12;3000;11386308787;S
20241106;100949;13.13;5000;11386308821;B
20241106;100949;13.125;200;11386309005;B
20241106;100949;13.125;200;11386309009;B
20241106;100949;13.13;200;11386309010;B
20241106;100950;13.125;200;11386309145;B
20241106;100950;13.13;7700;11386309146;B
20241106;100950;13.13;300;11386309147;B
20241106;100950;13.135;8000;11386309148;B
20241106;100950;13.14;3800;11386309149;B
20241106;100950;13.135;5000;11386309164;B
20241106;100950;13.13;1100;11386309395;B
20241106;100950;13.135;3900;11386309396;B
20241106;100951;13.12;1100;11386309448;S
20241106;100951;13.12;2000;11386309581;S
20241106;100951;13.12;500;11386309667;S
20241106;100951;13.12;500;11386309668;S
20241106;100952;13.135;3400;11386309676;B
20241106;100952;13.135;2600;11386309677;B
20241106;100952;13.12;500;11386309957;S
20241106;100952;13.12;400;11386309958;S
20241106;100952;13.135;3000;11386309999;B
20241106;100953;13.12;9900;11386310022;S
20241106;100953;13.12;100;11386310217;S
20241106;100953;13.12;100;11386310303;S
20241106;100953;13.12;200;11386310304;S
20241106;100954;13.12;600;11386310638;S
20241106;100954;13.12;500;11386310639;S
20241106;100955;13.13;1200;11386310751;B
20241106;100955;13.12;300;11386310910;S
20241106;100956;13.12;100;11386310944;S
20241106;100956;13.12;100;11386310945;S
20241106;100957;13.13;200;11386311189;B
20241106;100957;13.13;2000;11386311213;B
20241106;100957;13.12;6700;11386311254;S
20241106;100957;13.12;3300;11386311255;S
20241106;100957;13.125;100;11386311465;B
20241106;100957;13.13;4500;11386311466;B
20241106;100957;13.13;100;11386311467;B
20241106;100958;13.135;100;11386311559;B
20241106;100958;13.13;300;11386311687;S
20241106;100958;13.12;900;11386311688;S
20241106;100958;13.12;500;11386311689;S
20241106;100958;13.12;500;11386311703;S
20241106;100958;13.12;100;11386311707;S
20241106;100959;13.12;700;11386311942;S
20241106;100959;13.13;2500;11386311985;B
20241106;101000;13.12;100;11386312221;S
20241106;101000;13.12;100;11386312276;S
20241106;101001;13.125;100;11386312466;B
20241106;101001;13.13;400;11386312467;B
20241106;101001;13.12;200;11386312497;S
20241106;101002;13.12;2000;11386312723;S
20241106;101003;13.12;200;11386312987;S
20241106;101003;13.12;100;11386312988;S
20241106;101004;13.12;200;11386313254;S
20241106;101004;13.12;200;11386313288;S
20241106;101005;13.12;5000;11386313573;S
20241106;101005;13.125;300;11386313746;B
20241106;101005;13.13;900;11386313747;B
20241106;101005;13.125;300;11386313748;B
20241106;101005;13.13;700;11386313749;B
20241106;101005;13.13;500;11386313750;B
20241106;101005;13.13;3600;11386313751;B
20241106;101005;13.13;200;11386313752;B
20241106;101005;13.135;400;11386313753;B
20241106;101006;13.12;400;11386313973;S
20241106;101006;13.12;300;11386313974;S
20241106;101006;13.135;100;11386314088;B
20241106;101008;13.135;200;11386314599;B
20241106;101009;13.12;1000;11386314905;S
20241106;101009;13.12;100;11386314973;S
20241106;101010;13.12;300;11386315250;S
20241106;101010;13.125;2700;11386315300;B
20241106;101011;13.125;4300;11386315387;B
20241106;101011;13.125;200;11386315388;B
20241106;101011;13.125;7000;11386315389;B
20241106;101011;13.13;100;11386315390;B
20241106;101011;13.13;100;11386315391;B
20241106;101011;13.135;7200;11386315392;B
20241106;101011;13.135;200;11386315393;B
20241106;101011;13.135;800;11386315394;B
20241106;101011;13.135;6200;11386315395;B
20241106;101011;13.135;100;11386315396;B
20241106;101011;13.14;28500;11386315397;B
20241106;101011;13.14;7400;11386315398;B
20241106;101011;13.14;3000;11386315399;B
20241106;101011;13.14;16500;11386315400;B
20241106;101011;13.145;11400;11386315401;B
20241106;101011;13.15;200;11386315402;B
20241106;101011;13.15;6800;11386315403;B
20241106;101011;13.125;2000;11386315430;S
20241106;101011;13.135;2400;11386315515;B
20241106;101011;13.125;5000;11386315524;S
20241106;101012;13.13;3600;11386315585;S
20241106;101012;13.125;3200;11386315589;S
20241106;101012;13.125;1900;11386315590;S
20241106;101012;13.145;2000;11386315757;B
20241106;101013;13.13;400;11386315871;S
20241106;101013;13.13;400;11386315872;S
20241106;101013;13.13;200;11386315876;S
20241106;101013;13.13;100;11386315949;S
20241106;101013;13.13;100;11386316315;S
20241106;101013;13.13;100;11386316316;S
20241106;101014;13.14;100;11386316443;B
20241106;101014;13.14;100;11386316444;B
20241106;101014;13.145;4900;11386316445;B
20241106;101014;13.15;3000;11386316446;B
20241106;101014;13.15;800;11386316448;B
20241106;101014;13.145;400;11386316650;B
20241106;101014;13.15;17600;11386316651;B
20241106;101015;13.14;400;11386316719;B
20241106;101015;13.15;2100;11386316720;B
20241106;101015;13.135;200;11386316910;S
20241106;101015;13.13;200;11386316911;S
20241106;101016;13.14;1200;11386316921;B
20241106;101016;13.145;100;11386316922;B
20241106;101016;13.145;1100;11386316923;B
20241106;101016;13.145;100;11386317270;S
20241106;101017;13.15;500;11386317305;B
20241106;101017;13.15;100;11386317473;B
20241106;101018;13.145;2300;11386317546;S
20241106;101018;13.14;7200;11386317547;S
20241106;101018;13.14;5500;11386317548;S
20241106;101018;13.135;200;11386317849;S
20241106;101018;13.13;900;11386317850;S
20241106;101019;13.13;600;11386317851;S
20241106;101019;13.135;300;11386318017;B
20241106;101022;13.135;100;11386318874;S
20241106;101022;13.135;10000;11386319044;S
20241106;101023;13.135;100;11386319113;S
20241106;101023;13.135;2000;11386319240;S
20241106;101023;13.135;700;11386319268;S
20241106;101024;13.14;5000;11386319295;B
20241106;101024;13.135;500;11386319333;S
20241106;101024;13.135;600;11386319334;S
20241106;101024;13.135;10000;11386319531;S
20241106;101025;13.135;400;11386319620;S
20241106;101025;13.135;400;11386319623;S
20241106;101025;13.135;500;11386319665;S
20241106;101025;13.135;1500;11386319677;S
20241106;101025;13.135;500;11386319827;S
20241106;101025;13.135;600;11386319828;S
20241106;101026;13.135;10000;11386319917;S
20241106;101026;13.135;100;11386320107;S
20241106;101026;13.135;200;11386320109;S
20241106;101027;13.14;4500;11386320223;B
20241106;101027;13.14;100;11386320224;B
20241106;101027;13.14;600;11386320225;B
20241106;101027;13.14;5100;11386320226;B
20241106;101027;13.14;500;11386320253;S
20241106;101027;13.14;500;11386320345;S
20241106;101028;13.14;39500;11386320416;S
20241106;101028;13.14;500;11386320496;S
20241106;101028;13.14;500;11386320512;S
20241106;101028;13.14;600;11386320513;S
20241106;101029;13.145;2000;11386320747;B
20241106;101029;13.14;2200;11386320756;S
20241106;101029;13.14;2200;11386320757;S
20241106;101030;13.145;1200;11386320858;B
20241106;101030;13.14;100;11386320997;S
20241106;101030;13.14;200;11386321005;S
20241106;101031;13.14;100;11386321293;S
20241106;101034;13.14;1300;11386322220;S
20241106;101034;13.135;1200;11386322221;S
20241106;101034;13.145;100;11386322317;B
20241106;101034;13.145;3700;11386322386;B
20241106;101034;13.145;13200;11386322387;B
20241106;101034;13.145;400;11386322388;B
20241106;101034;13.145;5000;11386322389;B
20241106;101034;13.145;200;11386322390;B
20241106;101034;13.15;53600;11386322391;B
20241106;101035;13.135;100;11386322482;S
20241106;101036;13.135;4200;11386322658;S
20241106;101036;13.135;4200;11386322659;S
20241106;101036;13.145;200;11386322919;B
20241106;101036;13.15;2000;11386322920;B
20241106;101036;13.15;10000;11386322980;B
20241106;101037;13.135;100;11386323141;S
20241106;101037;13.135;200;11386323142;S
20241106;101038;13.14;300;11386323248;B
20241106;101038;13.135;500;11386323476;S
20241106;101038;13.135;600;11386323477;S
20241106;101039;13.135;300;11386323664;S
20241106;101039;13.135;400;11386323665;S
20241106;101039;13.135;1500;11386323666;S
20241106;101039;13.13;600;11386323667;S
20241106;101039;13.13;400;11386323668;S
20241106;101039;13.13;200;11386323669;S
20241106;101040;13.125;100;11386323827;S
20241106;101040;13.125;100;11386323828;S
20241106;101040;13.125;200;11386323829;S
20241106;101041;13.125;100;11386324108;B
20241106;101041;13.13;900;11386324109;B
20241106;101042;13.12;100;11386324254;S
20241106;101043;13.12;4000;11386324540;S
20241106;101043;13.12;100;11386324702;S
20241106;101043;13.12;200;11386324739;S
20241106;101043;13.12;200;11386324740;S
20241106;101044;13.125;100;11386324775;B
20241106;101044;13.125;100;11386324776;B
20241106;101044;13.13;2300;11386324777;B
20241106;101044;13.12;1500;11386324806;S
20241106;101044;13.12;200;11386324945;S
20241106;101044;13.12;200;11386324946;S
20241106;101045;13.125;100;11386325065;B
20241106;101045;13.13;200;11386325066;B
20241106;101045;13.13;500;11386325106;B
20241106;101045;13.12;100;11386325229;S
20241106;101046;13.125;100;11386325435;B
20241106;101046;13.13;1500;11386325436;B
20241106;101047;13.12;100;11386325633;S
20241106;101047;13.12;100;11386325634;S
20241106;101047;13.12;3000;11386325765;S
20241106;101047;13.12;600;11386325766;S
20241106;101047;13.12;500;11386325767;S
20241106;101047;13.12;5900;11386325768;S
20241106;101047;13.125;100;11386325806;B
20241106;101047;13.125;600;11386325807;B
20241106;101047;13.13;1200;11386325808;B
20241106;101047;13.13;500;11386325809;B
20241106;101047;13.135;7900;11386325810;B
20241106;101047;13.14;9600;11386325811;B
20241106;101048;13.14;1000;11386326032;S
20241106;101048;13.14;1100;11386326033;S
20241106;101049;13.14;2000;11386326060;S
20241106;101049;13.145;200;11386326066;B
20241106;101049;13.14;100;11386326259;S
20241106;101049;13.14;100;11386326260;S
20241106;101051;13.14;1000;11386326739;S
20241106;101051;13.145;3000;11386326744;B
20241106;101052;13.14;5000;11386326915;S
20241106;101052;13.14;100;11386326969;S
20241106;101053;13.14;400;11386327249;S
20241106;101053;13.14;500;11386327250;S
20241106;101053;13.14;200;11386327340;S
20241106;101054;13.14;1500;11386327533;S
20241106;101055;13.14;100;11386327710;S
20241106;101055;13.14;100;11386327711;S
20241106;101056;13.14;20000;11386328023;S
20241106;101057;13.14;6900;11386328351;S
20241106;101057;13.14;200;11386328352;S
20241106;101057;13.125;1100;11386328488;S
20241106;101057;13.125;1100;11386328489;S
20241106;101058;13.12;1500;11386328628;S
20241106;101058;13.12;400;11386328709;S
20241106;101058;13.12;400;11386328710;S
20241106;101059;13.12;100;11386328795;S
20241106;101059;13.12;100;11386328796;S
20241106;101102;13.13;100;11386329534;B
20241106;101102;13.14;2200;11386329535;B
20241106;101102;13.14;100;11386329636;S
20241106;101102;13.14;100;11386329641;S
20241106;101102;13.145;800;11386329659;B
20241106;101102;13.145;100;11386329660;B
20241106;101102;13.145;5000;11386329661;B
20241106;101102;13.145;100;11386329662;B
20241106;101102;13.145;200;11386329663;B
20241106;101102;13.15;30000;11386329664;B
20241106;101103;13.14;100;11386329796;S
20241106;101103;13.14;200;11386330008;S
20241106;101103;13.14;2000;11386330011;S
20241106;101103;13.14;200;11386330012;S
20241106;101103;13.13;1900;11386330013;S
20241106;101104;13.13;200;11386330036;S
20241106;101104;13.13;300;11386330037;S
20241106;101107;13.14;100;11386330818;B
20241106;101107;13.145;100;11386330819;B
20241106;101107;13.145;300;11386330820;B
20241106;101108;13.13;100;11386331100;S
20241106;101108;13.135;100;11386331168;B
20241106;101108;13.145;2200;11386331202;B
20241106;101108;13.145;800;11386331203;B
20241106;101108;13.145;100;11386331204;B
20241106;101108;13.15;36900;11386331205;B
20241106;101109;13.15;5000;11386331255;B
20241106;101109;13.13;2200;11386331383;S
20241106;101109;13.13;2200;11386331384;S
20241106;101110;13.13;200;11386331567;S
20241106;101110;13.13;100;11386331568;S
20241106;101110;13.13;300;11386331569;S
20241106;101111;13.135;100;11386331690;B
20241106;101111;13.14;100;11386331691;B
20241106;101111;13.14;300;11386331692;B
20241106;101111;13.14;100;11386331717;B
20241106;101111;13.13;1000;11386331772;S
20241106;101111;13.13;2500;11386331787;S
20241106;101111;13.13;100;11386331851;S
20241106;101112;13.13;200;11386332142;S
20241106;101112;13.13;200;11386332143;S
20241106;101113;13.135;100;11386332255;B
20241106;101113;13.14;1600;11386332256;B
20241106;101113;13.14;200;11386332257;B
20241106;101113;13.145;100;11386332258;B
20241106;101113;13.145;100;11386332259;B
20241106;101113;13.145;2900;11386332260;B
20241106;101114;13.13;200;11386332451;S
20241106;101114;13.13;300;11386332452;S
20241106;101116;13.14;3000;11386332849;B
20241106;101116;13.14;2000;11386332850;B
20241106;101116;13.14;100;11386332851;B
20241106;101116;13.14;2900;11386332903;S
20241106;101116;13.14;6900;11386332904;S
20241106;101116;13.135;4900;11386332905;S
20241106;101116;13.135;23500;11386332906;S
20241106;101116;13.135;2600;11386332907;S
20241106;101116;13.13;4600;11386332908;S
20241106;101116;13.13;2600;11386332909;S
20241106;101116;13.13;600;11386332910;S
20241106;101116;13.13;1400;11386332911;S
20241106;101117;13.125;300;11386333055;S
20241106;101117;13.125;300;11386333056;S
20241106;101118;13.125;2800;11386333431;S
20241106;101118;13.125;2700;11386333432;S
20241106;101119;13.125;4700;11386333735;S
20241106;101119;13.12;1800;11386333736;S
20241106;101120;13.12;400;11386333902;S
20241106;101120;13.12;400;11386333903;S
20241106;101121;13.12;2000;11386334186;S
20241106;101122;13.12;100;11386334480;S
20241106;101122;13.12;100;11386334482;S
20241106;101123;13.13;100;11386334921;B
20241106;101123;13.13;1400;11386334922;B
20241106;101124;13.12;100;11386335264;S
20241106;101125;13.12;5000;11386335489;S
20241106;101126;13.12;300;11386335684;S
20241106;101126;13.12;300;11386335686;S
20241106;101126;13.12;400;11386335751;S
20241106;101127;13.125;200;11386335946;B
20241106;101127;13.13;8600;11386335947;B
20241106;101127;13.13;100;11386335948;B
20241106;101127;13.13;2800;11386335949;B
20241106;101127;13.135;100;11386335950;B
20241106;101127;13.135;1000;11386335951;B
20241106;101127;13.135;1100;11386335952;B
20241106;101127;13.14;100;11386335953;B
20241106;101127;13.14;11000;11386335954;B
20241106;101127;13.14;1500;11386335955;B
20241106;101127;13.14;300;11386335956;B
20241106;101127;13.14;5000;11386335957;B
20241106;101127;13.14;1000;11386335958;B
20241106;101127;13.14;200;11386335959;B
20241106;101127;13.145;5600;11386335960;B
20241106;101127;13.145;1000;11386335961;B
20241106;101127;13.145;5000;11386335962;B
20241106;101127;13.145;10000;11386335963;B
20241106;101127;13.145;5000;11386335964;B
20241106;101127;13.145;200;11386335965;B
20241106;101127;13.145;900;11386335966;B
20241106;101127;13.15;100;11386336002;B
20241106;101128;13.145;3400;11386336145;S
20241106;101128;13.145;3400;11386336147;S
20241106;101129;13.145;4000;11386336253;S
20241106;101129;13.15;1200;11386336310;B
20241106;101129;13.145;3400;11386336327;S
20241106;101130;13.145;200;11386336467;S
20241106;101130;13.145;200;11386336468;S
20241106;101130;13.145;300;11386336690;S
20241106;101130;13.145;300;11386336691;S
20241106;101131;13.145;200;11386336707;S
20241106;101134;13.145;500;11386337740;S
20241106;101137;13.145;200;11386338505;S
20241106;101138;13.15;10000;11386338555;B
20241106;101138;13.145;100;11386338697;S
20241106;101138;13.145;100;11386338701;S
20241106;101139;13.145;500;11386338958;S
20241106;101139;13.145;600;11386338959;S
20241106;101142;13.145;2500;11386339511;S
20241106;101142;13.15;500;11386339548;B
20241106;101142;13.15;400;11386339549;B
20241106;101142;13.145;200;11386339567;S
20241106;101142;13.145;9200;11386339625;S
20241106;101142;13.14;5400;11386339626;S
20241106;101142;13.135;2400;11386339627;S
20241106;101142;13.135;200;11386339714;S
20241106;101142;13.135;100;11386339715;S
20241106;101144;13.135;1000;11386340061;S
20241106;101144;13.135;1000;11386340062;S
20241106;101148;13.135;2000;11386340805;S
20241106;101148;13.135;700;11386340846;S
20241106;101148;13.135;5000;11386340847;S
20241106;101148;13.135;900;11386340848;S
20241106;101148;13.135;700;11386340978;B
20241106;101148;13.13;100;11386341031;S
20241106;101148;13.13;100;11386341032;S
20241106;101149;13.135;2700;11386341212;B
20241106;101149;13.135;400;11386341213;B
20241106;101149;13.14;400;11386341214;B
20241106;101149;13.145;1000;11386341215;B
20241106;101149;13.145;4700;11386341216;B
20241106;101149;13.145;5800;11386341217;B
20241106;101149;13.145;600;11386341284;B
20241106;101150;13.135;800;11386341394;B
20241106;101150;13.14;800;11386341395;B
20241106;101150;13.14;2000;11386341396;B
20241106;101150;13.145;5000;11386341397;B
20241106;101150;13.145;1400;11386341398;B
20241106;101150;13.13;300;11386341683;S
20241106;101150;13.125;500;11386341684;S
20241106;101150;13.125;200;11386341685;S
20241106;101151;13.14;100;11386341851;S
20241106;101152;13.145;7600;11386341987;B
20241106;101152;13.145;2400;11386341988;B
20241106;101152;13.145;500;11386342137;B
20241106;101153;13.14;500;11386342288;S
20241106;101153;13.14;600;11386342289;S
20241106;101153;13.14;3300;11386342298;S
20241106;101153;13.135;5000;11386342299;S
20241106;101153;13.13;7100;11386342300;S
20241106;101153;13.13;3000;11386342301;S
20241106;101153;13.13;8000;11386342302;S
20241106;101153;13.125;1200;11386342303;S
20241106;101153;13.125;1100;11386342304;S
20241106;101153;13.125;200;11386342305;S
20241106;101153;13.125;3000;11386342306;S
20241106;101153;13.125;12600;11386342307;S
20241106;101153;13.12;700;11386342308;S
20241106;101153;13.12;100;11386342309;S
20241106;101153;13.12;2000;11386342310;S
20241106;101153;13.12;2300;11386342311;S
20241106;101153;13.12;100;11386342312;S
20241106;101153;13.12;10000;11386342313;S
20241106;101153;13.12;2000;11386342314;S
20241106;101153;13.12;10000;11386342315;S
20241106;101153;13.12;200;11386342316;S
20241106;101153;13.12;8100;11386342317;S
20241106;101154;13.12;100;11386342665;S
20241106;101155;13.12;4400;11386342951;S
20241106;101155;13.12;4400;11386342953;S
20241106;101155;13.12;100;11386343047;S
20241106;101156;13.12;100;11386343260;S
20241106;101159;13.13;500;11386343921;B
20241106;101200;13.13;100;11386344088;B
20241106;101200;13.12;1000;11386344097;S
20241106;101200;13.12;200;11386344227;S
20241106;101201;13.12;100;11386344361;S
20241106;101201;13.13;1800;11386344416;B
20241106;101201;13.12;29400;11386344531;S
20241106;101202;13.12;200;11386344611;S
20241106;101202;13.12;100;11386344612;S
20241106;101202;13.12;1000;11386345089;S
20241106;101203;13.12;800;11386345131;S
20241106;101203;13.12;800;11386345132;S
20241106;101203;13.12;200;11386345133;S
20241106;101203;13.11;100;11386345134;S
20241106;101203;13.11;1000;11386345135;S
20241106;101203;13.105;300;11386345136;S
20241106;101203;13.105;100;11386345395;S
20241106;101204;13.13;500;11386345636;B
20241106;101205;13.11;100;11386345809;S
20241106;101206;13.11;100;11386346071;S
20241106;101209;13.11;2700;11386346685;S
20241106;101209;13.105;100;11386346686;S
20241106;101209;13.105;500;11386346687;S
20241106;101209;13.105;1600;11386346688;S
20241106;101210;13.1;100;11386346937;S
20241106;101210;13.1;100;11386346938;S
20241106;101210;13.1;300;11386346939;S
20241106;101210;13.105;2000;11386346987;S
20241106;101210;13.13;1000;11386347229;B
20241106;101210;13.13;8000;11386347230;B
20241106;101210;13.13;200;11386347231;B
20241106;101210;13.13;200;11386347232;B
20241106;101210;13.135;18300;11386347233;B
20241106;101210;13.135;100;11386347234;B
20241106;101210;13.14;500;11386347235;B
20241106;101210;13.14;10000;11386347236;B
20241106;101210;13.145;27500;11386347237;B
20241106;101210;13.145;2000;11386347238;B
20241106;101210;13.145;5000;11386347239;B
20241106;101210;13.145;1000;11386347240;B
20241106;101210;13.145;5000;11386347241;B
20241106;101210;13.145;100;11386347242;B
20241106;101210;13.145;2000;11386347243;B
20241106;101210;13.145;5000;11386347244;B
20241106;101210;13.15;3100;11386347245;B
20241106;101211;13.13;4900;11386347513;S
20241106;101211;13.13;4900;11386347514;S
20241106;101213;13.13;100;11386348234;S
20241106;101213;13.125;5000;11386348298;S
20241106;101214;13.145;700;11386348382;B
20241106;101214;13.125;300;11386348540;S
20241106;101214;13.125;300;11386348541;S
20241106;101214;13.125;200;11386348545;S
20241106;101215;13.125;4200;11386348625;S
20241106;101215;13.12;200;11386348626;S
20241106;101215;13.12;1600;11386348627;S
20241106;101215;13.12;5000;11386348628;S
20241106;101215;13.12;4500;11386348629;S
20241106;101215;13.12;13700;11386348630;S
20241106;101215;13.115;800;11386348631;S
20241106;101215;13.115;100;11386348758;S
20241106;101216;13.115;1600;11386349136;S
20241106;101216;13.115;1700;11386349137;S
20241106;101217;13.115;800;11386349268;S
20241106;101217;13.11;500;11386349269;S
20241106;101217;13.11;3700;11386349270;S
20241106;101217;13.105;300;11386349455;S
20241106;101217;13.105;300;11386349456;S
20241106;101218;13.105;1900;11386350068;S
20241106;101218;13.105;3100;11386350069;S
20241106;101219;13.105;300;11386350344;S
20241106;101219;13.105;200;11386350345;S
20241106;101220;13.125;200;11386350602;B
20241106;101220;13.13;200;11386350603;B
20241106;101221;13.105;100;11386350787;S
20241106;101225;13.105;100;11386352007;S
20241106;101225;13.13;300;11386352020;B
20241106;101225;13.13;3000;11386352062;B
20241106;101226;13.11;100;11386352118;S
20241106;101226;13.105;100;11386352254;S
20241106;101226;13.105;200;11386352352;S
20241106;101226;13.105;200;11386352353;S
20241106;101228;13.13;700;11386353057;B
20241106;101228;13.135;200;11386353058;B
20241106;101228;13.135;100;11386353059;B
20241106;101228;13.135;900;11386353087;B
20241106;101229;13.135;500;11386353116;B
20241106;101229;13.11;100;11386353392;S
20241106;101230;13.11;100;11386353541;B
20241106;101230;13.115;500;11386353699;B
20241106;101231;13.11;100;11386354060;S
20241106;101232;13.11;100;11386354235;S
20241106;101232;13.105;4100;11386354236;S
20241106;101233;13.12;200;11386354459;B
20241106;101233;13.13;800;11386354460;B
20241106;101233;13.1;300;11386354468;S
20241106;101234;13.105;100;11386354694;S
20241106;101234;13.13;100;11386355047;B
20241106;101234;13.11;2600;11386355098;S
20241106;101234;13.105;1800;11386355099;S
20241106;101234;13.105;600;11386355100;S
20241106;101235;13.11;8200;11386355133;S
20241106;101235;13.11;200;11386355247;S
20241106;101235;13.11;300;11386355248;S
20241106;101237;13.11;500;11386355997;S
20241106;101237;13.11;400;11386356002;S
20241106;101238;13.125;600;11386356506;B
20241106;101238;13.125;400;11386356507;B
20241106;101239;13.115;100;11386356876;S
20241106;101242;13.12;100;11386357479;S
20241106;101242;13.115;1400;11386357480;S
20241106;101242;13.115;400;11386357481;S
20241106;101242;13.11;600;11386357482;S
20241106;101242;13.11;100;11386357719;S
20241106;101242;13.11;200;11386357720;S
20241106;101245;13.115;200;11386358281;B
20241106;101245;13.11;300;11386358325;S
20241106;101246;13.11;100;11386358628;S
20241106;101248;13.11;1900;11386358977;S
20241106;101248;13.11;900;11386358978;S
20241106;101248;13.11;900;11386358979;S
20241106;101248;13.105;2000;11386358980;S
20241106;101248;13.105;900;11386358981;S
20241106;101248;13.1;300;11386359138;S
20241106;101248;13.1;1500;11386359139;S
20241106;101248;13.1;100;11386359140;S
20241106;101248;13.1;4000;11386359141;S
20241106;101248;13.1;2000;11386359142;S
20241106;101248;13.1;400;11386359143;S
20241106;101248;13.1;100;11386359144;S
20241106;101248;13.1;10000;11386359145;S
20241106;101248;13.09;1000;11386359146;S
20241106;101248;13.09;600;11386359147;S
20241106;101248;13.09;500;11386359151;S
20241106;101248;13.09;400;11386359152;S
20241106;101249;13.09;400;11386359295;S
20241106;101249;13.09;300;11386359296;S
20241106;101251;13.09;1200;11386359782;S
20241106;101251;13.09;1100;11386359786;S
20241106;101251;13.09;4600;11386359867;S
20241106;101251;13.09;400;11386359868;S
20241106;101251;13.09;1000;11386359889;S
20241106;101252;13.085;100;11386360068;S
20241106;101252;13.085;900;11386360069;S
20241106;101252;13.085;400;11386360140;S
20241106;101252;13.085;300;11386360169;S
20241106;101252;13.085;300;11386360170;S
20241106;101253;13.085;200;11386360377;S
20241106;101253;13.085;100;11386360379;S
20241106;101253;13.105;8100;11386360391;B
20241106;101253;13.105;200;11386360392;B
20241106;101253;13.11;1300;11386360393;B
20241106;101253;13.11;2900;11386360394;B
20241106;101253;13.09;2900;11386360453;S
20241106;101253;13.09;1500;11386360454;S
20241106;101253;13.09;1300;11386360455;S
20241106;101253;13.09;2000;11386360456;S
20241106;101253;13.085;3400;11386360457;S
20241106;101253;13.085;4300;11386360458;S
20241106;101253;13.085;1300;11386360459;S
20241106;101253;13.085;1900;11386360460;S
20241106;101254;13.085;600;11386360579;S
20241106;101254;13.085;700;11386360582;S
20241106;101255;13.085;200;11386360756;S
20241106;101255;13.085;900;11386360757;S
20241106;101255;13.085;1000;11386360758;S
20241106;101306;13.085;500;11386363531;S
20241106;101306;13.085;100;11386363532;S
20241106;101306;13.095;1000;11386363559;B
20241106;101306;13.085;1000;11386363561;S
20241106;101306;13.095;500;11386363564;B
20241106;101306;13.095;100;11386363565;B
20241106;101306;13.1;400;11386363566;B
20241106;101307;13.08;800;11386363767;S
20241106;101307;13.08;200;11386363910;S
20241106;101307;13.08;100;11386363911;S
20241106;101308;13.08;100;11386364043;S
20241106;101308;13.08;2000;11386364087;S
20241106;101308;13.1;1000;11386364088;B
20241106;101308;13.08;2000;11386364093;S
20241106;101308;13.1;600;11386364094;B
20241106;101308;13.1;1400;11386364095;B
20241106;101308;13.1;2000;11386364106;B
20241106;101308;13.08;100;11386364107;S
20241106;101308;13.08;1000;11386364108;S
20241106;101308;13.08;900;11386364109;S
20241106;101308;13.1;600;11386364113;B
20241106;101308;13.1;100;11386364114;B
20241106;101308;13.105;1300;11386364115;B
20241106;101308;13.08;1100;11386364116;S
20241106;101308;13.08;700;11386364117;S
20241106;101308;13.08;200;11386364118;S
20241106;101308;13.085;300;11386364125;S
20241106;101308;13.08;1700;11386364126;S
20241106;101308;13.105;200;11386364146;B
20241106;101309;13.085;100;11386364236;S
20241106;101309;13.09;1000;11386364241;B
20241106;101309;13.09;1000;11386364244;B
20241106;101309;13.09;1000;11386364245;B
20241106;101309;13.08;100;11386364316;S
20241106;101309;13.08;2000;11386364317;S
20241106;101309;13.08;4500;11386364318;S
20241106;101309;13.075;7400;11386364319;S
20241106;101309;13.085;100;11386364336;B
20241106;101310;13.075;800;11386364389;S
20241106;101310;13.075;800;11386364390;S
20241106;101310;13.075;2000;11386364473;S
20241106;101310;13.09;1000;11386364478;B
20241106;101310;13.09;2000;11386364480;B
20241106;101310;13.08;1000;11386364481;S
20241106;101310;13.08;1000;11386364482;S
20241106;101310;13.08;1000;11386364487;S
20241106;101310;13.08;1000;11386364488;S
20241106;101310;13.09;1000;11386364489;B
20241106;101310;13.09;1000;11386364490;B
20241106;101310;13.08;2000;11386364491;S
20241106;101310;13.09;900;11386364495;B
20241106;101310;13.09;1100;11386364496;B
20241106;101310;13.08;1100;11386364497;S
20241106;101310;13.075;900;11386364498;S
20241106;101310;13.075;2000;11386364508;S
20241106;101311;13.075;700;11386364685;S
20241106;101311;13.075;700;11386364686;S
20241106;101312;13.075;200;11386364977;S
20241106;101312;13.075;300;11386364982;S
20241106;101313;13.075;200;11386365365;S
20241106;101314;13.08;1000;11386365460;B
20241106;101314;13.08;1000;11386365469;B
20241106;101314;13.08;1000;11386365489;B
20241106;101315;13.08;2400;11386365788;B
20241106;101315;13.075;100;11386365849;S
20241106;101316;13.075;200;11386366092;S
20241106;101316;13.075;300;11386366093;S
20241106;101316;13.08;1800;11386366275;B
20241106;101316;13.09;8000;11386366276;B
20241106;101316;13.09;200;11386366277;B
20241106;101317;13.075;600;11386366446;S
20241106;101317;13.075;500;11386366455;S
20241106;101319;13.075;2000;11386366996;S
20241106;101319;13.09;1000;11386366997;B
20241106;101319;13.09;700;11386366998;B
20241106;101319;13.09;100;11386366999;B
20241106;101319;13.095;1200;11386367000;B
20241106;101319;13.08;2000;11386367001;S
20241106;101319;13.08;2000;11386367005;S
20241106;101319;13.09;100;11386367034;B
20241106;101319;13.09;1900;11386367035;B
20241106;101319;13.08;2000;11386367039;S
20241106;101319;13.09;2000;11386367044;B
20241106;101319;13.08;2000;11386367048;S
20241106;101319;13.09;100;11386367084;B
20241106;101319;13.09;500;11386367085;B
20241106;101319;13.095;1400;11386367086;B
20241106;101319;13.08;2000;11386367089;S
20241106;101319;13.095;2000;11386367090;B
20241106;101319;13.09;500;11386367096;B
20241106;101319;13.095;400;11386367097;B
20241106;101319;13.095;1100;11386367098;B
20241106;101319;13.08;2000;11386367099;S
20241106;101319;13.08;2000;11386367102;S
20241106;101320;13.075;800;11386367353;S
20241106;101320;13.075;900;11386367354;S
20241106;101321;13.08;100;11386367552;S
20241106;101321;13.08;100;11386367554;S
20241106;101321;13.09;1800;11386367783;B
20241106;101322;13.08;100;11386367944;S
20241106;101322;13.08;100;11386367946;S
20241106;101323;13.08;4600;11386368163;S
20241106;101323;13.08;400;11386368164;S
20241106;101323;13.075;300;11386368409;S
20241106;101323;13.075;300;11386368410;S
20241106;101324;13.075;100;11386368669;S
20241106;101326;13.075;2000;11386369055;S
20241106;101326;13.075;100;11386369395;S
20241106;101326;13.075;100;11386369396;S
20241106;101327;13.09;2000;11386369525;B
20241106;101327;13.075;1700;11386369532;S
20241106;101327;13.075;500;11386369533;S
20241106;101327;13.075;1200;11386369534;S
20241106;101327;13.075;3700;11386369589;S
20241106;101327;13.075;2000;11386369590;S
20241106;101327;13.075;1900;11386369591;S
20241106;101328;13.07;100;11386369693;S
20241106;101328;13.07;100;11386369694;S
20241106;101328;13.075;3900;11386369777;S
20241106;101328;13.075;500;11386369778;S
20241106;101328;13.075;1900;11386369779;S
20241106;101328;13.07;300;11386369780;S
20241106;101328;13.07;9900;11386369781;S
20241106;101329;13.07;600;11386369939;S
20241106;101329;13.07;600;11386369940;S
20241106;101329;13.07;800;11386370020;S
20241106;101329;13.07;400;11386370021;S
20241106;101330;13.07;1000;11386370072;S
20241106;101330;13.07;900;11386370073;S
20241106;101330;13.07;200;11386370212;S
20241106;101330;13.07;400;11386370213;S
20241106;101331;13.07;100;11386370246;S
20241106;101331;13.07;900;11386370397;S
20241106;101331;13.07;100;11386370456;S
20241106;101332;13.07;400;11386370741;S
20241106;101332;13.07;100;11386370772;S
20241106;101333;13.07;200;11386370986;S
20241106;101333;13.085;2000;11386371038;B
20241106;101333;13.075;200;11386371110;S
20241106;101334;13.075;200;11386371295;S
20241106;101334;13.075;100;11386371302;S
20241106;101334;13.075;100;11386371416;S
20241106;101335;13.085;500;11386371592;B
20241106;101335;13.085;7500;11386371593;B
20241106;101336;13.08;400;11386371713;B
20241106;101336;13.085;1600;11386371714;B
20241106;101336;13.075;100;11386371723;S
20241106;101336;13.075;400;11386371724;S
20241106;101337;13.075;100;11386371911;S
20241106;101337;13.075;100;11386371935;S
20241106;101337;13.075;100;11386371936;S
20241106;101338;13.075;1000;11386372296;S
20241106;101339;13.075;100;11386372502;S
20241106;101340;13.075;400;11386373031;S
20241106;101341;13.085;100;11386373094;B
20241106;101343;13.075;6400;11386373820;S
20241106;101343;13.075;20600;11386373821;S
20241106;101344;13.075;1500;11386374115;S
20241106;101344;13.075;1100;11386374116;S
20241106;101344;13.075;400;11386374117;S
20241106;101344;13.075;400;11386374184;S
20241106;101344;13.07;8300;11386374185;S
20241106;101344;13.07;1300;11386374186;S
20241106;101345;13.07;600;11386374512;S
20241106;101345;13.07;500;11386374513;S
20241106;101345;13.085;2000;11386374558;B
20241106;101346;13.07;100;11386374808;S
20241106;101346;13.07;200;11386374809;S
20241106;101347;13.075;100;11386375132;B
20241106;101347;13.085;5900;11386375133;B
20241106;101347;13.085;8000;11386375134;B
20241106;101347;13.085;6800;11386375135;B
20241106;101347;13.09;200;11386375136;B
20241106;101347;13.09;500;11386375137;B
20241106;101347;13.09;3000;11386375138;B
20241106;101347;13.09;6800;11386375139;B
20241106;101347;13.09;18500;11386375140;B
20241106;101347;13.095;10000;11386375141;B
20241106;101347;13.095;5000;11386375142;B
20241106;101347;13.095;3000;11386375143;B
20241106;101347;13.1;200;11386375144;B
20241106;101348;13.085;400;11386375307;B
20241106;101348;13.075;3800;11386375357;S
20241106;101348;13.075;1500;11386375358;S
20241106;101348;13.075;1800;11386375359;S
20241106;101349;13.09;100;11386375700;B
20241106;101349;13.095;1800;11386375701;B
20241106;101349;13.1;100;11386375702;B
20241106;101350;13.085;100;11386375908;S
20241106;101350;13.085;100;11386375909;S
20241106;101350;13.085;10000;11386375911;S
20241106;101351;13.08;200;11386376038;S
20241106;101351;13.08;600;11386376147;S
20241106;101351;13.08;600;11386376148;S
20241106;101352;13.08;400;11386376234;S
20241106;101353;13.095;1900;11386376590;B
20241106;101353;13.1;100;11386376591;B
20241106;101353;13.095;1900;11386376648;B
20241106;101354;13.08;100;11386376854;S
20241106;101354;13.08;100;11386376855;S
20241106;101354;13.095;100;11386376901;B
20241106;101354;13.09;100;11386376983;B
20241106;101354;13.095;3700;11386376984;B
20241106;101354;13.09;200;11386377020;B
20241106;101354;13.095;3200;11386377021;B
20241106;101354;13.1;6600;11386377022;B
20241106;101355;13.08;800;11386377224;S
20241106;101355;13.08;700;11386377225;S
20241106;101356;13.085;100;11386377516;B
20241106;101356;13.095;600;11386377517;B
20241106;101357;13.095;100;11386377572;B
20241106;101357;13.095;1600;11386377585;B
20241106;101357;13.095;100;11386377586;B
20241106;101357;13.1;13500;11386377587;B
20241106;101358;13.085;100;11386377778;S
20241106;101358;13.08;800;11386377779;S
20241106;101358;13.08;700;11386377780;S
20241106;101359;13.095;1700;11386377954;B
20241106;101359;13.095;100;11386378168;S
20241106;101359;13.095;100;11386378170;S
20241106;101400;13.095;100;11386378301;S
20241106;101400;13.095;1000;11386378321;S
20241106;101400;13.085;8000;11386378322;S
20241106;101400;13.08;1000;11386378323;S
20241106;101400;13.08;200;11386378324;S
20241106;101400;13.08;8000;11386378325;S
20241106;101400;13.08;4300;11386378326;S
20241106;101401;13.085;1200;11386378497;S
20241106;101401;13.085;1300;11386378498;S
20241106;101401;13.085;2500;11386378612;S
20241106;101402;13.085;100;11386378664;B
20241106;101402;13.085;2000;11386378678;B
20241106;101402;13.08;100;11386378739;S
20241106;101402;13.08;200;11386378740;S
20241106;101404;13.085;2000;11386379064;B
20241106;101404;13.085;500;11386379066;B
20241106;101405;13.08;200;11386379239;S
20241106;101405;13.08;200;11386379240;S
20241106;101405;13.08;100;11386379241;S
20241106;101405;13.085;22900;11386379294;B
20241106;101405;13.085;7100;11386379295;B
20241106;101405;13.085;2000;11386379296;B
20241106;101405;13.09;100;11386379297;B
20241106;101405;13.095;100;11386379298;B
20241106;101405;13.095;8000;11386379299;B
20241106;101405;13.095;100;11386379300;B
20241106;101405;13.095;100;11386379301;B
20241106;101405;13.095;3000;11386379302;B
20241106;101405;13.095;200;11386379303;B
20241106;101405;13.095;3000;11386379304;B
20241106;101405;13.095;5000;11386379305;B
20241106;101405;13.095;9600;11386379306;B
20241106;101405;13.1;9200;11386379307;B
20241106;101406;13.095;200;11386379661;B
20241106;101406;13.09;1000;11386379708;S
20241106;101406;13.085;2000;11386379709;S
20241106;101406;13.085;1000;11386379710;B
20241106;101406;13.08;1400;11386379711;S
20241106;101406;13.08;1500;11386379712;S
20241106;101406;13.08;700;11386379713;S
20241106;101406;13.095;1000;11386379714;B
20241106;101407;13.08;100;11386379933;S
20241106;101407;13.08;100;11386379936;S
20241106;101407;13.09;500;11386379939;B
20241106;101407;13.09;1500;11386379955;B
20241106;101407;13.095;500;11386379956;B
20241106;101408;13.085;100;11386380166;S
20241106;101408;13.085;100;11386380167;S
20241106;101408;13.095;300;11386380233;B
20241106;101409;13.085;100;11386380423;S
20241106;101411;13.095;200;11386380854;B
20241106;101411;13.095;900;11386380855;B
20241106;101412;13.085;100;11386381045;S
20241106;101414;13.09;2000;11386381490;S
20241106;101414;13.095;1100;11386381491;B
20241106;101414;13.095;900;11386381492;B
20241106;101414;13.09;2000;11386381498;S
20241106;101415;13.085;100;11386381669;S
20241106;101415;13.085;100;11386381701;S
20241106;101415;13.085;100;11386381702;S
20241106;101416;13.085;200;11386381844;S
20241106;101416;13.085;300;11386381845;S
20241106;101417;13.095;100;11386382128;B
20241106;101419;13.095;100;11386382328;B
20241106;101419;13.095;100;11386382329;B
20241106;101420;13.085;600;11386382604;S
20241106;101421;13.085;100;11386382730;S
20241106;101422;13.095;100;11386382867;B
20241106;101423;13.085;400;11386383095;S
20241106;101424;13.085;100;11386383271;S
20241106;101428;13.095;4800;11386384250;B
20241106;101428;13.095;500;11386384251;B
20241106;101428;13.095;500;11386384252;B
20241106;101428;13.095;2000;11386384253;B
20241106;101428;13.1;10200;11386384254;B
20241106;101428;13.085;1000;11386384437;S
20241106;101428;13.085;1000;11386384438;S
20241106;101429;13.1;200;11386384476;B
20241106;101429;13.1;2600;11386384629;B
20241106;101430;13.09;100;11386384667;S
20241106;101431;13.09;100;11386384854;S
20241106;101431;13.09;100;11386384855;S
20241106;101433;13.09;1700;11386385390;S
20241106;101434;13.09;100;11386385543;S
20241106;101434;13.09;100;11386385544;S
20241106;101436;13.09;1500;11386385914;S
20241106;101436;13.09;100;11386386115;S
20241106;101436;13.09;100;11386386116;S
20241106;101440;13.095;100;11386386644;B
20241106;101441;13.09;100;11386386914;S
20241106;101442;13.095;1000;11386387409;B
20241106;101442;13.095;900;11386387433;B
20241106;101442;13.095;100;11386387434;B
20241106;101443;13.09;100;11386387592;S
20241106;101443;13.095;200;11386387633;B
20241106;101443;13.095;500;11386387634;B
20241106;101444;13.095;100;11386387744;B
20241106;101444;13.095;100;11386387890;S
20241106;101445;13.1;7300;11386387908;B
20241106;101445;13.095;800;11386387937;S
20241106;101445;13.095;200;11386387938;S
20241106;101445;13.095;400;11386388074;S
20241106;101445;13.095;400;11386388075;S
20241106;101446;13.095;10000;11386388344;S
20241106;101447;13.1;1000;11386388483;B
20241106;101447;13.095;100;11386388512;S
20241106;101447;13.095;600;11386388543;S
20241106;101447;13.095;700;11386388544;S
20241106;101448;13.095;100;11386388706;S
20241106;101449;13.095;400;11386389019;S
20241106;101449;13.095;600;11386389020;S
20241106;101450;13.095;400;11386389126;S
20241106;101450;13.095;7100;11386389127;S
20241106;101450;13.095;100;11386389165;S
20241106;101451;13.1;10000;11386389280;B
20241106;101451;13.095;100;11386389390;S
20241106;101451;13.095;400;11386389393;S
20241106;101451;13.095;400;11386389394;S
20241106;101452;13.095;500;11386389601;S
20241106;101452;13.095;600;11386389602;S
20241106;101453;13.095;2200;11386389704;S
20241106;101453;13.09;200;11386389705;S
20241106;101453;13.09;5000;11386389706;S
20241106;101453;13.09;3000;11386389707;S
20241106;101453;13.09;20200;11386389708;S
20241106;101454;13.095;1700;11386389885;S
20241106;101454;13.095;1700;11386389888;S
20241106;101501;13.1;7000;11386391881;B
20241106;101502;13.095;1500;11386392137;S
20241106;101502;13.09;21100;11386392138;S
20241106;101502;13.09;100;11386392139;S
20241106;101502;13.09;1600;11386392140;S
20241106;101502;13.09;4800;11386392141;S
20241106;101502;13.09;10000;11386392142;S
20241106;101502;13.085;400;11386392206;S
20241106;101502;13.085;400;11386392221;S
20241106;101502;13.09;500;11386392242;B
20241106;101503;13.085;800;11386392460;S
20241106;101503;13.085;1400;11386392461;S
20241106;101503;13.085;2200;11386392462;S
20241106;101503;13.09;400;11386392539;B
20241106;101504;13.085;100;11386392819;S
20241106;101504;13.085;500;11386392866;S
20241106;101505;13.09;1100;11386393117;B
20241106;101506;13.085;2000;11386393295;S
20241106;101506;13.085;1400;11386393412;S
20241106;101506;13.085;500;11386393413;S
20241106;101506;13.085;100;11386393414;S
20241106;101506;13.085;100;11386393438;S
20241106;101506;13.09;200;11386393481;B
20241106;101506;13.085;500;11386393496;S
20241106;101507;13.085;200;11386393808;S
20241106;101507;13.085;300;11386393810;S
20241106;101508;13.085;100;11386394132;S
20241106;101514;13.085;500;11386396832;S
20241106;101514;13.085;3600;11386397103;S
20241106;101515;13.09;400;11386397266;B
20241106;101515;13.085;3400;11386397493;S
20241106;101515;13.085;200;11386397502;S
20241106;101515;13.085;200;11386397503;S
20241106;101515;13.085;800;11386397508;S
