<DATE>;<TIME>;<LAST>;<VOL>;<ID>;<OPER>
20240429;095957;232.2;10;10234282771;B
20240429;095957;232.2;10;10234282772;B
20240429;095957;232.2;20;10234282773;B
20240429;095957;232.2;10;10234282774;B
20240429;095957;232.2;30;10234282775;B
20240429;095957;232.2;10;10234282776;B
20240429;095957;232.2;250;10234282777;B
20240429;095957;232.2;340;10234282778;B
20240429;095957;232.2;150;10234282779;B
20240429;095957;232.2;180;10234282780;B
20240429;095957;232.2;150;10234282781;S
20240429;095957;232.2;70;10234282782;S
20240429;095957;232.2;10;10234282783;S
20240429;095957;232.2;50;10234282784;B
20240429;095957;232.2;20;10234282785;B
20240429;095957;232.2;270;10234282786;B
20240429;095957;232.2;20;10234282787;B
20240429;095957;232.2;10;10234282788;B
20240429;095957;232.2;10;10234282789;B
20240429;095957;232.2;10;10234282790;B
20240429;100000;232.29;120;10234283075;B
20240429;100000;232.29;650;10234283110;B
20240429;100000;232.3;10;10234283111;B
20240429;100000;232.3;10;10234283112;B
20240429;100000;232.4;10;10234283113;B
20240429;100000;232.4;10;10234283114;B
20240429;100000;232.4;10;10234283115;B
20240429;100000;232.48;850;10234283116;B
20240429;100000;232.46;10;10234283297;B
20240429;100000;232.46;10;10234283331;B
20240429;100000;232.45;10;10234283638;B
20240429;100000;232.47;50;10234283704;B
20240429;100001;232.48;10;10234283948;B
20240429;100001;232.46;10;10234284003;S
20240429;100001;232.47;100;10234284125;B
20240429;100001;232.47;760;10234284652;B
20240429;100001;232.48;700;10234284653;B
20240429;100001;232.48;40;10234284654;B
20240429;100001;232.49;130;10234284655;B
20240429;100001;232.49;190;10234284656;B
20240429;100001;232.5;10;10234284657;B
20240429;100001;232.5;20;10234284658;B
20240429;100001;232.5;100;10234284659;B
20240429;100001;232.55;220;10234284660;B
20240429;100001;232.6;20;10234284661;B
20240429;100001;232.6;10;10234284662;B
20240429;100001;232.6;300;10234284663;B
20240429;100001;232.63;770;10234284664;B
20240429;100001;232.68;10;10234284665;B
20240429;100001;232.7;20;10234284666;B
20240429;100001;232.73;200;10234284667;B
20240429;100001;232.79;10;10234284668;B
20240429;100001;232.8;10;10234284669;B
20240429;100001;232.8;20;10234284670;B
20240429;100001;232.8;10;10234284671;B
20240429;100001;232.8;10;10234284672;B
20240429;100001;232.83;740;10234284673;B
20240429;100001;232.72;60;10234285072;B
20240429;100001;232.79;780;10234285073;B
20240429;100001;232.8;770;10234285074;B
20240429;100001;232.8;60;10234285075;B
20240429;100001;232.84;150;10234285076;B
20240429;100001;232.89;40;10234285077;B
20240429;100001;232.9;20;10234285078;B
20240429;100001;232.9;1600;10234285079;B
20240429;100001;232.94;10;10234285080;B
20240429;100001;232.95;40;10234285081;B
20240429;100001;232.96;10;10234285082;B
20240429;100001;232.97;10;10234285083;B
20240429;100001;232.97;520;10234285084;B
20240429;100001;232.98;10;10234285085;B
20240429;100002;232.63;10;10234285255;S
20240429;100002;232.69;10;10234285375;S
20240429;100002;232.73;100;10234285404;S
20240429;100002;232.73;100;10234285406;S
20240429;100002;232.94;770;10234285498;B
20240429;100002;232.95;90;10234285499;B
20240429;100002;232.55;10;10234285621;S
20240429;100002;232.85;50;10234285722;B
20240429;100002;232.88;770;10234285723;B
20240429;100002;232.89;80;10234285724;B
20240429;100002;232.89;10;10234285725;B
20240429;100002;232.89;120;10234285726;B
20240429;100002;232.9;210;10234285727;B
20240429;100002;232.98;190;10234285728;B
20240429;100002;232.98;50;10234285729;B
20240429;100002;232.99;520;10234285730;B
20240429;100002;232.98;10;10234285779;B
20240429;100002;232.68;260;10234285810;S
20240429;100002;232.76;20;10234285971;S
20240429;100003;232.88;770;10234286050;B
20240429;100003;232.89;20;10234286051;B
20240429;100003;232.89;80;10234286052;B
20240429;100003;232.9;130;10234286053;B
20240429;100003;232.76;10;10234286093;S
20240429;100003;232.89;90;10234286150;B
20240429;100003;232.89;50;10234286175;B
20240429;100003;232.76;70;10234286463;S
20240429;100003;232.75;30;10234286464;S
20240429;100005;232.8;10;10234288110;B
20240429;100005;232.87;20;10234288111;B
20240429;100005;232.88;10;10234288292;B
20240429;100005;232.88;10;10234288534;B
20240429;100005;232.87;100;10234288885;S
20240429;100006;232.87;10;10234289592;S
20240429;100006;232.88;20;10234289593;B
20240429;100006;232.81;60;10234289595;S
20240429;100006;232.8;60;10234289596;S
20240429;100006;232.74;10;10234290311;S
20240429;100006;232.72;60;10234290312;S
20240429;100006;232.87;10;10234291441;B
20240429;100006;232.72;60;10234291447;S
20240429;100006;232.72;10;10234291450;S
20240429;100006;232.87;30;10234291522;B
20240429;100006;232.87;50;10234291551;B
20240429;100006;232.88;380;10234291552;B
20240429;100007;232.72;10;10234292584;S
20240429;100007;232.87;10;10234292594;B
20240429;100007;232.72;10;10234292595;S
20240429;100007;232.72;10;10234292677;S
20240429;100007;232.72;10;10234292683;S
20240429;100007;232.72;10;10234293385;S
20240429;100007;232.72;50;10234293426;S
20240429;100007;232.72;10;10234293853;S
20240429;100007;232.72;10;10234293854;S
20240429;100008;232.88;10;10234294731;B
20240429;100008;232.77;60;10234295084;S
20240429;100008;232.76;70;10234295085;S
20240429;100008;232.89;10;10234295089;B
20240429;100008;232.89;30;10234295090;B
20240429;100008;232.89;10;10234295091;B
20240429;100008;232.88;10;10234295549;B
20240429;100008;232.77;60;10234295551;S
20240429;100008;232.76;50;10234295552;S
20240429;100008;232.74;60;10234295553;S
20240429;100008;232.74;390;10234295554;S
20240429;100008;232.73;10;10234295619;S
20240429;100008;232.72;30;10234295956;S
20240429;100008;232.88;10;10234295967;B
20240429;100009;232.72;20;10234296759;S
20240429;100009;232.72;50;10234296868;S
20240429;100009;232.67;50;10234296869;S
20240429;100010;232.88;40;10234297500;B
20240429;100010;232.88;20;10234297501;B
20240429;100016;232.83;30;10234300045;B
20240429;100016;232.84;50;10234300046;B
20240429;100017;232.85;10;10234300664;B
20240429;100020;232.85;40;10234301213;B
20240429;100020;232.86;60;10234301392;B
20240429;100020;232.86;20;10234301393;B
20240429;100020;232.87;10;10234301610;B
20240429;100024;232.87;810;10234302719;B
20240429;100024;232.88;490;10234302720;B
20240429;100024;232.88;40;10234302721;B
20240429;100024;232.88;770;10234302722;B
20240429;100024;232.9;10;10234302723;B
20240429;100024;232.89;770;10234302762;B
20240429;100024;232.9;460;10234302763;B
20240429;100024;232.86;50;10234302765;S
20240429;100024;232.86;340;10234302766;S
20240429;100024;232.85;110;10234302767;S
20240429;100025;232.89;20;10234302927;B
20240429;100025;232.85;430;10234303113;S
20240429;100025;232.89;750;10234303118;B
20240429;100025;232.9;10;10234303155;B
20240429;100027;232.85;200;10234303654;S
20240429;100027;232.85;10;10234303655;S
20240429;100027;232.84;10;10234303656;S
20240429;100029;232.72;10;10234303933;S
20240429;100030;232.84;10;10234304579;B
20240429;100033;232.84;20;10234305239;B
20240429;100038;232.83;30;10234306578;B
20240429;100038;232.84;10;10234306579;B
20240429;100042;232.84;30;10234307507;B
20240429;100042;232.87;60;10234307508;B
20240429;100042;232.87;770;10234307509;B
20240429;100042;232.88;140;10234307510;S
20240429;100043;232.84;20;10234307920;B
20240429;100043;232.87;140;10234307921;B
20240429;100043;232.88;340;10234307922;B
20240429;100043;232.89;50;10234307923;B
20240429;100043;232.9;790;10234307924;B
20240429;100043;232.9;10;10234307925;B
20240429;100043;232.9;50;10234307926;B
20240429;100044;232.75;60;10234308480;S
20240429;100044;232.74;60;10234308481;S
20240429;100044;232.73;40;10234308482;S
20240429;100044;232.73;140;10234308483;B
20240429;100045;232.87;50;10234308575;B
20240429;100046;232.9;60;10234308946;B
20240429;100046;232.91;160;10234308947;B
20240429;100047;232.94;10;10234309060;B
20240429;100047;232.94;20;10234309061;B
20240429;100047;232.97;200;10234309099;B
20240429;100047;232.82;60;10234309116;S
20240429;100047;232.82;60;10234309117;S
20240429;100047;232.79;130;10234309118;S
20240429;100047;232.78;40;10234309119;S
20240429;100047;232.71;520;10234309120;S
20240429;100047;232.7;340;10234309121;S
20240429;100047;232.65;750;10234309122;S
20240429;100048;232.77;10;10234309227;B
20240429;100049;232.63;10;10234309378;S
20240429;100056;232.91;210;10234311387;B
20240429;100057;232.9;60;10234311822;S
20240429;100057;232.84;20;10234311823;S
20240429;100058;232.76;60;10234311978;S
20240429;100058;232.76;30;10234311979;S
20240429;100058;232.75;110;10234311980;S
20240429;100058;232.83;60;10234312120;B
20240429;100058;232.84;40;10234312121;B
20240429;100059;232.86;40;10234312304;B
20240429;100059;232.87;50;10234312305;B
20240429;100059;232.87;60;10234312306;B
20240429;100059;232.88;340;10234312307;B
20240429;100059;232.94;10;10234312308;B
20240429;100059;232.96;10;10234312309;B
20240429;100059;232.97;10;10234312310;B
20240429;100059;232.97;180;10234312311;B
20240429;100103;232.96;10;10234313425;B
20240429;100104;232.82;10;10234313585;B
20240429;100104;232.95;10;10234313586;B
20240429;100104;232.95;30;10234313587;B
20240429;100104;232.96;30;10234313588;B
20240429;100104;232.97;130;10234313589;B
20240429;100104;232.98;10;10234313590;B
20240429;100104;232.98;60;10234313591;B
20240429;100104;232.99;480;10234313592;B
20240429;100104;232.99;10;10234313593;B
20240429;100104;233;600;10234313594;B
20240429;100104;233;100;10234313595;B
20240429;100104;233;10;10234313596;B
20240429;100104;233;20;10234313597;B
20240429;100104;233;10;10234313598;B
20240429;100104;233;10;10234313599;B
20240429;100104;233;270;10234313600;B
20240429;100104;232.78;60;10234313945;S
20240429;100104;232.78;770;10234313946;S
20240429;100104;232.78;30;10234313947;S
20240429;100104;232.78;20;10234313948;S
20240429;100104;232.77;60;10234313949;S
20240429;100104;232.74;120;10234313950;S
20240429;100104;232.66;340;10234313951;S
20240429;100105;232.66;100;10234313959;B
20240429;100105;232.71;520;10234313960;B
20240429;100105;232.72;30;10234313961;B
20240429;100105;232.72;60;10234313962;B
20240429;100105;232.73;340;10234313963;B
20240429;100105;232.74;450;10234313964;B
20240429;100105;232.82;10;10234314165;B
20240429;100109;232.83;110;10234314966;B
20240429;100110;232.82;100;10234315062;B
20240429;100111;232.82;10;10234315291;B
20240429;100115;232.75;60;10234316018;S
20240429;100115;232.75;20;10234316019;S
20240429;100118;232.82;50;10234316995;B
20240429;100118;232.82;470;10234317008;B
20240429;100118;232.82;30;10234317009;B
20240429;100124;232.74;10;10234318467;S
20240429;100126;232.75;70;10234318936;S
20240429;100126;232.77;30;10234319204;B
20240429;100128;232.75;210;10234319631;S
20240429;100129;232.78;4000;10234319793;B
20240429;100129;232.78;40;10234319794;B
20240429;100129;232.78;340;10234319795;B
20240429;100129;232.82;20;10234319796;B
20240429;100129;232.82;4000;10234319797;B
20240429;100129;232.83;60;10234319798;B
20240429;100129;232.98;20;10234319799;B
20240429;100129;232.98;300;10234319800;B
20240429;100129;232.99;100;10234319801;B
20240429;100129;232.99;520;10234319802;B
20240429;100129;233;600;10234319803;B
20240429;100130;232.98;20;10234319884;B
20240429;100135;232.92;150;10234320791;S
20240429;100136;232.94;10;10234320928;B
20240429;100136;232.93;30;10234321041;S
20240429;100136;232.92;50;10234321042;S
20240429;100136;232.9;60;10234321043;S
20240429;100136;232.9;60;10234321044;S
20240429;100136;232.9;170;10234321045;S
20240429;100136;232.88;40;10234321046;S
20240429;100136;232.84;90;10234321047;S
20240429;100145;232.85;50;10234322809;S
20240429;100145;232.84;390;10234322810;S
20240429;100145;232.84;10;10234322848;S
20240429;100146;232.89;50;10234322887;B
20240429;100146;232.9;340;10234322888;B
20240429;100146;232.91;10;10234322889;B
20240429;100146;232.93;60;10234322890;B
20240429;100146;232.93;40;10234322891;B
20240429;100147;232.93;10;10234323124;B
20240429;100148;232.93;30;10234323310;B
20240429;100149;232.91;1000;10234323407;S
20240429;100153;232.86;50;10234324144;B
20240429;100153;232.87;100;10234324145;B
20240429;100155;232.88;30;10234324418;B
20240429;100157;232.84;160;10234324709;S
20240429;100159;232.84;10;10234325009;S
20240429;100201;232.86;20;10234325414;B
20240429;100202;232.87;210;10234325579;B
20240429;100203;232.88;50;10234325838;B
20240429;100203;232.88;50;10234325839;B
20240429;100203;232.89;50;10234325861;B
20240429;100203;232.9;100;10234325893;B
20240429;100203;232.9;100;10234325901;B
20240429;100203;232.9;10;10234325922;B
20240429;100203;232.9;40;10234325923;B
20240429;100203;232.9;100;10234325946;B
20240429;100203;232.9;10;10234325969;B
20240429;100204;232.91;100;10234325986;B
20240429;100204;232.91;100;10234326017;B
20240429;100204;232.91;100;10234326030;B
20240429;100204;232.91;100;10234326042;B
20240429;100204;232.91;100;10234326059;B
20240429;100204;232.91;100;10234326090;B
20240429;100204;232.91;100;10234326104;B
20240429;100204;232.91;100;10234326111;B
20240429;100204;232.91;100;10234326125;B
20240429;100205;232.91;100;10234326154;B
20240429;100205;232.91;100;10234326164;B
20240429;100205;232.91;100;10234326180;B
20240429;100206;232.91;10;10234326343;B
20240429;100208;232.91;170;10234326733;B
20240429;100208;232.91;300;10234326793;B
20240429;100208;232.91;4170;10234326875;B
20240429;100208;232.91;2170;10234326876;B
20240429;100208;232.91;770;10234326877;B
20240429;100208;232.91;210;10234326878;B
20240429;100210;232.94;490;10234327294;B
20240429;100212;232.99;10;10234327677;B
20240429;100212;232.99;10;10234327678;B
20240429;100212;233;20;10234327679;B
20240429;100212;233;10;10234327797;B
20240429;100214;233;150;10234328176;B
20240429;100216;233;10;10234328450;B
20240429;100216;232.99;40;10234328505;B
20240429;100217;232.99;20;10234328685;B
20240429;100217;232.99;10;10234328692;B
20240429;100217;232.99;10;10234328741;B
20240429;100225;232.96;20;10234330434;S
20240429;100226;232.99;20;10234330539;B
20240429;100234;232.99;50;10234332283;B
20240429;100240;233;250;10234333639;B
20240429;100243;232.96;10;10234334006;S
20240429;100245;232.94;10;10234334319;S
20240429;100246;232.92;10;10234334457;S
20240429;100247;232.92;10;10234334584;S
20240429;100247;232.92;10;10234334685;S
20240429;100249;232.94;10;10234335009;S
20240429;100250;232.99;10;10234335257;B
20240429;100250;233;130;10234335258;B
20240429;100251;232.95;10;10234335316;S
20240429;100253;232.94;10;10234335654;S
20240429;100255;232.94;10;10234335933;S
20240429;100256;233;1000;10234336195;B
20240429;100257;232.97;10;10234336314;S
20240429;100300;233;780;10234336693;B
20240429;100300;233;120;10234336694;B
20240429;100300;233;60;10234336695;B
20240429;100300;233;10;10234336696;B
20240429;100300;233;10;10234336697;B
20240429;100300;233;20;10234336698;B
20240429;100300;233;10;10234336699;B
20240429;100300;233;10;10234336700;B
20240429;100300;233;10;10234336701;B
20240429;100300;233;100;10234336702;B
20240429;100300;233;700;10234336703;B
20240429;100300;233;90;10234336704;B
20240429;100300;233;10;10234336705;B
20240429;100300;233.02;10;10234336706;B
20240429;100300;233.03;80;10234336707;B
20240429;100300;233.05;10;10234336708;B
20240429;100300;233.06;60;10234336709;B
20240429;100300;233.07;410;10234336710;B
20240429;100301;233;450;10234336844;S
20240429;100306;233.01;20;10234337606;S
20240429;100307;233;10;10234337800;S
20240429;100307;233;20;10234337801;S
20240429;100310;232.99;10;10234338424;S
20240429;100310;233.06;100;10234338553;B
20240429;100313;232.98;40;10234339078;S
20240429;100315;232.99;10;10234339464;B
20240429;100316;233;10;10234339603;B
20240429;100320;232.97;10;10234340148;S
20240429;100320;232.99;50;10234340166;B
20240429;100324;233;400;10234340745;B
20240429;100327;232.95;10;10234341107;S
20240429;100330;232.94;300;10234341515;S
20240429;100339;232.99;60;10234343096;B
20240429;100340;232.99;10;10234343166;B
20240429;100342;232.98;10;10234343665;B
20240429;100344;232.95;10;10234344401;S
20240429;100344;232.92;60;10234344402;S
20240429;100346;232.9;120;10234344755;S
20240429;100346;232.9;50;10234344756;S
20240429;100346;232.9;30;10234344757;S
20240429;100346;232.88;10;10234344762;S
20240429;100346;232.88;30;10234344763;S
20240429;100346;232.88;70;10234344769;S
20240429;100347;232.85;20;10234344798;S
20240429;100347;232.85;50;10234344799;S
20240429;100347;232.84;640;10234344836;S
20240429;100347;232.82;100;10234344837;S
20240429;100352;232.77;100;10234345448;S
20240429;100352;232.76;40;10234345449;S
20240429;100352;232.75;30;10234345450;S
20240429;100352;232.74;10;10234345451;S
20240429;100352;232.73;20;10234345452;S
20240429;100352;232.72;50;10234345453;S
20240429;100352;232.71;60;10234345454;S
20240429;100352;232.71;10;10234345455;S
20240429;100352;232.7;100;10234345456;S
20240429;100352;232.69;80;10234345457;S
20240429;100354;232.76;90;10234345702;B
20240429;100354;232.77;300;10234345703;B
20240429;100354;232.77;60;10234345704;B
20240429;100354;232.77;60;10234345705;B
20240429;100354;232.78;340;10234345706;B
20240429;100354;232.88;80;10234345707;B
20240429;100354;232.89;870;10234345708;B
20240429;100354;232.89;520;10234345709;B
20240429;100354;232.9;2170;10234345710;B
20240429;100354;232.93;120;10234345711;B
20240429;100354;232.97;640;10234345712;B
20240429;100354;232.99;10;10234345713;B
20240429;100354;232.99;740;10234345714;B
20240429;100355;232.98;500;10234345837;B
20240429;100357;232.78;60;10234346044;S
20240429;100357;232.75;30;10234346045;S
20240429;100358;232.74;20;10234346154;S
20240429;100359;232.84;60;10234346357;B
20240429;100359;232.85;60;10234346358;B
20240429;100359;232.86;60;10234346359;B
20240429;100359;232.87;520;10234346360;B
20240429;100359;232.88;400;10234346361;B
20240429;100359;232.91;340;10234346362;B
20240429;100359;232.97;160;10234346363;B
20240429;100359;232.97;870;10234346364;B
20240429;100359;232.98;360;10234346365;B
20240429;100359;232.98;10;10234346366;B
20240429;100359;232.99;1260;10234346367;B
20240429;100359;233;900;10234346368;B
20240429;100402;232.98;20;10234346653;B
20240429;100405;232.94;520;10234347183;B
20240429;100405;232.95;340;10234347184;B
20240429;100405;232.95;30;10234347185;B
20240429;100405;232.96;60;10234347186;B
20240429;100405;232.97;80;10234347187;B
20240429;100405;233;90;10234347188;B
20240429;100405;233;100;10234347189;B
20240429;100405;233;1500;10234347190;B
20240429;100405;233;50;10234347191;B
20240429;100405;233;10;10234347192;B
20240429;100405;233;1000;10234347193;B
20240429;100405;233;1000;10234347194;B
20240429;100405;233;220;10234347195;B
20240429;100411;232.99;10;10234347802;B
20240429;100412;233;130;10234347867;B
20240429;100412;233.05;40;10234347868;B
20240429;100412;233.06;10;10234347869;B
20240429;100412;233.06;10;10234347870;B
20240429;100412;233.06;10;10234347871;B
20240429;100413;233;20;10234348149;B
20240429;100423;233.05;60;10234349460;B
20240429;100423;233.06;40;10234349461;B
20240429;100426;233.06;10;10234349889;B
20240429;100431;233.03;10;10234350389;S
20240429;100432;233.03;60;10234350515;S
20240429;100432;233.02;10;10234350516;S
20240429;100432;233.02;130;10234350517;S
20240429;100436;233.01;40;10234350957;S
20240429;100436;233;30;10234350958;S
20240429;100436;233.04;10;10234350965;B
20240429;100436;233.05;40;10234350966;B
20240429;100440;233.06;460;10234351387;B
20240429;100440;233.07;540;10234351388;B
20240429;100442;233.02;10;10234351546;S
20240429;100442;233.02;40;10234351547;S
20240429;100442;233.01;20;10234351548;S
20240429;100444;233.06;10;10234351853;S
20240429;100449;233.06;10;10234352370;B
20240429;100450;233.07;50;10234352420;B
20240429;100450;233.07;430;10234352421;B
20240429;100457;233.07;70;10234353256;B
20240429;100457;233.07;10;10234353257;B
20240429;100457;233.07;10;10234353258;B
20240429;100457;233.09;80;10234353259;B
20240429;100457;233.1;40;10234353260;B
20240429;100457;233.1;20;10234353261;B
20240429;100457;233.1;10;10234353262;B
20240429;100457;233.11;10;10234353263;B
20240429;100457;233.11;20;10234353264;B
20240429;100457;233.11;260;10234353265;B
20240429;100457;233.12;50;10234353266;B
20240429;100457;233.13;280;10234353267;B
20240429;100457;233.13;140;10234353271;B
20240429;100457;233.14;80;10234353272;B
20240429;100457;233.14;100;10234353273;B
20240429;100457;233.15;110;10234353274;B
20240429;100503;233.09;50;10234353983;S
20240429;100513;233.07;10;10234355564;S
20240429;100516;233.09;20;10234355921;B
20240429;100517;233.09;10;10234356159;B
20240429;100517;233.09;490;10234356160;B
20240429;100520;233.07;10;10234356563;S
20240429;100521;233.09;80;10234356588;B
20240429;100522;233.09;40;10234356699;B
20240429;100522;233.1;10;10234356700;B
20240429;100522;233.1;350;10234356701;B
20240429;100522;233.1;130;10234356702;B
20240429;100522;233.1;900;10234356703;B
20240429;100522;233.11;80;10234356704;B
20240429;100522;233.13;370;10234356705;B
20240429;100523;233.1;340;10234356902;S
20240429;100523;233.09;160;10234356903;S
20240429;100528;233.13;10;10234357408;B
20240429;100531;233.09;490;10234357743;S
20240429;100531;233.09;90;10234357744;S
20240429;100531;233.09;80;10234357745;S
20240429;100531;233.09;340;10234357746;S
20240429;100533;233.06;10;10234357971;S
20240429;100538;233.07;330;10234358470;S
20240429;100538;233.07;80;10234358471;S
20240429;100538;233.06;90;10234358472;S
20240429;100540;233.08;100;10234358607;B
20240429;100542;233.07;20;10234358836;S
20240429;100542;233.08;10;10234358895;B
20240429;100543;233.08;70;10234359060;B
20240429;100543;233.08;70;10234359083;B
20240429;100545;233.08;80;10234359281;B
20240429;100548;233.09;20;10234359587;B
20240429;100548;233.08;770;10234359601;S
20240429;100552;233.07;10;10234359944;S
20240429;100553;233.07;10;10234359962;S
20240429;100555;233.07;10;10234360191;S
20240429;100557;233.07;10;10234360364;S
20240429;100557;233.07;20;10234360402;S
20240429;100559;233.08;10;10234360671;B
20240429;100603;233.08;220;10234361154;B
20240429;100603;233.09;480;10234361155;B
20240429;100603;233.09;500;10234361156;B
20240429;100603;233.09;80;10234361157;B
20240429;100603;233.11;340;10234361158;B
20240429;100603;233.12;20;10234361159;B
20240429;100603;233.13;30;10234361160;B
20240429;100603;233.13;10;10234361161;B
20240429;100603;233.13;770;10234361162;B
20240429;100603;233.17;10;10234361163;B
20240429;100603;233.17;540;10234361164;B
20240429;100614;233.1;10;10234362494;B
20240429;100614;233.1;20;10234362495;S
20240429;100614;233.1;100;10234362538;S
20240429;100614;233.09;90;10234362539;S
20240429;100614;233.08;80;10234362540;S
20240429;100614;233.08;70;10234362541;S
20240429;100614;233.08;60;10234362542;S
20240429;100614;233.06;100;10234362543;S
20240429;100615;233.08;100;10234362645;S
20240429;100615;233.1;10;10234362655;B
20240429;100615;233.13;80;10234362656;B
20240429;100615;233.14;60;10234362657;B
20240429;100615;233.14;20;10234362658;B
20240429;100616;233.09;60;10234362754;S
20240429;100616;233.08;790;10234362755;S
20240429;100616;233.14;10;10234362808;B
20240429;100617;233.14;100;10234362850;B
20240429;100623;233.11;30;10234363741;S
20240429;100623;233.1;10;10234363742;S
20240429;100623;233.1;60;10234363743;S
20240429;100632;233.15;50;10234364961;B
20240429;100634;233.15;10;10234365108;B
20240429;100637;233.14;10;10234365550;B
20240429;100637;233.13;10;10234365554;S
20240429;100641;233.14;30;10234366021;S
20240429;100642;233.14;50;10234366127;S
20240429;100647;233.16;520;10234366841;B
20240429;100647;233.16;80;10234366842;B
20240429;100648;233.16;520;10234366890;B
20240429;100648;233.17;660;10234366891;B
20240429;100648;233.17;40;10234366892;B
20240429;100648;233.17;280;10234366893;B
20240429;100649;233.17;220;10234367032;B
20240429;100649;233.17;500;10234367033;B
20240429;100652;233.17;20;10234367557;B
20240429;100652;233.17;50;10234367627;B
20240429;100655;233.16;120;10234367970;S
20240429;100655;233.16;80;10234367971;S
20240429;100655;233.14;340;10234367972;S
20240429;100655;233.09;60;10234367973;S
20240429;100655;233.09;20;10234367974;S
20240429;100655;233.08;2070;10234367975;S
20240429;100657;233.09;10;10234368271;S
20240429;100701;233.15;10;10234368884;B
20240429;100706;233.11;10;10234369291;S
20240429;100712;233.1;60;10234370360;B
20240429;100712;233.1;180;10234370361;B
20240429;100713;233.11;10;10234370448;B
20240429;100717;233.1;10;10234370947;S
20240429;100717;233.09;80;10234370948;S
20240429;100717;233.09;160;10234370949;S
20240429;100719;233.11;30;10234371255;B
20240429;100722;233.1;80;10234371619;S
20240429;100722;233.09;240;10234371620;S
20240429;100722;233.08;690;10234371621;S
20240429;100726;233.08;350;10234371986;S
20240429;100726;233.08;50;10234371987;S
20240429;100726;233.07;80;10234371988;S
20240429;100726;233.04;60;10234371989;S
20240429;100726;233.03;10;10234371990;S
20240429;100726;233.01;100;10234371991;S
20240429;100726;233.01;10;10234371992;S
20240429;100726;233.01;140;10234371993;S
20240429;100727;233.06;150;10234372218;B
20240429;100727;233.07;870;10234372219;B
20240429;100727;233.07;180;10234372220;B
20240429;100727;233.08;340;10234372221;B
20240429;100727;233.08;80;10234372222;B
20240429;100727;233.09;3000;10234372223;B
20240429;100727;233.09;60;10234372224;B
20240429;100727;233.09;60;10234372225;B
20240429;100727;233.09;10;10234372226;B
20240429;100727;233.1;10;10234372227;B
20240429;100727;233.1;250;10234372228;B
20240429;100728;233.15;70;10234372314;B
20240429;100728;233.15;420;10234372315;B
20240429;100728;233.15;10;10234372316;B
20240429;100728;233.15;10;10234372321;B
20240429;100728;233.15;10;10234372322;B
20240429;100728;233.16;150;10234372323;B
20240429;100732;233.12;80;10234372715;S
20240429;100732;233.11;20;10234372716;S
20240429;100740;233.15;330;10234373382;B
20240429;100740;233.16;100;10234373383;B
20240429;100740;233.16;10;10234373384;B
20240429;100740;233.17;290;10234373385;B
20240429;100740;233.17;10;10234373386;B
20240429;100740;233.16;20;10234373490;S
20240429;100741;233.16;20;10234373529;S
20240429;100751;233.16;20;10234374486;S
20240429;100752;233.19;10;10234374556;B
20240429;100753;233.19;10;10234374623;B
20240429;100754;233.16;10;10234374752;S
20240429;100756;233.19;10;10234374925;B
20240429;100756;233.19;10;10234374926;B
20240429;100759;233.2;380;10234375239;B
20240429;100759;233.2;120;10234375240;B
20240429;100759;233.2;10;10234375241;B
20240429;100759;233.2;10;10234375242;B
20240429;100759;233.2;10;10234375243;B
20240429;100759;233.2;10;10234375257;S
20240429;100759;233.22;10;10234375375;B
20240429;100759;233.23;10;10234375376;B
20240429;100759;233.25;20;10234375377;B
20240429;100800;233.25;10;10234375519;B
20240429;100803;233.24;30;10234375929;B
20240429;100803;233.24;10;10234375930;B
20240429;100803;233.24;10;10234375931;B
20240429;100803;233.24;10;10234375932;B
20240429;100803;233.24;10;10234375933;B
20240429;100803;233.24;10;10234375934;B
20240429;100803;233.24;10;10234375935;B
20240429;100803;233.25;100;10234375936;B
20240429;100804;233.25;180;10234375942;B
20240429;100807;233.2;10;10234376220;S
20240429;100807;233.2;30;10234376221;B
20240429;100807;233.2;10;10234376222;B
20240429;100807;233.2;20;10234376223;B
20240429;100809;233.25;20;10234376509;B
20240429;100811;233.19;20;10234376655;S
20240429;100811;233.19;80;10234376656;S
20240429;100811;233.17;60;10234376657;S
20240429;100811;233.17;60;10234376658;S
20240429;100811;233.17;90;10234376659;S
20240429;100811;233.24;20;10234376709;B
20240429;100814;233.24;40;10234377001;B
20240429;100814;233.24;60;10234377002;B
20240429;100814;233.25;130;10234377003;B
20240429;100818;233.19;10;10234377374;B
20240429;100825;233.24;770;10234378089;B
20240429;100825;233.25;2230;10234378090;B
20240429;100825;233.24;500;10234378099;B
20240429;100825;233.21;10;10234378168;S
20240429;100827;233.25;780;10234378318;B
20240429;100827;233.25;30;10234378319;B
20240429;100827;233.25;1600;10234378320;B
20240429;100827;233.25;50;10234378321;B
20240429;100827;233.25;20;10234378322;B
20240429;100827;233.25;10;10234378323;B
20240429;100827;233.25;10;10234378324;B
20240429;100828;233.26;10;10234378414;B
20240429;100828;233.26;60;10234378415;B
20240429;100829;233.3;20;10234378499;B
20240429;100829;233.3;50;10234378500;B
20240429;100829;233.3;20;10234378501;B
20240429;100829;233.3;20;10234378502;B
20240429;100829;233.29;50;10234378517;S
20240429;100830;233.28;50;10234378586;S
20240429;100830;233.3;10;10234378618;B
20240429;100830;233.3;10;10234378619;B
20240429;100830;233.3;10;10234378620;B
20240429;100830;233.35;10;10234378621;B
20240429;100830;233.35;20;10234378622;B
20240429;100830;233.36;20;10234378623;B
20240429;100830;233.36;80;10234378624;B
20240429;100830;233.37;10;10234378625;B
20240429;100830;233.37;30;10234378626;B
20240429;100830;233.37;10;10234378627;B
20240429;100830;233.37;50;10234378628;B
20240429;100830;233.38;10;10234378629;B
20240429;100830;233.38;580;10234378630;B
20240429;100830;233.39;90;10234378631;B
20240429;100830;233.3;520;10234378637;S
20240429;100830;233.29;60;10234378638;S
20240429;100830;233.29;60;10234378639;S
20240429;100830;233.29;80;10234378640;S
20240429;100830;233.28;250;10234378641;S
20240429;100830;233.26;340;10234378642;S
20240429;100830;233.24;30;10234378643;S
20240429;100830;233.24;190;10234378653;B
20240429;100832;233.22;100;10234378796;S
20240429;100838;233.24;200;10234379443;B
20240429;100840;233.21;90;10234379569;S
20240429;100840;233.2;10;10234379570;S
20240429;100840;233.2;50;10234379571;S
20240429;100840;233.2;310;10234379572;S
20240429;100840;233.19;10;10234379573;S
20240429;100840;233.18;40;10234379587;B
20240429;100840;233.16;100;10234379748;S
20240429;100842;233.18;350;10234379857;B
20240429;100845;233.18;90;10234380280;B
20240429;100846;233.18;10;10234380431;B
20240429;100847;233.18;40;10234380530;B
20240429;100848;233.18;10;10234380598;B
20240429;100848;233.16;10;10234380604;S
20240429;100851;233.18;2000;10234380814;B
20240429;100852;233.16;10;10234380869;S
20240429;100853;233.18;80;10234380958;B
20240429;100856;233.16;370;10234381290;S
20240429;100856;233.16;90;10234381291;S
20240429;100856;233.14;340;10234381292;S
20240429;100856;233.12;20;10234381293;S
20240429;100856;233.12;300;10234381294;S
20240429;100856;233.12;20;10234381295;S
20240429;100856;233.11;30;10234381296;S
20240429;100856;233.1;210;10234381297;S
20240429;100856;233.09;10;10234381298;S
20240429;100856;233.06;110;10234381299;S
20240429;100856;233.06;60;10234381300;S
20240429;100856;233.05;440;10234381301;S
20240429;100904;233.09;90;10234382196;S
20240429;100904;233.08;510;10234382197;S
20240429;100908;233.09;90;10234382575;S
20240429;100908;233.08;520;10234382576;S
20240429;100908;233.08;50;10234382577;B
20240429;100908;233.08;20;10234382578;B
20240429;100908;233.08;820;10234382579;B
20240429;100911;233.07;50;10234382924;S
20240429;100912;233.08;500;10234383081;B
20240429;100912;233.1;90;10234383082;B
20240429;100918;233.14;70;10234384334;S
20240429;100920;233.14;20;10234384494;S
20240429;100920;233.13;520;10234384495;S
20240429;100920;233.13;160;10234384496;S
20240429;100921;233.18;310;10234384684;B
20240429;100922;233.11;870;10234384807;S
20240429;100922;233.11;330;10234384808;S
20240429;100923;233.18;200;10234384856;B
20240429;100924;233.18;60;10234384999;B
20240429;100925;233.11;10;10234385099;S
20240429;100925;233.11;390;10234385100;S
20240429;100929;233.17;100;10234385564;B
20240429;100940;233.13;40;10234387116;S
20240429;100952;233.17;100;10234388536;B
20240429;100957;233.13;250;10234389285;S
20240429;100958;233.17;230;10234389328;B
20240429;100958;233.13;40;10234389357;S
20240429;100958;233.13;10;10234389411;S
20240429;101001;233.13;10;10234389983;S
20240429;101001;233.13;520;10234389984;S
20240429;101001;233.12;90;10234389985;S
20240429;101001;233.12;340;10234389986;S
20240429;101001;233.11;870;10234389987;S
20240429;101001;233.1;1770;10234389988;S
20240429;101003;233.16;30;10234390225;B
20240429;101006;233.16;570;10234390495;B
20240429;101006;233.16;90;10234390496;B
20240429;101006;233.17;240;10234390497;B
20240429;101008;233.17;30;10234390761;B
20240429;101008;233.18;1340;10234390762;B
20240429;101008;233.18;70;10234390763;B
20240429;101008;233.18;60;10234390764;B
20240429;101019;233.22;10;10234392060;B
20240429;101019;233.23;90;10234392061;B
20240429;101020;233.22;340;10234392199;S
20240429;101020;233.22;10;10234392200;S
20240429;101026;233.21;100;10234393170;S
20240429;101037;233.21;10;10234394852;S
20240429;101045;233.21;410;10234395975;S
20240429;101045;233.21;30;10234395976;S
20240429;101045;233.21;60;10234395977;S
20240429;101049;233.21;20;10234396591;S
20240429;101050;233.21;10;10234396678;S
20240429;101053;233.22;300;10234397120;B
20240429;101056;233.22;1000;10234397478;B
20240429;101101;233.22;20;10234398100;B
20240429;101102;233.22;150;10234398265;B
20240429;101103;233.22;10;10234398371;B
20240429;101111;233.21;10;10234399316;S
20240429;101118;233.21;10;10234400227;S
20240429;101123;233.21;10;10234401052;S
20240429;101124;233.22;10;10234401118;B
20240429;101126;233.21;560;10234401459;S
20240429;101130;233.21;20;10234401783;S
20240429;101130;233.21;30;10234401784;S
20240429;101139;233.22;10;10234402833;B
20240429;101140;233.21;20;10234402998;S
20240429;101141;233.22;500;10234403120;B
20240429;101141;233.22;160;10234403121;B
20240429;101141;233.22;180;10234403122;B
20240429;101141;233.22;500;10234403123;B
20240429;101141;233.23;60;10234403124;B
20240429;101141;233.23;90;10234403125;B
20240429;101141;233.24;2010;10234403126;B
20240429;101142;233.23;10;10234403186;S
20240429;101144;233.23;10;10234403515;B
20240429;101147;233.23;10;10234403852;B
20240429;101150;233.22;260;10234404267;S
20240429;101151;233.22;30;10234404392;S
20240429;101158;233.23;40;10234405253;B
20240429;101158;233.24;960;10234405254;B
20240429;101201;233.24;300;10234405765;B
20240429;101201;233.24;10;10234405766;B
20240429;101201;233.24;50;10234405767;B
20240429;101201;233.25;10;10234405768;B
20240429;101201;233.25;30;10234405769;B
20240429;101202;233.28;10;10234405805;S
20240429;101202;233.3;10;10234405899;B
20240429;101204;233.3;20;10234406068;B
20240429;101204;233.34;10;10234406069;B
20240429;101204;233.35;30;10234406070;B
20240429;101204;233.35;60;10234406071;B
20240429;101204;233.35;90;10234406072;B
20240429;101204;233.36;20;10234406073;B
20240429;101204;233.36;30;10234406074;B
20240429;101204;233.36;20;10234406075;B
20240429;101204;233.37;10;10234406076;B
20240429;101204;233.37;30;10234406077;B
20240429;101204;233.37;320;10234406078;B
20240429;101204;233.38;540;10234406079;B
20240429;101209;233.38;10;10234406555;B
20240429;101215;233.38;500;10234407167;B
20240429;101222;233.38;10;10234407851;B
20240429;101226;233.38;800;10234408201;B
20240429;101228;233.38;10;10234408376;B
20240429;101230;233.38;130;10234408619;B
20240429;101230;233.38;220;10234408620;B
20240429;101230;233.38;20;10234408621;B
20240429;101230;233.38;630;10234408622;B
20240429;101230;233.38;1000;10234408639;B
20240429;101232;233.38;10;10234408773;B
20240429;101233;233.38;100;10234408871;B
20240429;101233;233.38;100;10234408873;B
20240429;101233;233.38;100;10234408909;B
20240429;101234;233.38;50;10234408962;B
20240429;101235;233.38;10;10234409055;B
20240429;101236;233.38;240;10234409057;B
20240429;101239;233.39;60;10234409499;B
20240429;101239;233.39;80;10234409500;B
20240429;101239;233.39;50;10234409501;B
20240429;101239;233.39;10;10234409502;B
20240429;101239;233.39;50;10234409503;B
20240429;101239;233.39;100;10234409504;B
20240429;101239;233.39;130;10234409505;B
20240429;101239;233.39;10;10234409506;B
20240429;101239;233.39;90;10234409507;B
20240429;101239;233.39;420;10234409508;B
20240429;101240;233.39;80;10234409555;B
20240429;101240;233.4;20;10234409556;B
20240429;101240;233.4;200;10234409557;B
20240429;101243;233.4;10;10234410019;B
20240429;101244;233.4;10;10234410120;B
20240429;101245;233.39;220;10234410202;S
20240429;101245;233.39;210;10234410203;S
20240429;101245;233.4;10;10234410217;B
20240429;101250;233.4;20;10234410697;B
20240429;101251;233.4;1000;10234410753;B
20240429;101252;233.4;1000;10234410920;B
20240429;101253;233.39;80;10234411053;S
20240429;101255;233.4;200;10234411112;B
20240429;101256;233.39;10;10234411190;S
20240429;101259;233.39;10;10234411551;S
20240429;101303;233.4;500;10234412027;B
20240429;101304;233.4;10;10234412038;B
20240429;101304;233.4;70;10234412044;B
20240429;101304;233.4;100;10234412046;B
20240429;101304;233.4;30;10234412107;B
20240429;101307;233.4;110;10234412315;B
20240429;101309;233.39;100;10234412433;S
20240429;101313;233.4;10;10234412753;B
20240429;101314;233.4;2590;10234412993;B
20240429;101314;233.4;2500;10234413094;B
20240429;101315;233.39;100;10234413209;S
20240429;101316;233.4;20;10234413278;B
20240429;101316;233.39;300;10234413327;S
20240429;101317;233.4;420;10234413357;B
20240429;101317;233.4;1000;10234413373;B
20240429;101317;233.4;20;10234413447;B
20240429;101321;233.39;170;10234414227;S
20240429;101322;233.4;30;10234414301;B
20240429;101322;233.4;5000;10234414315;B
20240429;101323;233.4;1000;10234414362;B
20240429;101323;233.4;10;10234414393;B
20240429;101324;233.4;1000;10234414522;B
20240429;101326;233.4;1000;10234414717;B
20240429;101327;233.4;50;10234414802;B
20240429;101329;233.39;10;10234415022;S
20240429;101329;233.39;420;10234415044;S
20240429;101329;233.39;80;10234415045;S
20240429;101329;233.4;1000;10234415071;B
20240429;101330;233.4;4680;10234415074;B
20240429;101330;233.4;10;10234415075;B
20240429;101330;233.4;200;10234415076;B
20240429;101330;233.4;110;10234415077;B
20240429;101330;233.4;340;10234415130;B
20240429;101330;233.4;500;10234415131;B
20240429;101330;233.4;160;10234415132;B
20240429;101331;233.4;60;10234415175;B
20240429;101331;233.4;10;10234415176;B
20240429;101331;233.4;100;10234415177;B
20240429;101331;233.4;10;10234415178;B
20240429;101331;233.4;10;10234415179;B
20240429;101331;233.4;10;10234415180;B
20240429;101331;233.44;10;10234415198;B
20240429;101331;233.44;120;10234415199;B
20240429;101331;233.45;80;10234415200;B
20240429;101331;233.45;50;10234415209;B
20240429;101331;233.45;50;10234415210;B
20240429;101331;233.45;320;10234415211;B
20240429;101331;233.45;400;10234415212;B
20240429;101331;233.47;10;10234415213;B
20240429;101331;233.48;10;10234415214;B
20240429;101331;233.48;1200;10234415215;B
20240429;101331;233.48;20;10234415216;B
20240429;101332;233.49;30;10234415285;B
20240429;101332;233.49;2470;10234415286;B
20240429;101332;233.49;130;10234415310;B
20240429;101332;233.49;440;10234415311;B
20240429;101332;233.48;30;10234415314;S
20240429;101332;233.49;300;10234415318;B
20240429;101332;233.49;2500;10234415341;B
20240429;101332;233.49;500;10234415358;B
20240429;101333;233.49;500;10234415371;B
20240429;101333;233.49;100;10234415390;B
20240429;101333;233.46;20;10234415421;S
20240429;101334;233.49;2460;10234415462;B
20240429;101334;233.49;40;10234415463;B
20240429;101335;233.5;10;10234415565;B
20240429;101335;233.5;20;10234415568;B
20240429;101335;233.49;280;10234415584;S
20240429;101335;233.47;10;10234415585;S
20240429;101335;233.47;340;10234415586;S
20240429;101335;233.45;60;10234415587;S
20240429;101335;233.44;400;10234415588;S
20240429;101335;233.41;80;10234415589;S
20240429;101335;233.41;70;10234415590;S
20240429;101335;233.41;520;10234415591;S
20240429;101335;233.4;800;10234415592;S
20240429;101335;233.4;80;10234415593;S
20240429;101335;233.4;640;10234415594;S
20240429;101335;233.39;300;10234415595;S
20240429;101335;233.38;760;10234415596;S
20240429;101335;233.35;70;10234415597;B
20240429;101336;233.33;40;10234415629;S
20240429;101336;233.33;20;10234415630;B
20240429;101337;233.31;30;10234415770;S
20240429;101337;233.31;10;10234415771;B
20240429;101337;233.35;1960;10234415772;B
20240429;101337;233.37;80;10234415773;B
20240429;101337;233.37;110;10234415774;B
20240429;101337;233.4;340;10234415775;B
20240429;101337;233.5;270;10234415776;B
20240429;101337;233.5;10;10234415777;B
20240429;101337;233.5;20;10234415778;B
20240429;101337;233.5;100;10234415779;B
20240429;101337;233.5;10;10234415780;B
20240429;101337;233.5;30;10234415781;B
20240429;101337;233.5;100;10234415782;B
20240429;101337;233.5;50;10234415783;B
20240429;101337;233.5;10;10234415784;B
20240429;101337;233.5;10;10234415785;B
20240429;101337;233.5;10;10234415786;B
20240429;101337;233.5;150;10234415787;B
20240429;101339;233.5;100;10234416028;S
20240429;101341;233.5;20;10234416194;S
20240429;101342;233.5;150;10234416276;S
20240429;101344;233.51;20;10234416474;S
20240429;101344;233.52;50;10234416497;B
20240429;101344;233.52;10;10234416498;B
20240429;101344;233.52;20;10234416499;B
20240429;101344;233.53;10;10234416500;B
20240429;101344;233.54;60;10234416501;B
20240429;101344;233.55;20;10234416502;B
20240429;101344;233.55;150;10234416503;B
20240429;101344;233.55;130;10234416504;B
20240429;101344;233.56;50;10234416505;B
20240429;101344;233.52;100;10234416513;S
20240429;101346;233.54;20;10234416776;S
20240429;101347;233.56;10;10234416921;B
20240429;101347;233.56;20;10234416935;B
20240429;101347;233.54;70;10234416936;S
20240429;101352;233.54;10;10234417468;S
20240429;101352;233.54;40;10234417469;S
20240429;101355;233.53;210;10234417872;S
20240429;101357;233.54;10;10234418001;B
20240429;101357;233.54;50;10234418024;B
20240429;101357;233.54;50;10234418025;B
20240429;101357;233.52;50;10234418046;S
20240429;101357;233.52;200;10234418047;S
20240429;101357;233.5;1470;10234418048;S
20240429;101357;233.5;5000;10234418049;S
20240429;101357;233.48;80;10234418050;S
20240429;101357;233.48;110;10234418051;S
20240429;101357;233.47;20;10234418052;S
20240429;101357;233.46;340;10234418053;S
20240429;101357;233.4;20;10234418054;S
20240429;101357;233.38;130;10234418055;S
20240429;101357;233.38;10;10234418056;S
20240429;101358;233.37;10;10234418082;B
20240429;101359;233.33;1000;10234418203;S
20240429;101359;233.31;1200;10234418245;S
20240429;101400;233.29;520;10234418281;B
20240429;101400;233.29;200;10234418282;B
20240429;101400;233.3;1300;10234418283;B
20240429;101400;233.3;340;10234418284;B
20240429;101400;233.35;870;10234418285;B
20240429;101400;233.36;220;10234418286;B
20240429;101400;233.36;120;10234418287;B
20240429;101400;233.36;80;10234418288;B
20240429;101400;233.37;400;10234418289;B
20240429;101400;233.38;640;10234418290;B
20240429;101400;233.38;2500;10234418291;B
20240429;101400;233.38;10;10234418292;B
20240429;101400;233.4;5800;10234418293;B
20240429;101400;233.27;120;10234418304;S
20240429;101400;233.27;180;10234418305;S
20240429;101400;233.26;200;10234418306;S
20240429;101406;233.27;50;10234418880;S
20240429;101406;233.27;10;10234418881;S
20240429;101406;233.26;140;10234418882;S
20240429;101407;233.26;20;10234419043;S
20240429;101407;233.26;10;10234419044;S
20240429;101410;233.32;10;10234419658;B
20240429;101413;233.27;10;10234419922;B
20240429;101413;233.31;200;10234419923;B
20240429;101413;233.32;10;10234419924;B
20240429;101413;233.33;120;10234419925;B
20240429;101413;233.33;870;10234419926;B
20240429;101413;233.34;340;10234419927;B
20240429;101413;233.35;400;10234419928;B
20240429;101413;233.37;670;10234419929;B
20240429;101413;233.39;10;10234419930;B
20240429;101413;233.4;3370;10234419931;B
20240429;101413;233.3;40;10234419932;B
20240429;101413;233.3;480;10234419933;B
20240429;101414;233.39;520;10234419996;B
20240429;101414;233.4;480;10234419997;B
20240429;101427;233.38;190;10234421636;B
20240429;101427;233.39;810;10234421637;B
20240429;101436;233.38;10;10234422586;S
20240429;101439;233.39;470;10234422894;B
20240429;101439;233.39;10;10234422895;B
20240429;101439;233.4;520;10234422896;B
20240429;101441;233.39;80;10234423062;S
20240429;101442;233.39;10;10234423127;S
20240429;101444;233.39;430;10234423439;S
20240429;101444;233.39;430;10234423440;S
20240429;101444;233.38;40;10234423441;S
20240429;101444;233.38;100;10234423442;S
20240429;101447;233.4;260;10234423716;B
20240429;101447;233.4;30;10234423717;B
20240429;101450;233.4;2250;10234423964;B
20240429;101450;233.4;200;10234423965;B
20240429;101450;233.4;120;10234423966;B
20240429;101450;233.4;50;10234423967;B
20240429;101450;233.44;10;10234423968;B
20240429;101454;233.47;800;10234424456;B
20240429;101457;233.46;10;10234424844;B
20240429;101458;233.46;10;10234425100;B
20240429;101459;233.45;120;10234425223;S
20240429;101501;233.46;1970;10234425755;B
20240429;101501;233.47;30;10234425756;B
20240429;101502;233.45;10;10234425865;S
20240429;101502;233.45;200;10234425929;S
20240429;101502;233.44;10;10234425930;S
20240429;101502;233.44;340;10234425931;S
20240429;101502;233.41;870;10234425932;S
20240429;101502;233.41;520;10234425933;S
20240429;101502;233.4;2380;10234425934;S
20240429;101502;233.4;50;10234425935;S
20240429;101502;233.4;10;10234425955;B
20240429;101502;233.4;10;10234426003;B
20240429;101503;233.4;10;10234426088;B
20240429;101503;233.38;10;10234426187;S
20240429;101505;233.38;90;10234426805;S
20240429;101505;233.36;10;10234426806;S
20240429;101511;233.34;10;10234428420;S
20240429;101511;233.36;20;10234428476;B
20240429;101516;233.34;210;10234429563;S
20240429;101518;233.35;10;10234429842;B
20240429;101524;233.34;10;10234431213;S
20240429;101525;233.35;490;10234431427;B
20240429;101525;233.35;100;10234431428;B
20240429;101525;233.35;410;10234431429;B
20240429;101526;233.36;30;10234431539;B
20240429;101528;233.35;300;10234431914;S
20240429;101528;233.34;60;10234432015;S
20240429;101530;233.35;70;10234432270;S
20240429;101530;233.34;190;10234432271;S
20240429;101530;233.36;20;10234432373;B
20240429;101531;233.34;10;10234432567;S
20240429;101532;233.34;10;10234432795;S
20240429;101533;233.35;40;10234433112;B
20240429;101533;233.35;20;10234433113;B
20240429;101533;233.36;220;10234433114;B
20240429;101534;233.35;10;10234433452;S
20240429;101538;233.36;10;10234434603;B
20240429;101542;233.35;40;10234435424;S
20240429;101543;233.34;100;10234435611;S
20240429;101548;233.36;10;10234436637;B
20240429;101548;233.34;300;10234436707;S
20240429;101552;233.34;100;10234437526;S
20240429;101552;233.34;40;10234437527;S
20240429;101552;233.34;60;10234437528;S
20240429;101558;233.34;100;10234439081;B
20240429;101558;233.34;190;10234439082;B
20240429;101558;233.35;210;10234439083;B
20240429;101609;233.34;10;10234441186;S
20240429;101610;233.35;500;10234441200;B
20240429;101610;233.36;150;10234441201;B
20240429;101614;233.36;10;10234441977;B
20240429;101616;233.36;460;10234442304;B
20240429;101616;233.36;500;10234442305;B
20240429;101616;233.39;190;10234442306;B
20240429;101616;233.4;1050;10234442307;B
20240429;101618;233.4;100;10234442553;B
20240429;101618;233.4;500;10234442554;B
20240429;101618;233.4;20;10234442555;B
20240429;101618;233.4;110;10234442556;B
20240429;101619;233.39;10;10234442675;S
20240429;101619;233.39;10;10234442801;S
20240429;101622;233.39;50;10234443125;S
20240429;101623;233.39;10;10234443213;S
20240429;101624;233.37;160;10234443371;S
20240429;101624;233.36;190;10234443372;S
20240429;101624;233.35;100;10234443373;S
20240429;101624;233.35;50;10234443374;S
20240429;101627;233.36;60;10234443900;S
20240429;101634;233.39;80;10234445122;B
20240429;101634;233.39;10;10234445123;B
20240429;101634;233.4;3820;10234445124;B
20240429;101634;233.4;1090;10234445125;B
20240429;101634;233.38;10;10234445302;S
20240429;101635;233.38;10;10234445402;S
20240429;101635;233.38;40;10234445432;S
20240429;101635;233.37;20;10234445433;S
20240429;101637;233.37;500;10234445865;S
20240429;101637;233.37;30;10234445870;S
20240429;101637;233.36;140;10234445871;S
20240429;101639;233.4;20;10234446063;B
20240429;101641;233.4;1390;10234446667;B
20240429;101641;233.41;150;10234446668;B
20240429;101641;233.42;190;10234446669;B
20240429;101641;233.48;90;10234446670;B
20240429;101641;233.48;340;10234446671;B
20240429;101641;233.49;100;10234446672;B
20240429;101641;233.5;30;10234446673;B
20240429;101641;233.52;10;10234446698;B
20240429;101641;233.53;10;10234446699;B
20240429;101643;233.53;10;10234447021;B
20240429;101644;233.53;30;10234447261;B
20240429;101644;233.55;30;10234447262;B
20240429;101644;233.55;20;10234447263;B
20240429;101644;233.56;2000;10234447264;B
20240429;101644;233.56;180;10234447265;B
20240429;101644;233.58;20;10234447266;B
20240429;101644;233.6;10;10234447267;B
20240429;101644;233.6;10;10234447268;B
20240429;101644;233.6;20;10234447269;B
20240429;101644;233.6;10;10234447270;B
20240429;101644;233.6;10;10234447271;B
20240429;101644;233.6;50;10234447272;B
20240429;101644;233.61;340;10234447273;B
20240429;101644;233.63;10;10234447274;B
20240429;101644;233.63;750;10234447275;B
20240429;101644;233.64;380;10234447276;B
20240429;101644;233.64;100;10234447277;B
20240429;101644;233.64;100;10234447278;B
20240429;101644;233.64;520;10234447279;B
20240429;101644;233.65;1070;10234447280;B
20240429;101644;233.65;600;10234447281;B
20240429;101644;233.65;2500;10234447282;B
20240429;101644;233.66;180;10234447283;B
20240429;101644;233.66;770;10234447284;B
20240429;101644;233.69;260;10234447285;B
20240429;101644;233.69;80;10234447286;B
20240429;101644;233.7;9950;10234447287;B
20240429;101645;233.7;210;10234447312;B
20240429;101645;233.64;10;10234447318;S
20240429;101645;233.63;10;10234447344;S
20240429;101645;233.65;10;10234447352;B
20240429;101645;233.7;390;10234447353;B
20240429;101647;233.69;20;10234447655;B
20240429;101647;233.7;480;10234447656;B
20240429;101648;233.7;10;10234447904;B
20240429;101649;233.65;100;10234448198;S
20240429;101653;233.69;10;10234448732;S
20240429;101654;233.69;30;10234448955;S
20240429;101655;233.7;10;10234449136;B
20240429;101655;233.7;150;10234449226;B
20240429;101656;233.7;10;10234449376;B
20240429;101657;233.69;10;10234449434;S
20240429;101658;233.69;10;10234449720;S
20240429;101659;233.69;40;10234449801;S
20240429;101701;233.7;100;10234450146;B
20240429;101701;233.69;10;10234450181;S
20240429;101701;233.69;10;10234450199;S
20240429;101701;233.7;220;10234450212;B
20240429;101701;233.7;10;10234450242;B
20240429;101702;233.69;10;10234450412;S
20240429;101703;233.7;10;10234450681;B
20240429;101707;233.69;20;10234451461;S
20240429;101707;233.69;20;10234451495;S
20240429;101707;233.69;80;10234451526;S
20240429;101708;233.7;450;10234451628;B
20240429;101708;233.7;10;10234451629;B
20240429;101708;233.7;10;10234451630;B
20240429;101708;233.7;340;10234451631;B
20240429;101708;233.7;20;10234451632;B
20240429;101708;233.7;400;10234451633;B
20240429;101708;233.7;10;10234451634;B
20240429;101708;233.7;60;10234451635;B
20240429;101708;233.7;50;10234451636;B
20240429;101708;233.7;10;10234451637;B
20240429;101708;233.7;10;10234451638;B
20240429;101708;233.7;500;10234451639;B
20240429;101708;233.7;500;10234451640;B
20240429;101708;233.7;230;10234451641;B
20240429;101709;233.69;10;10234451747;S
20240429;101709;233.69;10;10234451959;S
20240429;101710;233.7;370;10234452000;B
20240429;101710;233.7;130;10234452001;B
20240429;101710;233.7;10;10234452033;B
20240429;101710;233.69;50;10234452131;S
20240429;101710;233.69;110;10234452132;S
20240429;101711;233.69;30;10234452196;S
20240429;101712;233.7;10;10234452369;B
20240429;101712;233.7;50;10234452383;B
20240429;101713;233.7;200;10234452509;B
20240429;101714;233.7;10;10234452737;B
20240429;101714;233.69;10;10234452758;S
20240429;101714;233.7;500;10234452910;B
20240429;101714;233.7;30;10234452911;B
20240429;101715;233.7;1000;10234453001;B
20240429;101715;233.7;10;10234453009;B
20240429;101716;233.7;150;10234453164;B
20240429;101716;233.7;20;10234453165;B
20240429;101716;233.72;40;10234453166;B
20240429;101716;233.72;20;10234453167;B
20240429;101716;233.73;10;10234453168;B
20240429;101716;233.73;260;10234453169;B
20240429;101716;233.7;100;10234453172;S
20240429;101716;233.7;100;10234453174;S
20240429;101716;233.7;100;10234453175;S
20240429;101716;233.7;10;10234453205;S
20240429;101717;233.72;10;10234453304;B
20240429;101717;233.73;300;10234453305;B
20240429;101717;233.74;20;10234453306;B
20240429;101717;233.75;10;10234453307;B
20240429;101717;233.78;20;10234453308;B
20240429;101717;233.8;200;10234453309;B
20240429;101717;233.8;20;10234453310;B
20240429;101717;233.8;10;10234453311;B
20240429;101717;233.8;20;10234453312;B
20240429;101717;233.8;10;10234453313;B
20240429;101717;233.8;80;10234453314;B
20240429;101717;233.76;40;10234453431;S
20240429;101717;233.76;300;10234453443;S
20240429;101717;233.8;420;10234453447;B
20240429;101717;233.8;200;10234453448;B
20240429;101717;233.8;10;10234453449;B
20240429;101717;233.82;20;10234453450;B
20240429;101717;233.83;30;10234453451;B
20240429;101717;233.83;20;10234453452;B
20240429;101717;233.84;370;10234453453;B
20240429;101717;233.85;1430;10234453454;B
20240429;101717;233.79;300;10234453455;S
20240429;101717;233.79;10;10234453493;S
20240429;101718;233.8;870;10234453509;B
20240429;101718;233.8;200;10234453510;B
20240429;101718;233.85;930;10234453511;B
20240429;101718;233.85;50;10234453512;B
20240429;101718;233.82;100;10234453552;S
20240429;101718;233.85;50;10234453563;B
20240429;101718;233.82;100;10234453572;S
20240429;101718;233.82;100;10234453594;S
20240429;101718;233.85;450;10234453619;B
20240429;101718;233.82;100;10234453626;S
20240429;101718;233.85;90;10234453636;B
20240429;101718;233.85;100;10234453637;B
20240429;101718;233.87;10;10234453638;B
20240429;101718;233.87;50;10234453639;B
20240429;101718;233.88;20;10234453640;B
20240429;101718;233.88;20;10234453641;B
20240429;101718;233.88;10;10234453642;B
20240429;101718;233.88;10;10234453643;B
20240429;101718;233.89;40;10234453644;B
20240429;101718;233.89;400;10234453645;B
20240429;101718;233.89;800;10234453664;B
20240429;101718;233.9;300;10234453665;B
20240429;101718;233.9;20;10234453666;B
20240429;101718;233.9;20;10234453667;B
20240429;101718;233.9;10;10234453668;B
20240429;101718;233.9;20;10234453669;B
20240429;101718;233.9;3830;10234453670;B
20240429;101718;233.9;60;10234453685;B
20240429;101718;233.9;140;10234453690;B
20240429;101718;233.85;60;10234453691;S
20240429;101718;233.85;240;10234453692;S
20240429;101718;233.9;150;10234453696;B
20240429;101719;233.9;140;10234453714;B
20240429;101719;233.9;10;10234453717;B
20240429;101719;233.86;10;10234453719;S
20240429;101719;233.83;520;10234453720;S
20240429;101719;233.83;80;10234453721;S
20240429;101719;233.9;90;10234453736;B
20240429;101719;233.9;500;10234453737;B
20240429;101719;233.83;40;10234453738;S
20240429;101719;233.88;30;10234453744;B
20240429;101719;233.88;30;10234453746;B
20240429;101719;233.88;30;10234453751;B
20240429;101719;233.88;110;10234453764;B
20240429;101719;233.9;390;10234453765;B
20240429;101719;233.9;2500;10234453766;B
20240429;101719;233.9;4000;10234453768;B
20240429;101719;233.9;500;10234453786;B
20240429;101719;233.9;5000;10234453821;B
20240429;101719;233.9;10;10234453878;B
20240429;101720;233.85;340;10234453915;S
20240429;101720;233.83;160;10234453916;S
20240429;101720;233.89;50;10234453953;B
20240429;101720;233.89;10;10234454005;B
20240429;101722;233.86;20;10234454255;S
20240429;101722;233.86;10;10234454265;S
20240429;101728;233.86;10;10234455259;B
20240429;101728;233.82;760;10234455319;S
20240429;101728;233.81;70;10234455320;S
20240429;101728;233.81;90;10234455321;S
20240429;101728;233.77;10;10234455322;S
20240429;101728;233.77;340;10234455323;S
20240429;101728;233.75;400;10234455324;S
20240429;101728;233.72;20;10234455325;S
20240429;101728;233.71;570;10234455326;S
20240429;101728;233.7;1560;10234455327;S
20240429;101728;233.7;30;10234455328;B
20240429;101728;233.7;20;10234455329;B
20240429;101729;233.69;30;10234455423;S
20240429;101729;233.69;470;10234455424;S
20240429;101729;233.69;160;10234455425;S
20240429;101729;233.69;10;10234455426;S
20240429;101729;233.69;760;10234455427;S
20240429;101729;233.65;300;10234455428;S
20240429;101729;233.64;770;10234455429;S
20240429;101729;233.66;10;10234455487;B
20240429;101730;233.66;10;10234455594;B
20240429;101731;233.66;200;10234455757;B
20240429;101733;233.64;280;10234455961;B
20240429;101733;233.63;10;10234455980;S
20240429;101733;233.64;150;10234455981;B
20240429;101734;233.63;20;10234456102;S
20240429;101734;233.64;10;10234456110;B
20240429;101735;233.63;260;10234456222;S
20240429;101735;233.64;100;10234456247;B
20240429;101735;233.64;10;10234456312;B
20240429;101735;233.63;10;10234456320;S
20240429;101735;233.64;20;10234456349;B
20240429;101735;233.64;10;10234456350;B
20240429;101737;233.63;470;10234456530;S
20240429;101737;233.63;30;10234456572;B
20240429;101737;233.64;10;10234456595;B
20240429;101740;233.65;10;10234457011;B
20240429;101741;233.65;70;10234457160;B
20240429;101743;233.68;10;10234457413;B
20240429;101744;233.68;100;10234457502;B
20240429;101745;233.68;20;10234457644;B
20240429;101747;233.7;1000;10234457948;B
20240429;101749;233.66;10;10234458169;S
20240429;101752;233.69;220;10234458606;B
20240429;101752;233.7;490;10234458607;B
20240429;101757;233.7;1000;10234459198;B
20240429;101801;233.7;40;10234460099;B
20240429;101801;233.7;10;10234460160;B
20240429;101801;233.7;260;10234460185;B
20240429;101801;233.67;10;10234460280;S
20240429;101802;233.7;20;10234460474;B
20240429;101802;233.7;30;10234460518;B
20240429;101802;233.7;30;10234460532;B
20240429;101802;233.7;200;10234460545;B
20240429;101803;233.7;100;10234460816;B
20240429;101804;233.7;100;10234460980;B
20240429;101804;233.7;50;10234461082;B
20240429;101805;233.7;20;10234461086;B
20240429;101805;233.7;40;10234461098;B
20240429;101805;233.7;20;10234461139;B
20240429;101805;233.7;20;10234461164;B
20240429;101807;233.7;110;10234461414;B
20240429;101808;233.7;150;10234461630;B
20240429;101809;233.7;10;10234461863;B
20240429;101809;233.7;20;10234461900;B
20240429;101809;233.7;250;10234461933;B
20240429;101809;233.68;20;10234461938;S
20240429;101810;233.7;140;10234462088;B
20240429;101810;233.7;10;10234462115;B
20240429;101811;233.7;30;10234462122;B
20240429;101811;233.7;10;10234462149;B
20240429;101811;233.7;10;10234462173;B
20240429;101811;233.7;10;10234462200;B
20240429;101812;233.7;20;10234462262;B
20240429;101812;233.7;30;10234462301;B
20240429;101812;233.7;1900;10234462338;B
20240429;101812;233.7;1000;10234462339;B
20240429;101812;233.7;10;10234462340;B
20240429;101812;233.7;10;10234462341;B
20240429;101812;233.7;10;10234462342;B
20240429;101812;233.7;10;10234462343;B
20240429;101812;233.7;10;10234462344;B
20240429;101812;233.7;50;10234462345;B
20240429;101812;233.7;10;10234462346;B
20240429;101812;233.7;10;10234462347;B
20240429;101812;233.7;50;10234462348;B
20240429;101812;233.7;10;10234462350;B
20240429;101812;233.7;20;10234462399;B
20240429;101812;233.7;30;10234462400;B
20240429;101812;233.7;60;10234462420;B
20240429;101812;233.7;20;10234462427;B
20240429;101814;233.7;20;10234462596;B
20240429;101814;233.7;10;10234462628;B
20240429;101814;233.7;140;10234462643;B
20240429;101814;233.7;50;10234462653;B
20240429;101814;233.7;20;10234462717;B
20240429;101815;233.81;20;10234462764;B
20240429;101815;233.81;30;10234462767;B
20240429;101815;233.81;10;10234462771;B
20240429;101815;233.82;60;10234462772;B
20240429;101815;233.82;10;10234462810;B
20240429;101815;233.83;40;10234462811;B
20240429;101816;233.83;170;10234462872;B
20240429;101816;233.83;10;10234462911;B
20240429;101816;233.83;210;10234462947;B
20240429;101816;233.84;20;10234462953;B
20240429;101816;233.84;100;10234462955;B
20240429;101817;233.84;10;10234462977;B
20240429;101817;233.84;50;10234462978;B
20240429;101817;233.84;110;10234463063;B
20240429;101817;233.84;30;10234463073;B
20240429;101818;233.79;100;10234463119;S
20240429;101818;233.84;70;10234463153;B
20240429;101818;233.84;10;10234463181;B
20240429;101818;233.78;100;10234463212;S
20240429;101819;233.84;50;10234463221;B
20240429;101819;233.84;10;10234463259;B
20240429;101819;233.84;70;10234463263;B
20240429;101819;233.87;200;10234463264;B
20240429;101819;233.88;50;10234463265;B
20240429;101819;233.88;20;10234463266;B
20240429;101819;233.88;110;10234463267;B
20240429;101820;233.88;10;10234463436;B
20240429;101820;233.88;60;10234463441;B
20240429;101821;233.88;20;10234463476;B
20240429;101821;233.88;10;10234463489;B
20240429;101821;233.89;30;10234463490;B
20240429;101821;233.89;30;10234463529;B
20240429;101821;233.89;80;10234463530;B
20240429;101821;233.89;40;10234463549;B
20240429;101821;233.89;20;10234463567;B
20240429;101821;233.89;20;10234463582;B
20240429;101822;233.89;630;10234463628;B
20240429;101822;233.89;10;10234463634;B
20240429;101822;233.89;10;10234463641;B
20240429;101822;233.89;110;10234463657;B
20240429;101822;233.89;120;10234463664;B
20240429;101822;233.89;40;10234463687;B
20240429;101822;233.89;50;10234463692;B
20240429;101822;233.89;30;10234463741;B
20240429;101823;233.89;10;10234463777;B
20240429;101823;233.89;10;10234463781;B
20240429;101823;233.89;10;10234463812;B
20240429;101823;233.89;50;10234463826;B
20240429;101823;233.89;100;10234463843;B
20240429;101824;233.89;20;10234463935;B
20240429;101824;233.89;50;10234463953;B
20240429;101825;233.89;20;10234464112;B
20240429;101825;233.88;10;10234464223;B
20240429;101825;233.89;10;10234464224;B
20240429;101825;233.89;20;10234464252;B
20240429;101826;233.89;10;10234464429;B
20240429;101826;233.89;50;10234464447;B
20240429;101827;233.89;20;10234464522;B
20240429;101827;233.84;30;10234464551;S
20240429;101827;233.82;160;10234464552;S
20240429;101827;233.82;150;10234464553;S
20240429;101827;233.81;60;10234464554;S
20240429;101827;233.81;50;10234464555;S
20240429;101827;233.89;20;10234464566;B
20240429;101827;233.89;80;10234464567;B
20240429;101828;233.89;20;10234464674;B
20240429;101828;233.89;90;10234464675;B
20240429;101828;233.89;30;10234464692;B
20240429;101829;233.89;20;10234464723;B
20240429;101830;233.89;10;10234464845;B
20240429;101830;233.9;30;10234464846;B
20240429;101830;233.9;100;10234464920;B
20240429;101830;233.83;240;10234464972;B
20240429;101831;233.83;110;10234464990;B
20240429;101831;233.83;20;10234465021;B
20240429;101831;233.83;30;10234465023;B
20240429;101831;233.83;430;10234465072;B
20240429;101831;233.83;20;10234465094;B
20240429;101831;233.83;30;10234465108;B
20240429;101832;233.83;30;10234465174;B
20240429;101832;233.83;20;10234465178;B
20240429;101832;233.83;10;10234465187;B
20240429;101832;233.83;1000;10234465208;B
20240429;101833;233.83;60;10234465302;B
20240429;101833;233.84;10;10234465303;B
20240429;101833;233.89;60;10234465304;B
20240429;101833;233.89;180;10234465305;B
20240429;101833;233.9;240;10234465306;B
20240429;101833;233.9;20;10234465324;B
20240429;101833;233.84;50;10234465326;S
20240429;101833;233.9;100;10234465335;B
20240429;101833;233.9;50;10234465340;B
20240429;101833;233.9;20;10234465407;B
20240429;101834;233.9;50;10234465450;B
20240429;101834;233.9;20;10234465519;B
20240429;101835;233.9;10;10234465558;B
20240429;101835;233.9;20;10234465615;B
20240429;101835;233.88;10;10234465618;S
20240429;101836;233.9;100;10234465755;B
20240429;101836;233.9;50;10234465828;B
20240429;101837;233.9;100;10234465849;B
20240429;101837;233.9;250;10234465960;B
20240429;101837;233.9;220;10234465967;B
20240429;101837;233.9;20;10234465991;B
20240429;101838;233.9;20;10234466058;B
20240429;101839;233.9;40;10234466181;B
20240429;101839;233.9;10;10234466184;B
20240429;101840;233.9;20;10234466307;B
20240429;101840;233.9;10;10234466342;B
20240429;101841;233.9;100;10234466460;B
20240429;101841;233.9;50;10234466474;B
20240429;101841;233.9;20;10234466521;B
20240429;101842;233.9;10;10234466588;B
20240429;101842;233.9;70;10234466610;B
20240429;101842;233.9;90;10234466633;B
20240429;101843;233.9;20;10234466728;B
20240429;101844;233.9;800;10234466847;B
20240429;101844;233.9;20;10234466868;B
20240429;101844;233.9;10;10234466869;B
20240429;101845;233.9;20;10234467020;B
20240429;101845;233.9;40;10234467097;B
20240429;101846;233.88;10;10234467110;S
20240429;101846;233.9;30;10234467204;B
20240429;101846;233.9;100;10234467205;B
20240429;101846;233.9;470;10234467206;B
20240429;101846;233.9;30;10234467219;B
20240429;101846;233.9;10;10234467220;B
20240429;101846;233.9;10;10234467221;B
20240429;101846;233.9;10;10234467222;B
20240429;101846;233.9;40;10234467230;B
20240429;101846;233.9;30;10234467231;B
20240429;101847;233.89;20;10234467324;B
20240429;101848;233.89;30;10234467413;B
20240429;101848;233.9;100;10234467414;B
20240429;101848;233.9;70;10234467430;B
20240429;101848;233.9;40;10234467431;B
20240429;101848;233.9;10;10234467492;B
20240429;101848;233.9;10;10234467509;B
20240429;101849;233.9;10;10234467651;B
20240429;101849;233.9;40;10234467690;B
20240429;101849;233.9;10;10234467701;B
20240429;101849;233.9;30;10234467753;B
20240429;101850;233.9;20;10234467785;B
20240429;101850;233.89;20;10234467868;B
20240429;101850;233.89;400;10234467878;B
20240429;101851;233.89;80;10234468024;B
20240429;101851;233.9;30;10234468025;B
20240429;101851;233.9;20;10234468082;B
20240429;101851;233.9;20;10234468083;B
20240429;101852;233.9;20;10234468129;B
20240429;101852;233.9;150;10234468159;B
20240429;101853;233.89;10;10234468287;B
20240429;101853;233.9;90;10234468288;B
20240429;101853;233.9;110;10234468300;B
20240429;101854;233.9;30;10234468399;B
20240429;101854;233.9;70;10234468409;B
20240429;101854;233.9;20;10234468441;B
20240429;101854;233.9;50;10234468481;B
20240429;101854;233.9;20;10234468490;B
20240429;101854;233.9;200;10234468494;B
20240429;101854;233.9;20;10234468496;B
20240429;101854;233.9;20;10234468513;B
20240429;101855;233.9;20;10234468592;B
20240429;101855;233.9;40;10234468660;B
20240429;101855;233.9;120;10234468667;B
20240429;101855;233.9;500;10234468668;B
20240429;101855;233.91;50;10234468669;B
20240429;101855;233.92;10;10234468670;B
20240429;101855;233.92;160;10234468671;B
20240429;101855;233.93;10;10234468672;B
20240429;101855;233.93;60;10234468673;B
20240429;101855;233.93;10;10234468674;B
20240429;101855;233.94;20;10234468675;B
20240429;101855;233.94;60;10234468676;B
20240429;101856;233.94;50;10234468717;B
20240429;101856;233.94;390;10234468809;B
20240429;101856;233.94;10;10234468810;B
20240429;101856;233.94;10;10234468811;B
20240429;101856;233.95;100;10234468812;B
20240429;101856;233.95;20;10234468813;B
20240429;101856;233.95;50;10234468814;B
20240429;101856;233.96;10;10234468815;B
20240429;101856;233.96;30;10234468816;B
20240429;101856;233.97;30;10234468817;B
20240429;101856;233.97;90;10234468818;B
20240429;101856;233.91;500;10234468846;S
20240429;101857;233.91;50;10234468926;B
20240429;101857;233.91;160;10234468927;S
20240429;101857;233.9;500;10234468928;S
20240429;101857;233.89;50;10234468929;S
20240429;101857;233.89;50;10234468930;S
20240429;101857;233.89;60;10234468931;S
20240429;101857;233.89;60;10234468932;S
20240429;101857;233.88;100;10234468933;S
20240429;101857;233.88;20;10234468934;S
20240429;101857;233.96;60;10234469005;B
20240429;101857;233.97;90;10234469006;B
20240429;101857;233.89;60;10234469015;S
20240429;101857;233.89;60;10234469016;S
20240429;101857;233.88;290;10234469017;S
20240429;101858;233.94;10;10234469366;B
20240429;101858;233.94;10;10234469367;B
20240429;101858;233.95;90;10234469368;B
20240429;101859;233.95;20;10234469431;B
20240429;101859;233.95;110;10234469447;B
20240429;101900;233.95;30;10234469537;B
20240429;101900;233.86;10;10234469545;S
20240429;101900;233.95;20;10234469566;B
20240429;101900;233.95;10;10234469586;B
20240429;101901;233.94;10;10234469848;B
20240429;101901;233.94;10;10234469849;B
20240429;101902;233.91;50;10234469940;S
20240429;101902;233.9;1250;10234469941;S
20240429;101902;233.9;160;10234469942;S
20240429;101904;233.88;100;10234470159;B
20240429;101904;233.88;400;10234470162;B
20240429;101904;233.89;500;10234470163;B
20240429;101904;233.89;160;10234470164;B
20240429;101904;233.9;230;10234470165;B
20240429;101906;233.9;10;10234470348;B
20240429;101906;233.9;10;10234470351;B
20240429;101906;233.9;10;10234470452;B
20240429;101907;233.9;50;10234470505;B
20240429;101907;233.9;830;10234470545;B
20240429;101907;233.91;150;10234470546;B
20240429;101907;233.94;10;10234470547;B
20240429;101907;233.94;10;10234470548;B
20240429;101907;233.95;310;10234470549;B
20240429;101907;233.95;340;10234470550;B
20240429;101907;233.96;60;10234470551;B
20240429;101907;233.97;270;10234470552;B
20240429;101907;233.97;220;10234470553;B
20240429;101907;233.97;2200;10234470554;B
20240429;101907;233.98;10;10234470555;B
20240429;101907;233.98;400;10234470556;B
20240429;101907;233.98;60;10234470557;B
20240429;101907;233.98;10;10234470558;B
20240429;101907;233.99;10;10234470559;B
20240429;101907;233.99;10;10234470560;B
20240429;101907;233.99;300;10234470561;B
20240429;101907;233.99;10;10234470562;B
20240429;101907;233.99;1000;10234470563;B
20240429;101907;233.99;1000;10234470564;B
20240429;101907;233.99;500;10234470565;B
20240429;101907;233.99;50;10234470577;B
20240429;101908;233.99;100;10234470714;B
20240429;101908;233.99;550;10234470721;B
20240429;101908;233.99;100;10234470722;B
20240429;101908;233.99;50;10234470723;B
20240429;101908;233.99;20;10234470724;B
20240429;101908;233.99;1150;10234470725;B
20240429;101908;233.99;20;10234470726;B
20240429;101908;233.99;40;10234470727;B
20240429;101908;234;20;10234470728;B
20240429;101908;234;500;10234470729;B
20240429;101908;234;10;10234470730;B
20240429;101908;234;10;10234470731;B
20240429;101908;234;10;10234470732;B
20240429;101908;234;440;10234470733;B
20240429;101908;234;1000;10234470734;B
20240429;101908;234;10;10234470735;B
20240429;101908;234;1000;10234470736;B
20240429;101908;234;10;10234470737;B
20240429;101908;234;10;10234470738;B
20240429;101908;234;200;10234470739;B
20240429;101908;234;50;10234470740;B
20240429;101908;234;10;10234470741;B
20240429;101908;234;10;10234470742;B
20240429;101908;234;20;10234470743;B
20240429;101908;234;1000;10234470744;B
20240429;101908;234;20;10234470745;B
20240429;101908;234;10;10234470746;B
20240429;101908;234;200;10234470747;B
20240429;101908;234;10;10234470748;B
20240429;101908;234;40;10234470749;B
20240429;101908;234;50;10234470750;B
20240429;101908;234;10;10234470751;B
20240429;101908;234;530;10234470752;B
20240429;101908;234;1440;10234470753;B
20240429;101908;234;300;10234470754;B
20240429;101908;234;450;10234470755;B
20240429;101908;234;100;10234470757;B
20240429;101908;233.93;60;10234470782;S
20240429;101908;233.93;280;10234470784;S
20240429;101908;233.91;400;10234470785;S
20240429;101908;233.9;60;10234470786;S
20240429;101908;233.9;60;10234470787;S
20240429;101908;233.87;750;10234470788;S
20240429;101908;233.87;10;10234470789;S
20240429;101908;233.86;20;10234470790;S
20240429;101908;233.84;640;10234470791;S
20240429;101908;233.83;50;10234470792;S
20240429;101908;233.8;200;10234470793;S
20240429;101908;233.8;10;10234470794;S
20240429;101908;233.8;480;10234470795;S
20240429;101908;233.77;50;10234470796;S
20240429;101908;233.77;1560;10234470797;S
20240429;101908;233.76;10;10234470798;S
20240429;101908;233.75;190;10234470799;S
20240429;101908;233.8;210;10234470800;S
20240429;101908;233.77;30;10234470801;S
20240429;101908;233.94;30;10234470804;B
20240429;101908;233.94;30;10234470805;B
20240429;101908;233.95;20;10234470806;B
20240429;101908;233.79;340;10234470807;S
20240429;101908;233.77;110;10234470808;S
20240429;101908;233.8;60;10234470809;S
20240429;101908;233.77;340;10234470810;S
20240429;101908;233.78;20;10234470813;S
20240429;101908;233.77;30;10234470814;S
20240429;101908;233.77;30;10234470826;S
20240429;101908;233.87;100;10234470827;B
20240429;101908;233.87;240;10234470828;B
20240429;101908;233.88;60;10234470829;B
20240429;101908;233.97;130;10234470830;B
20240429;101908;233.93;100;10234470855;B
20240429;101908;233.93;240;10234470857;B
20240429;101908;233.96;60;10234470858;B
20240429;101908;233.97;460;10234470859;B
20240429;101908;233.98;140;10234470860;B
20240429;101908;233.94;300;10234470861;B
20240429;101908;233.98;1420;10234470875;B
20240429;101908;233.98;380;10234470876;B
20240429;101908;233.98;340;10234470877;B
20240429;101908;233.99;100;10234470878;B
20240429;101908;233.99;1000;10234470879;B
20240429;101908;233.99;10;10234470880;B
20240429;101908;234;1750;10234470881;B
20240429;101908;234;500;10234470883;B
20240429;101908;233.93;50;10234470889;S
20240429;101908;233.92;10;10234470895;S
20240429;101908;234;50;10234470896;B
20240429;101908;234;20;10234470897;B
20240429;101908;234;40;10234470900;B
20240429;101908;234;80;10234470905;B
20240429;101908;234;1000;10234470906;B
20240429;101909;234;20;10234470914;B
20240429;101909;233.92;50;10234470915;S
20240429;101909;233.92;60;10234470916;S
20240429;101909;233.9;400;10234470917;S
20240429;101909;233.89;90;10234470918;S
20240429;101909;233.93;60;10234470920;B
20240429;101909;233.94;340;10234470921;B
20240429;101909;233.99;60;10234470922;B
20240429;101909;233.99;190;10234470923;B
20240429;101909;234;1480;10234470924;B
20240429;101909;233.97;340;10234470925;B
20240429;101909;233.99;60;10234470926;B
20240429;101909;234;2600;10234470927;B
20240429;101909;234;2000;10234470929;B
20240429;101909;233.86;20;10234470930;S
20240429;101909;234;40;10234470931;B
20240429;101909;234;50;10234470933;B
20240429;101909;234;50;10234470934;B
20240429;101909;233.86;30;10234470935;S
20240429;101909;233.86;10;10234470936;S
20240429;101909;233.83;10;10234470938;S
20240429;101909;233.95;40;10234470940;B
20240429;101909;233.98;10;10234470941;B
20240429;101909;233.99;10;10234470942;B
20240429;101909;234;800;10234470943;B
20240429;101909;234;20;10234470946;B
20240429;101909;234;50;10234470947;B
20240429;101909;234;150;10234470948;B
20240429;101909;234;10;10234470949;B
20240429;101909;233.94;20;10234470976;B
20240429;101909;234;3980;10234470977;B
20240429;101909;234;200;10234470978;B
20240429;101909;234;1000;10234470980;B
20240429;101909;234;520;10234470999;B
20240429;101909;234;200;10234471000;B
20240429;101909;234;500;10234471001;B
20240429;101909;234;1000;10234471002;B
20240429;101909;234;50;10234471003;B
20240429;101909;234;500;10234471004;B
20240429;101909;234;70;10234471005;B
20240429;101909;234;10;10234471006;B
20240429;101909;234;10;10234471007;B
20240429;101909;234;280;10234471008;B
20240429;101909;234;10;10234471009;B
20240429;101909;234;50;10234471010;B
20240429;101909;234;10;10234471011;B
20240429;101909;234;1000;10234471012;B
20240429;101909;234;30;10234471013;B
20240429;101909;234;40;10234471014;B
20240429;101909;234;10;10234471015;B
20240429;101909;234;10;10234471016;B
20240429;101909;234;60;10234471017;B
20240429;101909;234;200;10234471018;B
20240429;101909;234;100;10234471019;B
20240429;101909;234;10;10234471020;B
20240429;101909;234;30;10234471021;B
20240429;101909;234;50;10234471022;B
20240429;101909;234;20;10234471023;B
20240429;101909;234;10;10234471024;B
20240429;101909;234;20;10234471025;B
20240429;101909;234;10;10234471026;B
20240429;101909;234;190;10234471027;B
20240429;101909;234;860;10234471029;B
20240429;101909;234;400;10234471036;B
20240429;101909;234;30;10234471038;B
20240429;101909;234;40;10234471047;B
20240429;101909;234;90;10234471063;B
20240429;101909;234;60;10234471086;B
20240429;101909;234;2100;10234471087;B
20240429;101909;234;500;10234471095;B
20240429;101909;234;730;10234471096;B
20240429;101909;234;50;10234471097;B
20240429;101909;234;10;10234471098;B
20240429;101909;234;10;10234471099;B
20240429;101909;234;500;10234471100;B
20240429;101909;234;2700;10234471101;B
20240429;101909;234;20;10234471141;B
20240429;101910;234;140;10234471162;B
20240429;101910;234;860;10234471163;B
20240429;101910;234;20;10234471169;B
20240429;101910;234;120;10234471183;B
20240429;101910;234;10;10234471184;B
20240429;101910;234;50;10234471185;B
20240429;101910;234;120;10234471186;B
20240429;101910;234;80;10234471194;B
20240429;101910;234;10;10234471195;B
20240429;101910;234;10;10234471196;B
20240429;101910;234;30;10234471197;B
20240429;101910;234;100;10234471198;B
20240429;101910;234;100;10234471199;B
20240429;101910;234;10;10234471200;B
20240429;101910;234;70;10234471201;B
20240429;101910;234;550;10234471202;B
20240429;101910;234;50;10234471203;B
20240429;101910;234;150;10234471204;B
20240429;101910;234;90;10234471205;B
20240429;101910;233.98;10;10234471211;S
20240429;101910;233.97;10;10234471212;S
20240429;101910;234;10;10234471213;B
20240429;101910;234;10;10234471214;B
20240429;101910;234;40;10234471215;B
20240429;101910;234;700;10234471216;B
20240429;101910;234;130;10234471233;B
20240429;101910;234;120;10234471234;B
20240429;101910;234;100;10234471273;B
20240429;101910;234;50;10234471295;B
20240429;101910;234;30;10234471304;B
20240429;101910;234;30;10234471305;B
20240429;101910;234;70;10234471306;B
20240429;101910;234;10;10234471307;B
20240429;101910;234;10;10234471308;B
20240429;101910;234;10;10234471309;B
20240429;101910;234;120;10234471310;B
20240429;101910;234;20;10234471311;B
20240429;101911;234;20;10234471318;B
20240429;101911;234;10;10234471319;B
20240429;101911;234.09;10;10234471320;B
20240429;101911;234.09;90;10234471321;B
20240429;101911;234.1;20;10234471322;B
20240429;101911;234.1;250;10234471323;B
20240429;101911;234.1;50;10234471326;B
20240429;101911;234.1;320;10234471328;B
20240429;101911;234.1;110;10234471329;B
20240429;101911;234.1;10;10234471332;B
20240429;101911;234.03;150;10234471333;S
20240429;101911;234.1;700;10234471336;B
20240429;101911;234.1;180;10234471337;B
20240429;101911;234.12;10;10234471340;B
20240429;101911;234.13;40;10234471341;B
20240429;101911;234.1;100;10234471342;S
20240429;101911;234.13;40;10234471353;B
20240429;101911;234.13;120;10234471368;B
20240429;101911;234.13;100;10234471369;B
20240429;101911;234.18;100;10234471370;B
20240429;101911;234.18;10;10234471371;B
20240429;101911;234.18;10;10234471372;B
20240429;101911;234.18;50;10234471376;B
20240429;101911;234.18;30;10234471377;B
20240429;101911;234.18;40;10234471378;B
20240429;101911;234.18;500;10234471467;B
20240429;101911;234.18;100;10234471468;B
20240429;101911;234.18;160;10234471475;B
20240429;101911;234.18;30;10234471476;B
20240429;101911;234.2;10;10234471477;B
20240429;101911;234.2;10;10234471478;B
20240429;101911;234.2;250;10234471479;B
20240429;101911;234.2;10;10234471480;B
20240429;101911;234.2;20;10234471481;B
20240429;101911;234.2;3000;10234471482;B
20240429;101911;234.2;50;10234471483;B
20240429;101911;234.2;200;10234471484;B
20240429;101911;234.2;100;10234471485;B
20240429;101911;234.2;10;10234471486;B
20240429;101911;234.24;1000;10234471487;B
20240429;101911;234.25;10;10234471488;B
20240429;101911;234.25;50;10234471489;B
20240429;101911;234.24;20;10234471492;S
20240429;101911;234.24;10;10234471493;S
20240429;101911;234.25;20;10234471501;S
20240429;101911;234.25;80;10234471502;B
20240429;101911;234.27;10;10234471503;B
20240429;101911;234.27;150;10234471509;B
20240429;101911;234.27;20;10234471510;B
20240429;101911;234.28;30;10234471511;B
20240429;101911;234.28;100;10234471513;B
20240429;101911;234.28;400;10234471515;B
20240429;101911;234.29;50;10234471516;B
20240429;101911;234.3;20;10234471517;B
20240429;101911;234.3;20;10234471518;B
20240429;101911;234.31;10;10234471519;B
20240429;101911;234.31;10;10234471521;B
20240429;101911;234.32;120;10234471522;B
20240429;101911;234.32;500;10234471523;B
20240429;101911;234.33;10;10234471524;B
20240429;101911;234.34;500;10234471525;B
20240429;101911;234.36;10;10234471526;B
20240429;101911;234.37;10;10234471527;B
20240429;101911;234.38;210;10234471528;B
20240429;101911;234.38;10;10234471529;B
20240429;101911;234.39;630;10234471530;B
20240429;101911;234.39;100;10234471531;B
20240429;101911;234.39;700;10234471532;B
20240429;101911;234.39;70;10234471535;B
20240429;101911;234.4;10;10234471536;B
20240429;101911;234.4;10;10234471537;B
20240429;101911;234.4;10;10234471539;B
20240429;101911;234.44;10;10234471540;B
20240429;101911;234.44;210;10234471541;B
20240429;101911;234.45;100;10234471542;B
20240429;101911;234.45;20;10234471543;B
20240429;101911;234.45;50;10234471544;B
20240429;101911;234.45;120;10234471545;B
20240429;101911;234.45;20;10234471546;B
20240429;101911;234.46;180;10234471547;B
20240429;101911;234.46;100;10234471548;B
20240429;101911;234.46;200;10234471549;B
20240429;101911;234.46;50;10234471550;B
20240429;101911;234.46;20;10234471551;B
20240429;101911;234.46;80;10234471552;B
20240429;101911;234.46;60;10234471553;B
20240429;101911;234.46;60;10234471554;B
20240429;101911;234.46;50;10234471555;B
20240429;101911;234.43;100;10234471556;S
20240429;101911;234.46;50;10234471557;B
20240429;101911;234.46;20;10234471558;B
20240429;101911;234.46;100;10234471559;B
20240429;101911;234.46;20;10234471560;B
20240429;101911;234.48;100;10234471561;B
20240429;101911;234.48;50;10234471562;B
20240429;101911;234.48;40;10234471563;B
20240429;101911;234.48;810;10234471564;B
20240429;101911;234.49;50;10234471565;B
20240429;101911;234.49;10;10234471566;B
20240429;101911;234.49;10;10234471567;B
20240429;101911;234.49;300;10234471568;B
20240429;101911;234.49;300;10234471572;B
20240429;101911;234.44;10;10234471573;S
20240429;101911;234.49;1760;10234471586;B
20240429;101911;234.49;30;10234471591;B
20240429;101911;234.49;80;10234471596;B
20240429;101911;234.49;300;10234471598;B
20240429;101911;234.49;840;10234471611;B
20240429;101911;234.49;220;10234471618;B
20240429;101911;234.49;70;10234471620;B
20240429;101911;234.49;70;10234471625;B
20240429;101911;234.49;250;10234471627;B
20240429;101911;234.49;40;10234471629;B
20240429;101911;234.49;740;10234471630;B
20240429;101911;234.5;190;10234471631;B
20240429;101911;234.5;70;10234471632;B
20240429;101912;234.5;300;10234471638;B
20240429;101912;234.5;1000;10234471639;B
20240429;101912;234.5;200;10234471642;B
20240429;101912;234.5;680;10234471643;B
20240429;101912;234.5;600;10234471644;B
20240429;101912;234.5;2200;10234471645;B
20240429;101912;234.5;30;10234471647;B
20240429;101912;234.5;30;10234471650;B
20240429;101912;234.5;1250;10234471651;B
20240429;101912;234.5;50;10234471652;B
20240429;101912;234.5;50;10234471657;B
20240429;101912;234.5;120;10234471661;B
20240429;101912;234.5;50;10234471663;B
20240429;101912;234.5;100;10234471664;B
20240429;101912;234.5;10;10234471665;B
20240429;101912;234.5;50;10234471666;B
20240429;101912;234.5;50;10234471667;B
20240429;101912;234.44;100;10234471669;S
20240429;101912;234.5;90;10234471670;B
20240429;101912;234.5;70;10234471673;B
20240429;101912;234.5;100;10234471674;B
20240429;101912;234.5;430;10234471675;B
20240429;101912;234.5;40;10234471676;B
20240429;101912;234.5;50;10234471678;B
20240429;101912;234.44;50;10234471679;S
20240429;101912;234.5;120;10234471680;B
20240429;101912;234.44;20;10234471681;S
20240429;101912;234.5;50;10234471682;B
20240429;101912;234.5;50;10234471683;B
20240429;101912;234.5;150;10234471684;B
20240429;101912;234.5;200;10234471685;B
20240429;101912;234.5;500;10234471686;B
20240429;101912;234.5;40;10234471688;B
20240429;101912;234.5;50;10234471689;B
20240429;101912;234.5;500;10234471691;B
20240429;101912;234.5;50;10234471692;B
20240429;101912;234.44;20;10234471693;S
20240429;101912;234.5;40;10234471694;B
20240429;101912;234.5;50;10234471696;B
20240429;101912;234.5;100;10234471697;B
20240429;101912;234.5;100;10234471698;B
20240429;101912;234.5;100;10234471699;B
20240429;101912;234.44;20;10234471700;S
20240429;101912;234.5;60;10234471701;B
20240429;101912;234.5;40;10234471702;B
20240429;101912;234.5;20;10234471703;B
20240429;101912;234.5;200;10234471704;B
20240429;101912;234.5;100;10234471705;B
20240429;101912;234.5;100;10234471706;B
20240429;101912;234.5;50;10234471709;B
20240429;101912;234.5;50;10234471710;B
20240429;101912;234.5;150;10234471711;B
20240429;101912;234.5;100;10234471712;B
20240429;101912;234.5;50;10234471713;B
20240429;101912;234.5;50;10234471714;B
20240429;101912;234.5;60;10234471715;B
20240429;101912;234.5;100;10234471716;B
20240429;101912;234.5;100;10234471718;B
20240429;101912;234.5;100;10234471719;B
20240429;101912;234.5;100;10234471721;B
20240429;101912;234.5;50;10234471722;B
20240429;101912;234.45;20;10234471723;S
20240429;101912;234.5;40;10234471725;B
20240429;101912;234.5;50;10234471726;B
20240429;101912;234.5;50;10234471728;B
20240429;101912;234.5;40;10234471729;B
20240429;101912;234.5;80;10234471731;B
20240429;101912;234.5;200;10234471733;B
20240429;101912;234.5;60;10234471735;B
20240429;101912;234.5;50;10234471736;B
20240429;101912;234.5;200;10234471737;B
20240429;101912;234.49;30;10234471738;B
20240429;101912;234.49;120;10234471739;B
20240429;101912;234.5;200;10234471740;B
20240429;101912;234.5;500;10234471741;B
20240429;101912;234.5;50;10234471742;B
20240429;101912;234.5;50;10234471744;B
20240429;101912;234.5;40;10234471745;B
20240429;101912;234.5;50;10234471746;B
20240429;101912;234.45;30;10234471747;S
20240429;101912;234.45;400;10234471748;S
20240429;101912;234.44;120;10234471749;S
20240429;101912;234.43;200;10234471750;S
20240429;101912;234.43;100;10234471751;S
20240429;101912;234.43;30;10234471752;S
20240429;101912;234.42;20;10234471753;S
20240429;101912;234.42;250;10234471754;S
20240429;101912;234.41;50;10234471755;S
20240429;101912;234.4;60;10234471756;S
20240429;101912;234.4;60;10234471757;S
20240429;101912;234.4;50;10234471758;S
20240429;101912;234.4;150;10234471759;S
20240429;101912;234.4;190;10234471760;S
20240429;101912;234.4;50;10234471761;S
20240429;101912;234.4;150;10234471762;S
20240429;101912;234.4;30;10234471763;S
20240429;101912;234.4;50;10234471764;S
20240429;101912;234.39;10;10234471765;S
20240429;101912;234.39;500;10234471766;S
20240429;101912;234.39;700;10234471767;S
20240429;101912;234.39;50;10234471768;S
20240429;101912;234.39;220;10234471769;S
20240429;101912;234.49;50;10234471770;B
20240429;101912;234.48;70;10234471772;S
20240429;101912;234.48;30;10234471773;B
20240429;101912;234.49;20;10234471774;B
20240429;101912;234.49;50;10234471775;B
20240429;101912;234.49;50;10234471776;B
20240429;101912;234.49;30;10234471777;B
20240429;101912;234.49;140;10234471778;B
20240429;101912;234.49;60;10234471779;B
20240429;101912;234.42;40;10234471780;S
20240429;101912;234.49;150;10234471781;B
20240429;101912;234.49;300;10234471782;B
20240429;101912;234.5;40;10234471783;B
20240429;101912;234.5;40;10234471784;B
20240429;101912;234.5;100;10234471785;B
20240429;101912;234.5;100;10234471786;B
20240429;101912;234.5;50;10234471787;B
20240429;101912;234.5;300;10234471788;B
20240429;101912;234.42;20;10234471789;S
20240429;101912;234.42;50;10234471790;B
20240429;101912;234.42;100;10234471791;B
20240429;101912;234.42;30;10234471792;B
20240429;101912;234.5;20;10234471793;B
20240429;101912;234.5;200;10234471794;B
20240429;101912;234.5;100;10234471795;B
20240429;101912;234.5;60;10234471796;B
20240429;101912;234.5;100;10234471797;B
20240429;101912;234.5;80;10234471798;B
20240429;101912;234.5;50;10234471799;B
20240429;101912;234.5;50;10234471800;B
20240429;101912;234.5;250;10234471801;B
20240429;101912;234.5;50;10234471802;B
20240429;101912;234.49;200;10234471803;B
20240429;101912;234.49;70;10234471804;B
20240429;101912;234.5;220;10234471805;B
20240429;101912;234.5;60;10234471806;B
20240429;101912;234.5;150;10234471807;B
20240429;101912;234.5;50;10234471808;B
20240429;101912;234.5;30;10234471809;B
20240429;101912;234.5;100;10234471810;B
20240429;101912;234.5;100;10234471811;B
20240429;101912;234.5;100;10234471812;B
20240429;101912;234.5;20;10234471813;B
20240429;101912;234.5;100;10234471814;B
20240429;101912;234.5;100;10234471815;B
20240429;101912;234.5;50;10234471816;B
20240429;101912;234.5;150;10234471817;B
20240429;101912;234.41;20;10234471819;S
20240429;101912;234.5;150;10234471820;B
20240429;101912;234.5;100;10234471821;B
20240429;101912;234.5;60;10234471822;B
20240429;101912;234.5;100;10234471825;B
20240429;101912;234.5;100;10234471826;B
20240429;101912;234.5;20;10234471827;B
20240429;101912;234.5;350;10234471828;B
20240429;101912;234.5;100;10234471829;B
20240429;101912;234.5;50;10234471830;B
20240429;101912;234.5;50;10234471831;B
20240429;101912;234.5;300;10234471832;B
20240429;101912;234.5;50;10234471833;B
20240429;101912;234.5;1890;10234471834;B
20240429;101912;234.5;30;10234471835;B
20240429;101912;234.5;30;10234471836;B
20240429;101912;234.5;400;10234471837;B
20240429;101912;234.5;20;10234471838;B
20240429;101912;234.5;50;10234471839;B
20240429;101912;234.5;70;10234471840;B
20240429;101912;234.5;10;10234471841;B
20240429;101912;234.5;60;10234471842;B
20240429;101912;234.52;60;10234471843;B
20240429;101912;234.54;10;10234471844;B
20240429;101912;234.54;10;10234471845;B
20240429;101912;234.54;60;10234471846;B
20240429;101912;234.55;130;10234471847;B
20240429;101912;234.56;10;10234471848;B
20240429;101912;234.56;50;10234471849;B
20240429;101912;234.56;20;10234471850;B
20240429;101912;234.56;10;10234471851;B
20240429;101912;234.58;10;10234471852;B
20240429;101912;234.6;20;10234471853;B
20240429;101912;234.6;60;10234471854;B
20240429;101912;234.6;10;10234471855;B
20240429;101912;234.61;10;10234471856;B
20240429;101912;234.62;760;10234471857;B
20240429;101912;234.63;100;10234471858;B
20240429;101912;234.66;340;10234471859;B
20240429;101912;234.67;50;10234471860;B
20240429;101912;234.67;970;10234471861;B
20240429;101912;234.7;10;10234471862;B
20240429;101912;234.7;20;10234471863;B
20240429;101912;234.73;120;10234471864;B
20240429;101912;234.75;10;10234471865;B
20240429;101912;234.75;20;10234471866;B
20240429;101912;234.75;70;10234471867;B
20240429;101912;234.75;50;10234471868;B
20240429;101912;234.75;60;10234471869;B
20240429;101912;234.75;200;10234471870;B
20240429;101912;234.75;50;10234471871;B
20240429;101912;234.74;60;10234471872;S
20240429;101912;234.64;60;10234471874;S
20240429;101912;234.62;40;10234471875;S
20240429;101912;234.75;50;10234471876;B
20240429;101912;234.75;50;10234471877;B
20240429;101912;234.74;100;10234471878;S
20240429;101912;234.75;150;10234471879;B
20240429;101912;234.74;50;10234471880;B
20240429;101912;234.74;10;10234471881;B
20240429;101912;234.75;90;10234471882;B
20240429;101912;234.75;350;10234471883;B
20240429;101912;234.75;50;10234471884;B
20240429;101912;234.75;30;10234471885;B
20240429;101912;234.76;70;10234471886;B
20240429;101912;234.76;140;10234471887;B
20240429;101912;234.76;70;10234471888;B
20240429;101912;234.8;60;10234471889;B
20240429;101912;234.8;20;10234471890;B
20240429;101912;234.8;10;10234471891;B
20240429;101912;234.82;10;10234471892;B
20240429;101912;234.82;20;10234471893;B
20240429;101912;234.82;10;10234471894;B
20240429;101912;234.84;10;10234471895;B
20240429;101912;234.85;40;10234471896;B
20240429;101912;234.85;10;10234471897;B
20240429;101912;234.87;90;10234471898;B
20240429;101912;234.87;50;10234471899;B
20240429;101912;234.72;10;10234471900;S
20240429;101912;234.87;100;10234471901;B
20240429;101912;234.87;100;10234471902;B
20240429;101912;234.86;10;10234471903;B
20240429;101912;234.87;40;10234471904;B
20240429;101912;234.87;100;10234471905;B
20240429;101912;234.87;390;10234471906;B
20240429;101912;234.88;10;10234471907;B
20240429;101912;234.88;40;10234471908;B
20240429;101912;234.88;60;10234471909;B
20240429;101912;234.88;40;10234471910;B
20240429;101912;234.88;110;10234471911;B
20240429;101912;234.87;50;10234471912;B
20240429;101912;234.87;100;10234471913;B
20240429;101912;234.87;50;10234471914;B
20240429;101912;234.87;60;10234471915;B
20240429;101912;234.87;50;10234471916;B
20240429;101912;234.74;100;10234471918;S
20240429;101912;234.72;10;10234471925;S
20240429;101912;234.87;200;10234471929;B
20240429;101912;234.63;10;10234471930;S
20240429;101912;234.85;50;10234471931;B
20240429;101912;234.63;300;10234471934;S
20240429;101912;234.85;50;10234471939;B
20240429;101912;234.85;100;10234471940;B
20240429;101912;234.63;10;10234471941;S
20240429;101912;234.85;50;10234471943;B
20240429;101912;234.85;10;10234471944;B
20240429;101912;234.85;50;10234471945;B
20240429;101912;234.85;70;10234471947;B
20240429;101912;234.85;50;10234471948;B
20240429;101912;234.68;140;10234471949;S
20240429;101912;234.85;50;10234471950;B
20240429;101912;234.85;30;10234471951;B
20240429;101912;234.68;80;10234471952;S
20240429;101912;234.85;50;10234471953;B
20240429;101912;234.85;50;10234471954;B
20240429;101912;234.68;60;10234471955;S
20240429;101912;234.68;480;10234471956;S
20240429;101912;234.67;60;10234471957;S
20240429;101912;234.67;60;10234471958;S
20240429;101912;234.65;200;10234471959;S
20240429;101912;234.79;50;10234471960;B
20240429;101912;234.79;80;10234471961;B
20240429;101912;234.79;390;10234471962;B
20240429;101912;234.8;10;10234471963;B
20240429;101912;234.81;100;10234471965;B
20240429;101912;234.81;200;10234471966;B
20240429;101912;234.82;60;10234471967;B
20240429;101912;234.82;20;10234471968;B
20240429;101912;234.82;30;10234471969;B
20240429;101912;234.82;10;10234471971;B
20240429;101912;234.85;40;10234471972;B
20240429;101912;234.74;20;10234471973;S
20240429;101912;234.74;10;10234471974;S
20240429;101912;234.85;10;10234471975;B
20240429;101912;234.75;10;10234471977;S
20240429;101912;234.85;300;10234471988;B
20240429;101912;234.85;60;10234471989;B
20240429;101912;234.85;90;10234471990;B
20240429;101912;234.75;50;10234471991;S
20240429;101912;234.74;160;10234471992;S
20240429;101912;234.74;10;10234471994;S
20240429;101912;234.84;60;10234471996;B
20240429;101912;234.85;690;10234471997;B
20240429;101912;234.85;60;10234472000;B
20240429;101912;234.85;500;10234472004;B
20240429;101912;234.8;30;10234472005;S
20240429;101912;234.74;40;10234472016;S
20240429;101912;234.8;50;10234472022;B
20240429;101912;234.74;160;10234472023;S
20240429;101912;234.72;60;10234472024;S
20240429;101912;234.72;80;10234472025;B
20240429;101912;234.8;20;10234472026;B
20240429;101912;234.85;300;10234472027;B
20240429;101912;234.85;180;10234472028;B
20240429;101912;234.84;50;10234472033;B
20240429;101912;234.84;150;10234472034;B
20240429;101912;234.84;200;10234472036;B
20240429;101912;234.84;190;10234472049;B
20240429;101912;234.85;340;10234472050;B
20240429;101912;234.85;60;10234472051;B
20240429;101912;234.86;410;10234472052;B
20240429;101912;234.86;90;10234472054;B
20240429;101912;234.86;10;10234472055;B
20240429;101912;234.87;120;10234472056;B
20240429;101912;234.88;80;10234472057;B
20240429;101912;234.88;300;10234472058;B
20240429;101912;234.79;60;10234472060;S
20240429;101912;234.78;40;10234472061;S
20240429;101912;234.78;100;10234472063;B
20240429;101912;234.87;60;10234472064;B
20240429;101912;234.88;110;10234472065;B
20240429;101912;234.88;30;10234472066;B
20240429;101912;234.88;500;10234472070;B
20240429;101912;234.88;100;10234472071;B
20240429;101912;234.88;20;10234472072;B
20240429;101912;234.88;200;10234472074;B
20240429;101912;234.88;150;10234472076;B
20240429;101912;234.89;70;10234472077;B
20240429;101912;234.89;70;10234472078;B
20240429;101912;234.89;10;10234472079;B
20240429;101912;234.89;50;10234472080;B
20240429;101912;234.9;100;10234472081;B
20240429;101912;234.9;100;10234472082;B
20240429;101912;234.9;50;10234472083;B
20240429;101912;234.9;60;10234472085;B
20240429;101912;234.9;20;10234472086;B
20240429;101912;234.91;20;10234472087;B
20240429;101912;234.91;80;10234472088;B
20240429;101912;234.91;20;10234472089;B
20240429;101912;234.91;50;10234472090;B
20240429;101912;234.81;20;10234472092;S
20240429;101913;234.91;50;10234472095;B
20240429;101913;234.91;250;10234472096;B
20240429;101913;234.81;320;10234472097;S
20240429;101913;234.76;1780;10234472098;B
20240429;101913;234.91;50;10234472110;B
20240429;101913;234.93;10;10234472111;B
20240429;101913;234.93;10;10234472112;B
20240429;101913;234.94;10;10234472113;B
20240429;101913;234.95;20;10234472114;B
20240429;101913;234.95;100;10234472115;B
20240429;101913;234.95;80;10234472117;B
20240429;101913;234.96;20;10234472118;B
20240429;101913;234.96;90;10234472119;B
20240429;101913;234.97;10;10234472120;B
20240429;101913;234.97;20;10234472121;B
20240429;101913;234.98;10;10234472122;B
20240429;101913;234.98;20;10234472123;B
20240429;101913;234.98;340;10234472124;B
20240429;101913;234.99;1000;10234472125;B
20240429;101913;234.99;10;10234472126;B
20240429;101913;234.99;10;10234472127;B
20240429;101913;234.99;70;10234472128;B
20240429;101913;235;10;10234472129;B
20240429;101913;235;10;10234472130;B
20240429;101913;235;1000;10234472131;B
20240429;101913;234.82;50;10234472132;S
20240429;101913;235;60;10234472133;B
20240429;101913;235;10;10234472134;B
20240429;101913;235;20;10234472135;B
20240429;101913;235;10;10234472136;B
20240429;101913;235;90;10234472139;B
20240429;101913;234.86;340;10234472141;S
20240429;101913;234.82;400;10234472142;S
20240429;101913;234.77;520;10234472143;S
20240429;101913;234.77;1240;10234472144;S
20240429;101913;234.76;60;10234472145;S
20240429;101913;234.76;20;10234472146;S
20240429;101913;234.86;340;10234472147;B
20240429;101913;234.93;10;10234472148;B
20240429;101913;234.89;10;10234472149;B
20240429;101913;234.89;330;10234472150;B
20240429;101913;234.92;1240;10234472151;B
20240429;101913;234.93;130;10234472152;B
20240429;101913;234.93;10;10234472153;B
20240429;101913;234.93;250;10234472155;B
20240429;101913;235;50;10234472156;B
20240429;101913;235;10;10234472157;B
20240429;101913;235;50;10234472158;B
20240429;101913;235;90;10234472159;B
20240429;101913;235;30;10234472160;B
20240429;101913;235;10;10234472161;B
20240429;101913;235;100;10234472162;B
20240429;101913;235;20;10234472163;B
20240429;101913;235;10;10234472164;B
20240429;101913;235;80;10234472165;B
20240429;101913;235;20;10234472166;B
20240429;101913;235;60;10234472167;B
20240429;101913;235;10;10234472168;B
20240429;101913;234.76;10;10234472169;S
20240429;101913;234.76;10;10234472170;S
20240429;101913;234.77;50;10234472172;B
20240429;101913;234.77;50;10234472174;B
20240429;101913;234.85;150;10234472175;B
20240429;101913;234.77;50;10234472178;S
20240429;101913;234.85;150;10234472180;B
20240429;101913;234.96;150;10234472181;B
20240429;101913;234.82;250;10234472183;S
20240429;101913;234.97;150;10234472184;B
20240429;101913;235;30;10234472185;B
20240429;101913;235;10;10234472186;B
20240429;101913;235;10;10234472187;B
20240429;101913;235;10;10234472188;B
20240429;101913;235;20;10234472189;B
20240429;101913;235;150;10234472190;B
20240429;101913;235;10;10234472191;B
20240429;101913;235;10;10234472192;B
20240429;101913;235;10;10234472193;B
20240429;101913;235;10;10234472194;B
20240429;101913;235;10;10234472195;B
20240429;101913;235;100;10234472197;B
20240429;101913;234.86;290;10234472203;S
20240429;101913;235;10;10234472205;B
20240429;101913;234.86;30;10234472206;S
20240429;101913;234.83;10;10234472207;S
20240429;101913;235;10;10234472208;B
20240429;101913;235;990;10234472209;B
20240429;101913;235;300;10234472210;B
