<DATE>;<TIME>;<LAST>;<VOL>;<ID>;<OPER>
20241016;095954;131.7;40;11302961312;B
20241016;095954;131.7;10;11302961313;S
20241016;095954;131.7;10;11302961314;S
20241016;095954;131.7;10;11302961315;S
20241016;095954;131.7;10;11302961316;S
20241016;095954;131.7;40;11302961317;S
20241016;095954;131.7;40;11302961318;S
20241016;095954;131.7;10;11302961319;S
20241016;095954;131.7;10;11302961320;S
20241016;095954;131.7;10;11302961321;S
20241016;095954;131.7;10;11302961322;S
20241016;095954;131.7;10;11302961323;S
20241016;095954;131.7;20;11302961324;S
20241016;095954;131.7;10;11302961325;S
20241016;100000;131.7;640;11302962309;B
20241016;100006;131.58;60;11302967667;S
20241016;100006;131.58;60;11302967668;S
20241016;100006;131.56;10;11302967669;S
20241016;100006;131.56;760;11302967670;S
20241016;100006;131.56;60;11302967671;S
20241016;100006;131.56;160;11302967672;S
20241016;100006;131.56;90;11302967673;S
20241016;100010;131.56;10;11302970871;S
20241016;100043;131.68;10;11302978440;B
20241016;100103;131.7;100;11302983135;B
20241016;100116;131.7;10;11302985899;B
20241016;100123;131.7;10;11302987685;B
20241016;100131;131.7;10;11302989211;B
20241016;100140;131.8;10;11302990812;B
20241016;100145;131.72;10;11302991968;S
20241016;100148;131.8;30;11302992497;B
20241016;100158;131.8;110;11302994854;B
20241016;100158;131.84;50;11302994855;B
20241016;100158;131.84;130;11302994856;S
20241016;100159;131.84;110;11302995127;S
20241016;100219;131.82;60;11302999556;B
20241016;100219;131.86;290;11302999557;B
20241016;100247;131.92;20;11303006808;B
20241016;100252;131.9;10;11303008173;S
20241016;100310;131.9;10;11303013201;B
20241016;100314;131.92;10;11303014811;B
20241016;100442;131.98;370;11303038772;B
20241016;100452;131.96;10;11303041612;B
20241016;100458;131.92;10;11303042668;S
20241016;100458;131.92;30;11303042669;S
20241016;100458;131.92;10;11303042670;S
20241016;100458;131.92;400;11303042671;S
20241016;100458;131.92;140;11303042672;S
20241016;100458;131.9;120;11303042673;S
20241016;100458;131.9;80;11303042674;S
20241016;100458;131.9;20;11303042675;S
20241016;100458;131.9;140;11303042676;S
20241016;100459;131.88;10;11303042969;B
20241016;100510;131.9;20;11303045745;B
20241016;100511;131.9;30;11303045775;B
20241016;100520;131.9;1000;11303047798;B
20241016;100520;131.94;390;11303047799;B
20241016;100520;131.96;620;11303047800;B
20241016;100520;131.98;2480;11303047801;B
20241016;100520;132;50;11303047802;B
20241016;100520;132;50;11303047803;B
20241016;100520;132;410;11303047804;B
20241016;100528;132;30;11303049607;B
20241016;100528;131.9;100;11303049634;S
20241016;100528;131.86;600;11303049635;S
20241016;100535;131.98;30;11303050826;B
20241016;100539;131.86;60;11303051602;S
20241016;100539;131.84;440;11303051603;S
20241016;100544;131.94;10;11303052455;B
20241016;100545;131.96;10;11303052649;B
20241016;100547;131.96;470;11303053174;B
20241016;100547;131.98;410;11303053175;B
20241016;100557;131.84;10;11303054820;S
20241016;100622;131.84;10;11303060093;B
20241016;100626;131.84;10;11303060801;B
20241016;100631;131.84;40;11303061795;B
20241016;100639;131.86;120;11303063415;S
20241016;100639;131.86;140;11303063457;S
20241016;100640;131.86;10;11303063547;B
20241016;100654;131.86;130;11303066164;B
20241016;100654;131.96;140;11303066165;B
20241016;100654;131.98;40;11303066166;B
20241016;100705;131.96;10;11303068220;B
20241016;100708;131.96;20;11303068943;B
20241016;100721;131.96;50;11303071900;B
20241016;100721;131.98;50;11303071901;B
20241016;100721;131.98;50;11303071902;B
20241016;100726;131.96;50;11303072727;B
20241016;100726;131.96;50;11303072728;B
20241016;100733;132;10;11303073842;B
20241016;100734;131.96;700;11303074060;S
20241016;100802;131.94;10;11303079439;B
20241016;100802;131.96;10;11303079529;B
20241016;100817;131.94;50;11303082166;B
20241016;100817;131.96;290;11303082167;B
20241016;100817;131.96;50;11303082168;B
20241016;100817;131.98;10;11303082169;B
20241016;100817;132;100;11303082170;B
20241016;100833;131.84;20;11303084912;S
20241016;100836;131.84;120;11303085401;S
20241016;100836;131.84;20;11303085402;S
20241016;100836;131.82;50;11303085403;S
20241016;100836;131.8;50;11303085404;S
20241016;100836;131.8;260;11303085405;S
20241016;100905;131.8;10;11303090138;S
20241016;100905;131.8;50;11303090226;S
20241016;100905;131.8;20;11303090227;S
20241016;100905;131.8;150;11303090228;S
20241016;100958;131.94;10;11303099617;B
20241016;101040;131.94;10;11303107117;B
20241016;101040;131.94;70;11303107125;B
20241016;101040;131.96;30;11303107126;B
20241016;101040;131.96;60;11303107127;S
20241016;101053;131.9;20;11303109427;S
20241016;101105;131.94;30;11303111338;B
20241016;101119;131.94;10;11303113298;B
20241016;101126;131.9;80;11303114279;S
20241016;101126;131.9;20;11303114280;S
20241016;101141;131.92;10;11303116344;B
20241016;101205;131.92;10;11303120322;B
20241016;101206;131.94;10;11303120343;B
20241016;101209;131.94;30;11303120870;B
20241016;101216;131.92;10;11303121817;B
20241016;101231;131.92;20;11303123847;B
20241016;101231;131.94;30;11303123848;B
20241016;101239;131.94;20;11303124781;B
20241016;101239;131.94;610;11303124782;B
20241016;101256;131.94;20;11303126891;B
20241016;101315;131.94;110;11303129484;B
20241016;101315;131.94;30;11303129485;B
20241016;101315;131.94;160;11303129486;B
20241016;101320;131.92;10;11303130250;S
20241016;101331;131.94;10;11303131839;B
20241016;101336;131.92;30;11303132737;S
20241016;101339;131.94;20;11303133098;B
20241016;101340;131.92;60;11303133372;S
20241016;101340;131.92;40;11303133373;S
20241016;101400;131.94;10;11303136842;B
20241016;101400;131.92;50;11303136906;S
20241016;101418;131.94;50;11303139303;B
20241016;101426;131.94;10;11303140250;B
20241016;101433;131.92;240;11303141234;S
20241016;101433;131.92;30;11303141235;S
20241016;101433;131.9;10;11303141236;S
20241016;101433;131.9;30;11303141237;S
20241016;101433;131.8;670;11303141238;S
20241016;101433;131.8;50;11303141239;S
20241016;101433;131.8;480;11303141240;B
20241016;101433;131.8;150;11303141350;B
20241016;101434;131.8;100;11303141454;B
20241016;101440;131.8;10;11303142341;B
20241016;101444;131.8;20;11303142983;B
20241016;101445;131.76;100;11303143231;S
20241016;101502;131.8;10;11303146706;B
20241016;101503;131.8;20;11303147041;B
20241016;101503;131.8;100;11303147077;B
20241016;101515;131.92;10;11303150902;B
20241016;101520;131.92;10;11303152363;B
20241016;101526;131.92;10;11303153955;B
20241016;101528;131.92;10;11303154649;B
20241016;101531;131.92;40;11303155569;B
20241016;101535;131.92;20;11303156619;B
20241016;101555;131.92;10;11303161914;B
20241016;101601;131.92;10;11303163939;B
20241016;101636;131.92;10;11303173828;B
20241016;101637;131.92;80;11303173900;B
20241016;101642;131.92;20;11303174767;B
20241016;101649;131.92;10;11303175710;B
20241016;101652;131.92;10;11303176370;B
20241016;101722;131.86;10;11303181230;B
20241016;101749;131.88;350;11303189094;B
20241016;101749;131.88;50;11303189095;B
20241016;101749;131.9;340;11303189096;B
20241016;101805;131.88;40;11303194321;B
20241016;101813;131.88;70;11303196668;B
20241016;101818;131.88;60;11303197930;B
20241016;101818;131.88;150;11303197931;B
20241016;101833;131.88;20;11303200268;S
20241016;101833;131.82;570;11303200269;S
20241016;101842;131.8;650;11303202118;S
20241016;101842;131.8;10;11303202119;S
20241016;101917;131.8;10;11303209865;B
20241016;101919;131.82;20;11303210280;B
20241016;101932;131.72;30;11303213383;S
20241016;101943;131.8;40;11303214828;B
20241016;101946;131.8;390;11303215175;B
20241016;101946;131.8;190;11303215176;B
20241016;101946;131.82;10;11303215177;B
20241016;101951;131.82;70;11303215678;B
20241016;102000;131.8;10;11303216786;B
20241016;102000;131.82;90;11303216787;B
20241016;102010;131.8;30;11303217917;B
20241016;102021;131.72;70;11303220141;S
20241016;102021;131.72;50;11303220142;S
20241016;102021;131.7;50;11303220143;S
20241016;102021;131.7;10;11303220144;S
20241016;102021;131.7;50;11303220145;S
20241016;102021;131.7;10;11303220146;S
20241016;102021;131.7;50;11303220147;S
20241016;102021;131.7;10;11303220148;S
20241016;102026;131.78;10;11303221652;B
20241016;102033;131.74;50;11303225494;B
20241016;102053;131.7;150;11303238974;S
20241016;102113;131.7;480;11303250943;S
20241016;102113;131.7;120;11303250944;S
20241016;102113;131.7;120;11303250945;S
20241016;102117;131.7;30;11303253985;S
20241016;102152;131.7;10;11303268243;B
20241016;102159;131.7;60;11303269343;B
20241016;102159;131.7;250;11303269344;B
20241016;102159;131.72;10;11303269345;B
20241016;102159;131.74;50;11303269346;B
20241016;102159;131.76;30;11303269347;B
20241016;102159;131.76;100;11303269348;B
20241016;102206;131.68;10;11303270255;S
20241016;102206;131.68;20;11303270266;S
20241016;102206;131.74;10;11303270336;B
20241016;102209;131.74;20;11303270776;B
20241016;102226;131.74;60;11303273173;S
20241016;102245;131.74;100;11303275495;S
20241016;102246;131.74;20;11303275592;S
20241016;102251;131.76;10;11303276201;B
20241016;102254;131.76;20;11303276429;B
20241016;102339;131.76;170;11303282634;B
20241016;102339;131.76;30;11303282635;B
20241016;102347;131.76;20;11303283671;B
20241016;102402;131.76;80;11303285520;B
20241016;102419;131.74;800;11303287335;S
20241016;102419;131.74;1000;11303287336;S
20241016;102419;131.72;30;11303287337;S
20241016;102419;131.72;100;11303287338;S
20241016;102419;131.7;100;11303287339;S
20241016;102419;131.7;100;11303287340;S
20241016;102420;131.7;10;11303287404;B
20241016;102425;131.68;20;11303288086;S
20241016;102425;131.68;10;11303288087;S
20241016;102427;131.68;10;11303288357;S
20241016;102441;131.7;100;11303290465;B
20241016;102442;131.68;30;11303290613;S
20241016;102452;131.68;10;11303292053;B
20241016;102501;131.66;50;11303293843;S
20241016;102507;131.66;50;11303294782;S
20241016;102507;131.66;10;11303294783;S
20241016;102507;131.64;20;11303294784;S
20241016;102507;131.64;10;11303294785;S
20241016;102507;131.64;850;11303294786;S
20241016;102511;131.64;10;11303295323;B
20241016;102520;131.66;70;11303296578;B
20241016;102521;131.62;70;11303296672;S
20241016;102528;131.66;10;11303297647;B
20241016;102530;131.68;100;11303297971;B
20241016;102554;131.62;400;11303302298;S
20241016;102555;131.66;50;11303302457;B
20241016;102557;131.68;70;11303303062;B
20241016;102603;131.64;10;11303304624;B
20241016;102609;131.64;180;11303305932;B
20241016;102610;131.62;640;11303306310;S
20241016;102610;131.62;10;11303306311;S
20241016;102610;131.62;10;11303306312;S
20241016;102610;131.62;10;11303306313;S
20241016;102610;131.62;20;11303306314;S
20241016;102610;131.62;10;11303306315;B
20241016;102610;131.62;50;11303306316;B
20241016;102610;131.62;60;11303306317;B
20241016;102610;131.62;60;11303306318;B
20241016;102611;131.62;60;11303306594;B
20241016;102619;131.6;10;11303307880;S
20241016;102633;131.62;70;11303309563;B
20241016;102633;131.64;20;11303309564;B
20241016;102652;131.64;70;11303311907;B
20241016;102659;131.6;90;11303312609;S
20241016;102659;131.6;30;11303312610;S
20241016;102659;131.6;10;11303312611;S
20241016;102659;131.6;400;11303312612;S
20241016;102659;131.6;120;11303312613;S
20241016;102659;131.6;10;11303312614;S
20241016;102659;131.58;100;11303312615;S
20241016;102659;131.58;20;11303312616;S
20241016;102659;131.58;120;11303312617;S
20241016;102659;131.56;10;11303312618;S
20241016;102659;131.56;100;11303312619;S
20241016;102659;131.56;420;11303312620;S
20241016;102659;131.54;1000;11303312621;S
20241016;102659;131.54;10;11303312622;S
20241016;102659;131.52;30;11303312623;S
20241016;102659;131.52;50;11303312624;S
20241016;102659;131.52;100;11303312625;S
20241016;102659;131.5;500;11303312626;S
20241016;102659;131.5;10;11303312627;S
20241016;102659;131.5;100;11303312628;S
20241016;102659;131.5;50;11303312629;S
20241016;102659;131.5;120;11303312630;S
20241016;102659;131.5;50;11303312631;S
20241016;102659;131.5;50;11303312632;S
20241016;102659;131.52;210;11303312637;S
20241016;102659;131.52;20;11303312638;S
20241016;102725;131.52;100;11303318007;S
20241016;102729;131.64;720;11303318867;B
20241016;102729;131.64;20;11303318868;B
20241016;102741;131.66;10;11303320736;B
20241016;102757;131.54;20;11303324324;S
20241016;102849;131.66;50;11303334369;B
20241016;102849;131.68;70;11303334370;B
20241016;102854;131.68;10;11303334993;B
20241016;102930;131.62;10;11303339882;B
20241016;102954;131.68;20;11303343122;B
20241016;103015;131.68;10;11303346583;B
20241016;103022;131.68;70;11303347584;B
20241016;103022;131.62;10;11303347695;S
20241016;103052;131.68;10;11303353638;B
20241016;103135;131.64;100;11303361041;S
20241016;103143;131.7;20;11303362796;B
20241016;103143;131.7;20;11303362797;B
20241016;103152;131.7;30;11303364402;B
20241016;103152;131.7;20;11303364547;B
20241016;103228;131.7;30;11303370204;B
20241016;103237;131.7;10;11303371178;B
20241016;103250;131.7;30;11303373229;B
20241016;103317;131.7;50;11303377826;B
20241016;103329;131.64;70;11303379468;S
20241016;103329;131.64;30;11303379469;S
20241016;103329;131.64;20;11303379470;S
20241016;103343;131.62;50;11303381446;S
20241016;103343;131.62;50;11303381447;S
20241016;103343;131.6;360;11303381448;S
20241016;103343;131.6;750;11303381449;S
20241016;103343;131.6;40;11303381450;S
20241016;103343;131.56;40;11303381451;S
20241016;103343;131.56;50;11303381452;S
20241016;103343;131.54;170;11303381453;S
20241016;103343;131.54;50;11303381454;S
20241016;103343;131.54;10;11303381455;S
20241016;103343;131.54;20;11303381456;S
20241016;103350;131.54;10;11303382672;B
20241016;103400;131.52;10;11303384608;S
20241016;103400;131.52;10;11303384609;S
20241016;103400;131.52;10;11303384610;S
20241016;103400;131.5;40;11303384611;S
20241016;103411;131.54;10;11303386111;B
20241016;103423;131.54;450;11303387521;B
20241016;103456;131.54;10;11303392173;B
20241016;103519;131.54;10;11303395813;B
20241016;103528;131.54;20;11303397207;B
20241016;103541;131.54;30;11303399356;B
20241016;103541;131.52;50;11303399374;S
20241016;103541;131.52;10;11303399375;S
20241016;103541;131.52;100;11303399376;S
20241016;103541;131.52;10;11303399377;S
20241016;103541;131.5;1340;11303399378;S
20241016;103541;131.5;100;11303399379;S
20241016;103541;131.5;90;11303399380;S
20241016;103541;131.5;100;11303399381;S
20241016;103541;131.5;700;11303399382;S
20241016;103541;131.5;20;11303399383;S
20241016;103541;131.5;10;11303399384;S
20241016;103541;131.5;10;11303399385;S
20241016;103541;131.5;720;11303399386;S
20241016;103541;131.5;10;11303399387;S
20241016;103541;131.5;10;11303399388;S
20241016;103541;131.5;10;11303399389;S
20241016;103545;131.52;20;11303399819;B
20241016;103545;131.52;10;11303399835;B
20241016;103546;131.52;50;11303399945;B
20241016;103546;131.52;760;11303400064;B
20241016;103546;131.54;240;11303400065;B
20241016;103555;131.52;80;11303401931;B
20241016;103615;131.54;100;11303406122;B
20241016;103617;131.5;20;11303407159;S
20241016;103619;131.5;100;11303408052;S
20241016;103621;131.5;990;11303408987;S
20241016;103621;131.5;10;11303408988;S
20241016;103636;131.52;10;11303415064;B
20241016;103641;131.52;30;11303415822;B
20241016;103647;131.52;10;11303416511;B
20241016;103700;131.52;150;11303417969;B
20241016;103707;131.52;120;11303418844;B
20241016;103722;131.52;20;11303420383;B
20241016;103730;131.52;10;11303421229;B
20241016;103737;131.52;50;11303422101;B
20241016;103743;131.52;30;11303422675;B
20241016;103744;131.54;10;11303422761;B
20241016;103746;131.52;20;11303422970;S
20241016;103747;131.54;1100;11303423070;B
20241016;103827;131.54;10;11303426994;B
20241016;103829;131.54;10;11303427121;B
20241016;103844;131.54;20;11303428808;B
20241016;103845;131.54;30;11303428926;B
20241016;103902;131.54;100;11303430548;B
20241016;103922;131.54;250;11303432537;B
20241016;103949;131.52;40;11303435279;S
20241016;103949;131.52;200;11303435280;S
20241016;103949;131.5;10;11303435281;S
20241016;104014;131.52;10;11303439290;B
20241016;104026;131.54;10;11303440638;B
20241016;104047;131.5;20;11303442975;S
20241016;104057;131.5;220;11303446182;S
20241016;104124;131.52;510;11303451297;S
20241016;104124;131.5;210;11303451298;S
20241016;104124;131.5;10;11303451299;S
20241016;104124;131.5;100;11303451300;S
20241016;104124;131.5;10;11303451301;S
20241016;104124;131.5;160;11303451302;S
20241016;104136;131.54;380;11303453707;B
20241016;104142;131.5;30;11303454937;S
20241016;104154;131.54;1000;11303456763;B
20241016;104203;131.54;1500;11303458369;B
20241016;104218;131.54;10;11303460133;B
20241016;104219;131.52;400;11303460249;S
20241016;104219;131.52;220;11303460250;S
20241016;104219;131.52;20;11303460251;S
20241016;104247;131.54;10;11303464018;B
20241016;104250;131.52;100;11303465044;S
20241016;104302;131.54;10;11303467590;B
20241016;104311;131.52;250;11303469014;S
20241016;104311;131.52;250;11303469015;S
20241016;104324;131.54;1900;11303471531;B
20241016;104324;131.54;20;11303471628;B
20241016;104325;131.52;60;11303471860;S
20241016;104332;131.54;100;11303473035;B
20241016;104333;131.52;10;11303473276;S
20241016;104341;131.52;20;11303474398;S
20241016;104341;131.52;660;11303474399;S
20241016;104341;131.5;1810;11303474400;S
20241016;104341;131.5;80;11303474401;S
20241016;104341;131.5;430;11303474402;S
20241016;104342;131.52;330;11303474496;S
20241016;104342;131.5;2670;11303474497;S
20241016;104343;131.5;3000;11303474563;S
20241016;104343;131.5;900;11303474721;S
20241016;104343;131.5;1670;11303474722;S
20241016;104343;131.5;20;11303474723;S
20241016;104343;131.5;410;11303474724;S
20241016;104344;131.5;1200;11303474730;S
20241016;104346;131.54;10;11303474987;B
20241016;104346;131.5;130;11303474988;S
20241016;104348;131.52;10;11303475235;B
20241016;104408;131.54;80;11303478216;B
20241016;104409;131.5;100;11303478523;S
20241016;104410;131.5;1000;11303479086;S
20241016;104414;131.54;970;11303480608;B
20241016;104414;131.54;30;11303480609;B
20241016;104414;131.5;100;11303480622;S
20241016;104417;131.54;10;11303481953;B
20241016;104420;131.54;160;11303483206;B
20241016;104420;131.56;440;11303483207;B
20241016;104427;131.52;10;11303486277;S
20241016;104427;131.52;80;11303486278;S
20241016;104449;131.56;10;11303495104;S
20241016;104449;131.56;60;11303495105;S
20241016;104449;131.54;40;11303495106;S
20241016;104631;131.68;10;11303513068;B
20241016;104637;131.68;10;11303514121;B
20241016;104640;131.6;110;11303514829;S
20241016;104640;131.58;520;11303514830;S
20241016;104640;131.58;110;11303514831;S
20241016;104640;131.56;250;11303514832;S
20241016;104640;131.56;540;11303514833;S
20241016;104640;131.56;100;11303514834;S
20241016;104640;131.54;130;11303514835;S
20241016;104640;131.54;500;11303514836;S
20241016;104640;131.54;120;11303514837;S
20241016;104640;131.54;560;11303514838;S
20241016;104640;131.54;10;11303514839;S
20241016;104640;131.52;7260;11303514840;S
20241016;104659;131.54;80;11303517546;S
20241016;104701;131.54;50;11303517759;B
20241016;104709;131.54;10;11303518772;B
20241016;104709;131.54;160;11303518823;B
20241016;104709;131.6;40;11303518824;B
20241016;104713;131.54;40;11303519536;S
20241016;104713;131.52;40;11303519537;S
20241016;104744;131.62;40;11303523725;B
20241016;104758;131.52;20;11303525238;S
20241016;104800;131.56;10;11303525553;B
20241016;104801;131.52;50;11303525677;S
20241016;104806;131.52;420;11303526156;S
20241016;104817;131.56;50;11303527362;B
20241016;104843;131.52;50;11303530315;S
20241016;104843;131.52;700;11303530316;S
20241016;104910;131.52;1460;11303534358;S
20241016;104910;131.52;200;11303534361;S
20241016;104910;131.56;100;11303534414;B
20241016;104939;131.56;50;11303537898;B
20241016;104939;131.56;400;11303537899;B
20241016;104939;131.56;50;11303537900;B
20241016;104957;131.52;300;11303540478;S
20241016;105009;131.52;100;11303541943;S
20241016;105027;131.56;10;11303544125;B
20241016;105028;131.52;840;11303544251;S
20241016;105028;131.52;500;11303544252;S
20241016;105028;131.52;60;11303544253;S
20241016;105028;131.52;10;11303544254;S
20241016;105028;131.52;30;11303544255;S
20241016;105028;131.52;10;11303544256;S
20241016;105028;131.52;10;11303544257;S
20241016;105030;131.52;10;11303544453;S
20241016;105030;131.52;30;11303544454;S
20241016;105030;131.52;10;11303544455;S
20241016;105036;131.52;10;11303545144;B
20241016;105052;131.54;340;11303546789;B
20241016;105052;131.56;160;11303546790;B
20241016;105059;131.54;20;11303547342;S
20241016;105059;131.52;40;11303547343;S
20241016;105106;131.56;10;11303547848;B
20241016;105119;131.52;460;11303549250;S
20241016;105119;131.52;10;11303549251;S
20241016;105119;131.5;20;11303549258;S
20241016;105143;131.5;20;11303552501;S
20241016;105144;131.52;100;11303552649;B
20241016;105215;131.52;50;11303558782;B
20241016;105216;131.52;500;11303559037;B
20241016;105222;131.52;10;11303560492;B
20241016;105231;131.52;200;11303563161;B
20241016;105232;131.52;20;11303563357;B
20241016;105302;131.52;10;11303568759;B
20241016;105305;131.5;170;11303569209;S
20241016;105318;131.52;50;11303570986;B
20241016;105319;131.52;110;11303571183;B
20241016;105328;131.5;710;11303572343;S
20241016;105328;131.5;10;11303572344;S
20241016;105328;131.5;30;11303572345;S
20241016;105328;131.5;10;11303572346;S
20241016;105334;131.52;50;11303573140;B
20241016;105343;131.52;10;11303574186;B
20241016;105344;131.5;380;11303574232;S
20241016;105405;131.5;50;11303579945;S
20241016;105407;131.52;10;11303580344;B
20241016;105412;131.52;3410;11303581072;B
20241016;105441;131.52;150;11303586250;S
20241016;105441;131.5;50;11303586251;S
20241016;105448;131.56;30;11303587882;B
20241016;105504;131.56;10;11303591639;B
20241016;105508;131.56;10;11303592337;B
20241016;105508;131.56;60;11303592460;S
20241016;105508;131.54;240;11303592461;S
20241016;105517;131.58;60;11303593888;S
20241016;105517;131.56;60;11303593889;S
20241016;105517;131.56;200;11303593890;S
20241016;105546;131.68;300;11303601409;B
20241016;105546;131.7;20;11303601410;B
20241016;105548;131.68;50;11303601850;B
20241016;105548;131.68;40;11303601858;B
20241016;105602;131.7;500;11303604894;B
20241016;105625;131.7;10;11303610314;B
20241016;105713;131.7;200;11303618765;B
20241016;105716;131.62;10;11303619214;S
20241016;105738;131.62;10;11303623964;S
20241016;105738;131.62;50;11303623965;S
20241016;105738;131.56;10;11303623966;S
20241016;105738;131.54;260;11303623967;S
20241016;105738;131.54;50;11303623968;S
20241016;105738;131.52;500;11303623969;S
20241016;105738;131.52;100;11303623970;S
20241016;105738;131.5;2940;11303623971;S
20241016;105738;131.5;10;11303623972;S
20241016;105738;131.5;500;11303623973;S
20241016;105738;131.5;60;11303623974;S
20241016;105738;131.5;10;11303623975;S
20241016;105752;131.68;10;11303625855;B
20241016;105756;131.66;10;11303626229;B
20241016;105803;131.54;10;11303626872;S
20241016;105833;131.52;50;11303631120;S
20241016;105833;131.52;10;11303631121;S
20241016;105848;131.54;10;11303637834;B
20241016;105908;131.54;20;11303646170;B
20241016;105920;131.54;30;11303649943;B
20241016;105923;131.52;10;11303650324;S
20241016;105923;131.52;10;11303650325;S
20241016;105923;131.5;230;11303650326;S
20241016;105924;131.54;30;11303650462;B
20241016;105924;131.6;10;11303650463;B
20241016;110103;131.64;30;11303669576;B
20241016;110103;131.66;20;11303669577;B
20241016;110115;131.66;10;11303672087;B
20241016;110136;131.6;20;11303676767;S
20241016;110139;131.6;60;11303677717;S
20241016;110202;131.6;80;11303683671;S
20241016;110240;131.6;50;11303693177;S
20241016;110240;131.6;250;11303693178;S
20241016;110240;131.52;10;11303693179;S
20241016;110240;131.5;230;11303693180;S
20241016;110240;131.5;160;11303693181;S
20241016;110240;131.5;50;11303693182;S
20241016;110319;131.52;10;11303713507;S
20241016;110319;131.52;10;11303713508;S
20241016;110319;131.5;400;11303713509;S
20241016;110319;131.5;3380;11303713510;S
20241016;110319;131.5;10;11303713511;S
20241016;110329;131.5;50;11303723379;S
20241016;110336;131.56;10;11303729588;B
20241016;110338;131.5;60;11303731302;S
20241016;110356;131.56;10;11303745223;B
20241016;110401;131.56;10;11303749543;B
20241016;110402;131.56;10;11303750497;B
20241016;110402;131.56;10;11303750503;B
20241016;110434;131.56;10;11303781359;B
20241016;110508;131.5;50;11303815137;S
20241016;110511;131.5;10;11303818492;S
20241016;110518;131.5;10;11303826180;S
20241016;110529;131.56;10;11303837725;B
20241016;110553;131.56;80;11303862392;B
20241016;110613;131.54;10;11303881909;S
20241016;110613;131.54;30;11303881910;S
20241016;110624;131.56;20;11303893998;B
20241016;110627;131.56;10;11303896866;B
20241016;110635;131.56;10;11303905049;B
20241016;110636;131.56;10;11303905626;B
20241016;110644;131.56;40;11303911912;B
20241016;110646;131.56;30;11303913876;B
20241016;110646;131.56;110;11303913877;B
20241016;110649;131.56;10;11303915619;B
20241016;110650;131.56;120;11303916729;B
20241016;110708;131.56;100;11303932215;S
20241016;110708;131.56;50;11303932216;S
20241016;110708;131.54;20;11303932217;S
20241016;110708;131.54;1330;11303932218;S
20241016;110759;131.6;10;11303983268;B
20241016;110828;131.6;10;11304011795;B
20241016;110850;131.54;170;11304034094;S
20241016;110850;131.54;20;11304034095;S
20241016;110859;131.52;100;11304042566;S
20241016;110859;131.52;10;11304043129;S
20241016;110907;131.54;200;11304051309;B
20241016;110909;131.54;10;11304052486;B
20241016;110909;131.6;80;11304052487;B
20241016;110909;131.6;110;11304052488;B
20241016;110909;131.62;300;11304052489;B
20241016;110909;131.62;110;11304052490;B
20241016;110909;131.64;300;11304052491;B
20241016;110909;131.66;300;11304052492;B
20241016;110909;131.68;200;11304052493;B
20241016;110909;131.68;860;11304052494;B
20241016;110909;131.7;1700;11304052495;B
20241016;110909;131.7;400;11304052496;B
20241016;110909;131.7;40;11304052497;B
20241016;110909;131.7;550;11304052498;B
20241016;110909;131.7;20;11304052499;B
20241016;110909;131.7;20;11304052500;B
20241016;110919;131.68;10;11304063672;B
20241016;110933;131.68;10;11304077511;B
20241016;110938;131.68;100;11304083261;B
20241016;110949;131.6;40;11304091311;S
20241016;111034;131.7;200;11304135138;B
20241016;111050;131.6;30;11304150864;S
20241016;111050;131.58;50;11304150865;S
20241016;111050;131.56;20;11304150866;S
20241016;111051;131.58;100;11304151102;S
20241016;111100;131.6;40;11304160527;S
20241016;111159;131.6;20;11304220100;S
20241016;111212;131.6;280;11304234054;B
20241016;111212;131.64;40;11304234055;B
20241016;111212;131.66;40;11304234056;B
20241016;111212;131.7;240;11304234057;B
20241016;111220;131.58;10;11304242480;S
20241016;111239;131.7;30;11304262005;B
20241016;111245;131.7;20;11304267195;B
20241016;111248;131.7;10;11304269411;B
20241016;111259;131.68;100;11304278912;B
20241016;111306;131.7;1720;11304285169;B
20241016;111306;131.7;190;11304285170;B
20241016;111353;131.7;10;11304330131;B
20241016;111406;131.7;20;11304344870;B
20241016;111411;131.7;20;11304350292;B
20241016;111434;131.7;10;11304372839;B
20241016;111441;131.7;100;11304379977;B
20241016;111450;131.7;10;11304389091;B
20241016;111544;131.7;10;11304443793;B
20241016;111544;131.7;10;11304443794;B
20241016;111544;131.7;10;11304443795;B
20241016;111544;131.7;170;11304443796;B
20241016;111610;131.7;10;11304466541;B
20241016;111623;131.6;10;11304478255;S
20241016;111634;131.6;10;11304489249;S
20241016;111634;131.6;100;11304489250;S
20241016;111634;131.58;100;11304489251;S
20241016;111634;131.58;100;11304489252;S
20241016;111634;131.58;60;11304489253;S
20241016;111634;131.58;100;11304489254;S
20241016;111634;131.56;50;11304489255;S
20241016;111634;131.56;230;11304489256;S
20241016;111634;131.56;100;11304489257;S
20241016;111634;131.54;380;11304489258;S
20241016;111634;131.54;10;11304489259;S
20241016;111634;131.52;3410;11304489260;S
20241016;111634;131.52;10;11304489261;S
20241016;111634;131.52;80;11304489262;S
20241016;111635;131.52;10;11304490138;B
20241016;111648;131.5;280;11304503051;S
20241016;111700;131.5;160;11304514264;S
20241016;111700;131.5;10;11304514265;S
20241016;111700;131.5;50;11304514266;S
20241016;111700;131.5;10;11304514267;S
20241016;111700;131.5;20;11304514268;S
20241016;111700;131.5;220;11304514269;S
20241016;111700;131.5;20;11304514270;S
20241016;111700;131.5;160;11304514271;S
20241016;111723;131.52;650;11304537402;B
20241016;111727;131.52;10;11304542431;B
20241016;111729;131.52;20;11304543899;B
20241016;111733;131.52;4570;11304548033;B
20241016;111810;131.66;60;11304583876;B
20241016;111810;131.66;160;11304583877;B
20241016;111810;131.66;20;11304583878;B
20241016;111810;131.68;540;11304583879;B
20241016;111810;131.68;160;11304583880;B
20241016;111810;131.7;1010;11304583881;B
20241016;111810;131.7;50;11304583882;B
20241016;111844;131.66;60;11304618513;B
20241016;111844;131.66;50;11304618514;B
20241016;111844;131.66;190;11304618515;S
20241016;112002;131.64;10;11304694483;B
20241016;112133;131.68;40;11304795587;B
20241016;112226;131.68;10;11304847028;B
20241016;112226;131.68;710;11304847048;B
20241016;112226;131.7;1590;11304847049;B
20241016;112249;131.68;40;11304854011;B
20241016;112307;131.68;10;11304856423;B
20241016;112445;131.68;10;11304867071;B
20241016;112445;131.68;100;11304867168;B
20241016;112445;131.68;120;11304867169;B
20241016;112549;131.68;100;11304873463;B
20241016;112604;131.58;50;11304874909;S
20241016;112604;131.58;30;11304874910;S
20241016;112604;131.56;20;11304874911;S
20241016;112639;131.6;40;11304880258;S
20241016;112639;131.6;40;11304880261;S
20241016;112652;131.68;280;11304881860;B
20241016;112652;131.7;1460;11304881861;B
20241016;112652;131.7;30;11304881862;B
20241016;112729;131.68;200;11304888241;B
20241016;112843;131.68;10;11304897702;B
20241016;112851;131.68;20;11304898954;B
20241016;112945;131.68;10;11304905165;B
20241016;113022;131.62;20;11304910743;S
20241016;113027;131.62;100;11304911508;S
20241016;113119;131.62;20;11304920216;S
20241016;113119;131.62;10;11304920217;S
20241016;113119;131.6;540;11304920218;S
20241016;113119;131.58;20;11304920219;S
20241016;113119;131.58;1000;11304920220;S
20241016;113122;131.56;10;11304920514;S
20241016;113122;131.56;70;11304920515;S
20241016;113122;131.54;350;11304920516;S
20241016;113122;131.54;10;11304920517;S
20241016;113122;131.52;60;11304920518;S
20241016;113124;131.6;10;11304920916;B
20241016;113230;131.6;30;11304929383;B
20241016;113236;131.6;20;11304930060;B
20241016;113245;131.6;10;11304931216;B
20241016;113301;131.54;30;11304933093;S
20241016;113301;131.54;10;11304933094;S
20241016;113301;131.54;20;11304933095;S
20241016;113335;131.54;10;11304936915;S
20241016;113345;131.54;10;11304939087;S
20241016;113345;131.52;1370;11304939088;S
20241016;113345;131.52;10;11304939089;S
20241016;113345;131.52;350;11304939090;S
20241016;113345;131.52;180;11304939091;S
20241016;113345;131.52;10;11304939092;S
20241016;113353;131.5;60;11304940264;S
20241016;113356;131.54;290;11304940644;B
20241016;113356;131.54;100;11304940645;B
20241016;113356;131.56;10;11304940646;B
20241016;113403;131.52;10;11304941713;S
20241016;113404;131.5;950;11304941936;S
20241016;113416;131.5;100;11304943393;S
20241016;113420;131.52;100;11304943789;S
20241016;113444;131.56;30;11304946986;B
20241016;113447;131.56;10;11304947336;B
20241016;113510;131.56;10;11304950158;B
20241016;113552;131.56;10;11304954698;B
20241016;113554;131.56;10;11304954873;B
20241016;113624;131.58;10;11304958147;B
20241016;113647;131.54;10;11304960374;S
20241016;113647;131.54;50;11304960375;S
20241016;113658;131.54;10;11304961331;S
20241016;113707;131.56;500;11304962048;B
20241016;113711;131.56;60;11304962397;B
20241016;113731;131.54;10;11304964469;S
20241016;113752;131.54;430;11304966834;S
20241016;113752;131.54;210;11304966835;S
20241016;113800;131.52;10;11304967551;S
20241016;113800;131.52;130;11304967552;S
20241016;113939;131.52;70;11304977984;S
20241016;113939;131.52;150;11304977985;S
20241016;113939;131.52;30;11304977986;S
20241016;113939;131.52;10;11304977987;S
20241016;113939;131.52;10;11304977988;S
20241016;113939;131.52;70;11304977989;S
20241016;113939;131.52;10;11304977990;S
20241016;113939;131.52;240;11304977991;S
20241016;113939;131.5;18730;11304977992;S
20241016;113939;131.5;20;11304977993;S
20241016;113939;131.5;10;11304977994;S
20241016;113939;131.5;150;11304977995;S
20241016;113939;131.5;30;11304977996;S
20241016;113939;131.5;10;11304977997;S
20241016;113939;131.5;300;11304977998;S
20241016;113939;131.5;10;11304977999;S
20241016;113939;131.5;10;11304978000;S
20241016;113939;131.5;100;11304978001;S
20241016;113939;131.5;10;11304978002;S
20241016;113939;131.5;650;11304978003;S
20241016;113939;131.52;10;11304978005;S
20241016;114013;131.52;140;11304981636;S
20241016;114013;131.5;1640;11304981637;S
20241016;114013;131.5;50;11304981638;S
20241016;114013;131.5;20;11304981639;S
20241016;114013;131.5;10;11304981640;S
20241016;114013;131.5;10;11304981641;S
20241016;114013;131.5;10;11304981642;S
20241016;114013;131.5;100;11304981643;S
20241016;114013;131.5;10;11304981644;S
20241016;114013;131.5;10;11304981645;S
20241016;114013;131.5;10;11304981646;S
20241016;114013;131.5;40;11304981647;S
20241016;114019;131.5;30;11304982084;S
20241016;114033;131.5;260;11304983736;S
20241016;114104;131.5;420;11304987113;S
20241016;114104;131.5;80;11304987114;S
20241016;114140;131.5;20;11304991310;S
20241016;114140;131.5;10;11304991311;S
20241016;114140;131.5;20;11304991312;S
20241016;114149;131.52;10;11304992095;S
20241016;114150;131.52;10;11304992192;S
20241016;114155;131.5;260;11304992842;S
20241016;114157;131.5;10;11304993058;S
20241016;114200;131.5;50;11304993302;S
20241016;114203;131.5;70;11304993532;S
20241016;114203;131.5;450;11304993533;S
20241016;114208;131.5;20;11304994113;S
20241016;114210;131.5;40;11304994694;S
20241016;114214;131.5;40;11304995251;S
20241016;114219;131.5;80;11304995694;S
20241016;114219;131.5;10;11304995695;S
20241016;114219;131.5;30;11304995696;S
20241016;114221;131.5;240;11304995983;S
20241016;114224;131.5;480;11304996148;S
20241016;114331;131.52;10;11305002502;B
20241016;114336;131.56;100;11305003324;B
20241016;114356;131.5;30;11305005356;S
20241016;114429;131.56;10;11305009327;B
20241016;114430;131.5;80;11305009389;S
20241016;114430;131.56;1390;11305009413;B
20241016;114430;131.58;510;11305009414;B
20241016;114430;131.6;100;11305009415;B
20241016;114442;131.68;10;11305010642;B
20241016;114532;131.52;50;11305016350;S
20241016;114557;131.68;30;11305019076;B
20241016;114958;131.68;120;11305047398;B
20241016;115026;131.68;10;11305050058;B
20241016;115158;131.68;30;11305060094;B
20241016;115207;131.68;10;11305061238;B
20241016;115400;131.68;10;11305074244;B
20241016;115425;131.68;60;11305077466;B
20241016;115425;131.68;40;11305077467;B
20241016;115425;131.68;10;11305077468;B
20241016;115425;131.68;10;11305077469;B
20241016;115425;131.7;180;11305077470;B
20241016;115430;131.66;10;11305078309;S
20241016;115442;131.68;10;11305079588;B
20241016;115452;131.68;200;11305081002;B
20241016;115459;131.68;1000;11305081815;B
20241016;115514;131.64;10;11305083418;S
20241016;115514;131.64;10;11305083419;S
20241016;115514;131.64;10;11305083420;S
20241016;115514;131.64;10;11305083421;S
20241016;115514;131.64;10;11305083422;S
20241016;115514;131.62;10;11305083423;S
20241016;115515;131.62;10;11305083490;S
20241016;115515;131.6;10;11305083491;S
20241016;115515;131.6;50;11305083492;S
20241016;115538;131.68;250;11305086471;B
20241016;115547;131.68;350;11305087476;B
20241016;115616;131.62;30;11305090695;S
20241016;115617;131.62;20;11305090810;S
20241016;115656;131.62;100;11305096377;S
20241016;115713;131.68;60;11305098195;B
20241016;115719;131.62;10;11305098722;S
20241016;115731;131.68;10;11305100054;B
20241016;115851;131.68;10;11305109017;B
20241016;115916;131.68;10;11305111501;B
20241016;115932;131.68;20;11305112956;B
20241016;115934;131.62;240;11305113169;S
20241016;115934;131.62;10;11305113170;S
20241016;120006;131.56;10;11305116345;S
20241016;120006;131.56;10;11305116346;S
20241016;120006;131.56;10;11305116347;S
20241016;120006;131.56;40;11305116348;S
20241016;120009;131.56;10;11305116713;B
20241016;120013;131.56;120;11305116943;B
20241016;120013;131.6;60;11305116944;B
20241016;120013;131.62;50;11305116945;B
20241016;120013;131.66;540;11305116946;B
20241016;120013;131.68;390;11305116947;B
20241016;120013;131.7;3840;11305116948;B
20241016;120105;131.68;10;11305122478;B
20241016;120105;131.7;20;11305122479;B
20241016;120116;131.7;10;11305123618;B
20241016;120120;131.7;2000;11305124144;B
20241016;120124;131.7;30;11305124523;B
20241016;120137;131.7;30;11305125860;B
20241016;120156;131.7;600;11305127858;B
20241016;120218;131.7;30;11305130213;B
20241016;120222;131.7;10;11305130453;B
20241016;120236;131.7;10;11305131939;B
20241016;120243;131.7;300;11305133509;B
20241016;120243;131.7;700;11305133510;B
20241016;120300;131.7;10;11305136517;B
20241016;120306;131.7;10;11305137331;B
20241016;120325;131.66;20;11305139075;S
20241016;120325;131.66;10;11305139076;S
20241016;120325;131.6;10;11305139077;S
20241016;120325;131.6;10;11305139078;S
20241016;120325;131.6;70;11305139079;S
20241016;120325;131.58;60;11305139080;S
20241016;120325;131.58;100;11305139081;S
20241016;120325;131.58;40;11305139082;S
20241016;120325;131.56;540;11305139083;S
20241016;120325;131.54;770;11305139084;S
20241016;120325;131.54;10;11305139085;S
20241016;120325;131.54;10;11305139086;S
20241016;120325;131.54;120;11305139087;S
20241016;120354;131.66;50;11305142241;B
20241016;120416;131.56;10;11305144543;S
20241016;120416;131.54;10;11305144544;S
20241016;120535;131.56;10;11305153361;B
20241016;120554;131.54;10;11305155202;S
20241016;120554;131.54;40;11305155203;S
20241016;120623;131.52;20;11305159386;S
20241016;120623;131.52;30;11305159387;S
20241016;120623;131.56;10;11305159392;B
20241016;120642;131.56;10;11305162542;S
20241016;120644;131.52;970;11305162793;S
20241016;120644;131.52;500;11305162794;S
20241016;120648;131.56;10;11305163274;B
20241016;120655;131.52;80;11305163922;S
20241016;120714;131.56;20;11305166685;B
20241016;120715;131.52;10;11305166722;S
20241016;120745;131.56;20;11305169646;B
20241016;120759;131.54;20;11305171007;S
20241016;120759;131.54;10;11305171008;S
20241016;120759;131.54;10;11305171009;S
20241016;120802;131.56;10;11305171386;B
20241016;120809;131.52;40;11305171965;S
20241016;120826;131.56;10;11305173494;B
20241016;120837;131.56;300;11305174489;B
20241016;120838;131.56;100;11305174569;B
20241016;120840;131.56;20;11305174712;B
20241016;120848;131.56;270;11305175488;B
20241016;120848;131.62;140;11305175489;B
20241016;120848;131.64;190;11305175490;B
20241016;121017;131.68;10;11305183723;B
20241016;121224;131.66;10;11305195639;B
20241016;121229;131.66;40;11305196136;B
20241016;121233;131.66;20;11305196413;B
20241016;121432;131.6;10;11305206828;S
20241016;121515;131.62;100;11305211232;S
20241016;121535;131.64;40;11305212924;S
20241016;121535;131.62;210;11305212925;S
20241016;121539;131.62;10;11305213244;S
20241016;121547;131.68;50;11305214087;B
20241016;121547;131.68;20;11305214088;B
20241016;121602;131.68;50;11305215532;B
20241016;121635;131.62;10;11305218632;S
20241016;121649;131.66;100;11305219967;B
20241016;121709;131.62;100;11305221933;S
20241016;121751;131.68;10;11305226029;B
20241016;121804;131.62;30;11305227388;S
20241016;121823;131.68;10;11305229070;B
20241016;121825;131.62;20;11305229254;S
20241016;121858;131.68;100;11305232184;B
20241016;121934;131.68;20;11305236050;B
20241016;121936;131.68;10;11305236223;B
20241016;122019;131.68;250;11305241221;B
20241016;122019;131.7;320;11305241222;B
20241016;122019;131.7;430;11305241223;B
20241016;122021;131.62;20;11305241531;S
20241016;122021;131.6;80;11305241532;S
20241016;122022;131.6;410;11305241883;S
20241016;122022;131.6;100;11305241884;S
20241016;122022;131.6;10;11305241885;S
20241016;122022;131.6;50;11305241886;S
20241016;122022;131.6;20;11305241887;S
20241016;122032;131.68;20;11305244274;B
20241016;122226;131.68;70;11305260275;B
20241016;122237;131.68;10;11305261122;B
20241016;122237;131.62;10;11305261125;S
20241016;122239;131.62;40;11305261245;S
20241016;122239;131.62;220;11305261246;S
20241016;122239;131.6;60;11305261247;S
20241016;122239;131.6;10;11305261274;S
20241016;122243;131.6;40;11305261584;B
20241016;122254;131.6;10;11305262529;B
20241016;122334;131.6;10;11305266124;B
20241016;122410;131.6;20;11305271133;B
20241016;122418;131.6;20;11305271743;B
20241016;122458;131.6;20;11305275508;B
20241016;122501;131.58;50;11305275749;S
20241016;122510;131.58;50;11305276917;S
20241016;122525;131.58;210;11305278445;B
20241016;122601;131.58;10;11305283176;B
20241016;122607;131.58;20;11305283884;B
20241016;122614;131.54;10;11305284610;S
20241016;122614;131.54;80;11305284611;S
20241016;122614;131.54;50;11305284612;S
20241016;122614;131.54;10;11305284613;S
20241016;122614;131.52;30;11305284614;S
20241016;122614;131.52;10;11305284615;S
20241016;122614;131.52;110;11305284616;S
20241016;122614;131.52;70;11305284617;S
20241016;122625;131.58;10;11305285823;B
20241016;122633;131.52;60;11305286778;S
20241016;122633;131.52;30;11305286779;S
20241016;122638;131.52;200;11305287521;B
20241016;122639;131.5;20;11305287686;S
20241016;122702;131.5;110;11305292064;S
20241016;122702;131.5;10;11305292065;S
20241016;122702;131.5;30;11305292066;S
20241016;122702;131.5;10;11305292101;S
20241016;122713;131.52;10;11305293418;B
20241016;122714;131.52;40;11305293512;B
20241016;122725;131.52;50;11305294741;B
20241016;122750;131.52;110;11305298279;B
20241016;122750;131.56;100;11305298280;B
20241016;122750;131.58;190;11305298281;B
20241016;122902;131.58;30;11305307118;B
20241016;122911;131.52;20;11305308343;S
20241016;122911;131.52;70;11305308344;S
20241016;122911;131.5;240;11305308345;S
20241016;122911;131.5;80;11305308346;S
20241016;122915;131.58;40;11305309183;B
20241016;122930;131.58;20;11305311579;B
20241016;122934;131.52;10;11305312464;S
20241016;122948;131.58;20;11305315006;B
20241016;123036;131.6;60;11305323048;B
20241016;123156;131.6;10;11305333294;B
20241016;123156;131.52;20;11305333313;S
20241016;123156;131.52;30;11305333314;S
20241016;123156;131.5;10;11305333315;S
20241016;123156;131.5;20;11305333316;S
20241016;123156;131.52;20;11305333317;S
20241016;123156;131.5;20;11305333318;S
20241016;123302;131.52;10;11305342292;S
20241016;123302;131.5;20;11305342293;S
20241016;123302;131.5;10;11305342294;S
20241016;123302;131.5;10;11305342295;S
20241016;123302;131.5;10;11305342296;S
20241016;123302;131.5;10;11305342297;S
20241016;123302;131.5;30;11305342298;S
20241016;123302;131.5;80;11305342299;S
20241016;123302;131.5;120;11305342300;S
20241016;123313;131.52;10;11305343622;S
20241016;123313;131.5;40;11305343623;S
20241016;123405;131.52;250;11305349633;S
20241016;123407;131.52;120;11305349858;B
20241016;123414;131.52;30;11305350560;B
20241016;123437;131.52;10;11305352697;B
20241016;123439;131.5;10;11305352853;S
20241016;123449;131.5;50;11305353963;S
20241016;123456;131.5;10;11305354599;S
20241016;123509;131.5;10;11305356089;S
20241016;123532;131.52;10;11305359121;B
20241016;123619;131.52;20;11305364268;B
20241016;123638;131.52;10;11305366304;B
20241016;123713;131.52;30;11305370074;B
20241016;123737;131.5;760;11305372520;S
20241016;123737;131.5;10;11305372521;S
20241016;123737;131.5;10;11305372522;S
20241016;123737;131.5;10;11305372523;S
20241016;123737;131.5;210;11305372524;S
20241016;123738;131.5;40;11305372702;S
20241016;123738;131.5;10;11305372703;S
20241016;123738;131.5;200;11305372704;S
20241016;123738;131.5;10;11305372705;S
20241016;123738;131.5;740;11305372706;S
20241016;123741;131.5;1000;11305372979;S
20241016;123803;131.5;10;11305375744;S
20241016;123822;131.5;10;11305377813;S
20241016;123841;131.52;70;11305379593;B
20241016;123844;131.5;270;11305379889;S
20241016;123844;131.5;30;11305379890;S
20241016;123856;131.5;60;11305380983;S
20241016;123942;131.5;200;11305385647;S
20241016;124017;131.52;10;11305389087;B
20241016;124019;131.52;10;11305389188;B
20241016;124049;131.5;20;11305391793;S
20241016;124124;131.5;10;11305395109;S
20241016;124233;131.5;100;11305402901;S
20241016;124239;131.52;20;11305403542;B
20241016;124247;131.52;100;11305404172;B
20241016;124251;131.5;100;11305404660;S
20241016;124255;131.5;20;11305404989;S
20241016;124341;131.52;400;11305409102;B
20241016;124351;131.5;10;11305410022;S
20241016;124357;131.52;50;11305410563;B
20241016;124404;131.5;10;11305411367;S
20241016;124409;131.52;50;11305411870;B
20241016;124414;131.5;20;11305412375;S
20241016;124420;131.52;10;11305413047;B
20241016;124506;131.5;420;11305417833;S
20241016;124506;131.5;10;11305417834;S
20241016;124506;131.5;10;11305417835;S
20241016;124506;131.5;20;11305417836;S
20241016;124506;131.5;10;11305417837;S
20241016;124506;131.5;10;11305417838;S
20241016;124506;131.5;1000;11305417839;S
20241016;124506;131.5;90;11305417840;S
20241016;124512;131.5;10;11305418330;S
20241016;124512;131.5;10;11305418331;S
20241016;124512;131.5;60;11305418332;S
20241016;124513;131.5;150;11305418463;S
20241016;124514;131.5;290;11305418554;S
20241016;124514;131.5;350;11305418555;S
20241016;124518;131.5;100;11305418911;S
20241016;124522;131.5;300;11305419307;S
20241016;124527;131.52;10;11305420527;B
20241016;124530;131.52;200;11305420889;B
20241016;124530;131.56;200;11305420890;B
20241016;124552;131.56;150;11305423539;B
20241016;124639;131.5;10;11305431228;S
20241016;124656;131.5;500;11305434906;S
20241016;124700;131.5;460;11305435404;S
20241016;124700;131.5;10;11305435405;S
20241016;124700;131.5;30;11305435406;S
20241016;124723;131.5;10;11305438571;S
20241016;124810;131.5;40;11305444481;S
20241016;124826;131.5;300;11305446592;S
20241016;124836;131.5;500;11305448634;S
20241016;124924;131.56;10;11305459227;B
20241016;124926;131.56;140;11305459531;S
20241016;124945;131.5;1000;11305461662;S
20241016;124953;131.5;10;11305462693;S
20241016;124955;131.5;10;11305463003;S
20241016;125017;131.5;1500;11305468187;S
20241016;125024;131.52;10;11305469539;B
20241016;125036;131.52;50;11305471582;B
20241016;125036;131.54;100;11305471583;B
20241016;125039;131.6;10;11305471925;B
20241016;125052;131.52;10;11305474899;S
20241016;125111;131.5;1560;11305479434;S
20241016;125114;131.52;250;11305480086;S
20241016;125123;131.52;50;11305481942;S
20241016;125132;131.6;10;11305483407;B
20241016;125138;131.52;50;11305484354;S
20241016;125138;131.5;160;11305484355;S
20241016;125145;131.5;300;11305485716;S
20241016;125154;131.5;160;11305487087;S
20241016;125155;131.5;10;11305487281;S
20241016;125157;131.5;240;11305487572;S
20241016;125157;131.5;20;11305487573;S
20241016;125205;131.6;10;11305488657;B
20241016;125219;131.5;200;11305492237;S
20241016;125249;131.5;10;11305501349;S
20241016;125322;131.5;50;11305507724;S
20241016;125326;131.5;10;11305509303;S
20241016;125343;131.5;760;11305511952;S
20241016;125343;131.5;10;11305511953;S
20241016;125352;131.5;100;11305513314;S
20241016;125414;131.5;50;11305516106;S
20241016;125429;131.56;10;11305517663;B
20241016;125434;131.56;10;11305518066;B
20241016;125457;131.56;10;11305520101;B
20241016;125546;131.56;10;11305525803;B
20241016;125626;131.56;50;11305530281;B
20241016;125751;131.5;10;11305540120;S
20241016;125759;131.56;50;11305540854;B
20241016;125837;131.5;500;11305544305;S
20241016;125924;131.56;10;11305549028;B
20241016;125940;131.5;20;11305550446;S
20241016;125943;131.5;9660;11305550809;S
20241016;125943;131.5;20;11305550810;S
20241016;125943;131.5;10;11305550811;S
20241016;125943;131.5;100;11305550812;S
20241016;125943;131.5;200;11305550813;S
20241016;125943;131.5;10;11305550814;S
20241016;125945;131.5;10;11305551164;S
20241016;125951;131.5;10;11305551767;S
20241016;130007;131.5;500;11305554114;S
20241016;130041;131.5;10;11305559141;S
20241016;130043;131.56;10;11305559465;B
20241016;130057;131.5;50;11305561445;S
20241016;130119;131.54;720;11305564129;S
20241016;130119;131.52;310;11305564130;S
20241016;130119;131.5;790;11305564131;S
20241016;130119;131.5;70;11305564132;S
20241016;130119;131.5;50;11305564133;S
20241016;130119;131.5;60;11305564134;S
20241016;130330;131.52;70;11305579274;S
20241016;130449;131.52;40;11305588755;S
20241016;130538;131.52;30;11305593812;S
20241016;130550;131.52;40;11305595178;S
20241016;130558;131.52;30;11305596194;S
20241016;130606;131.56;10;11305597047;B
20241016;130625;131.52;110;11305599222;S
20241016;130625;131.52;100;11305599223;S
20241016;130651;131.52;150;11305601889;S
20241016;130651;131.52;350;11305601890;S
20241016;130732;131.56;10;11305606076;B
20241016;130736;131.54;170;11305606401;S
20241016;130913;131.54;10;11305614911;S
20241016;130936;131.54;10;11305616700;S
20241016;130948;131.54;10;11305617404;S
20241016;130948;131.54;10;11305617405;S
20241016;130948;131.54;980;11305617406;S
20241016;130949;131.56;70;11305617479;B
20241016;130949;131.56;10;11305617480;B
20241016;130949;131.56;100;11305617481;B
20241016;130949;131.58;10;11305617489;B
20241016;130949;131.58;30;11305617490;B
20241016;131004;131.58;10;11305618657;B
20241016;131031;131.6;10;11305620862;B
20241016;131122;131.6;80;11305625268;B
20241016;131122;131.6;10;11305625269;B
20241016;131122;131.6;500;11305625270;B
20241016;131145;131.6;500;11305627447;B
20241016;131153;131.56;140;11305628294;S
20241016;131153;131.54;10;11305628295;S
20241016;131153;131.54;100;11305628296;S
20241016;131153;131.54;210;11305628297;S
20241016;131153;131.52;650;11305628298;S
20241016;131153;131.5;8240;11305628299;S
20241016;131153;131.5;20;11305628300;S
20241016;131153;131.5;30;11305628301;S
20241016;131153;131.5;20;11305628302;S
20241016;131153;131.5;1000;11305628303;S
20241016;131225;131.62;20;11305631122;B
20241016;131331;131.6;10;11305637073;B
20241016;131331;131.62;150;11305637074;B
20241016;131333;131.62;10;11305637158;B
20241016;131344;131.54;10;11305637980;S
20241016;131344;131.52;90;11305637981;S
20241016;131428;131.52;90;11305658156;S
20241016;131428;131.5;10;11305658157;S
20241016;131517;131.58;40;11305708313;B
20241016;131536;131.52;30;11305729285;S
20241016;131613;131.58;10;11305763955;B
20241016;131632;131.52;20;11305781509;S
20241016;131640;131.52;10;11305789168;B
20241016;131647;131.5;4080;11305793212;S
20241016;131647;131.5;1000;11305793213;S
20241016;131647;131.5;10;11305793214;S
20241016;131647;131.5;10;11305793215;S
20241016;131648;131.5;4910;11305793336;S
20241016;131809;131.52;270;11305800659;B
20241016;131910;131.58;50;11305805268;B
20241016;132014;131.52;10;11305810646;S
20241016;132021;131.5;10;11305811328;S
20241016;132027;131.5;10;11305812204;S
20241016;132029;131.56;10;11305812455;B
20241016;132100;131.58;20;11305816820;B
20241016;132100;131.58;100;11305816821;B
20241016;132100;131.6;130;11305816822;B
20241016;132115;131.52;20;11305818458;S
20241016;132115;131.52;60;11305818459;S
20241016;132115;131.5;1800;11305818460;S
20241016;132115;131.5;10;11305818461;S
20241016;132115;131.5;10;11305818462;S
20241016;132115;131.5;10;11305818463;S
20241016;132115;131.5;10;11305818464;S
20241016;132115;131.5;50;11305818465;S
20241016;132118;131.6;190;11305818827;B
20241016;132118;131.56;160;11305818867;S
20241016;132118;131.5;830;11305818868;S
20241016;132157;131.5;40;11305822959;S
20241016;132226;131.58;400;11305825485;B
20241016;132334;131.52;10;11305831663;S
20241016;132417;131.58;30;11305835256;B
20241016;132429;131.58;20;11305836141;B
20241016;132507;131.52;10;11305839124;S
20241016;132507;131.52;20;11305839125;S
20241016;132507;131.52;80;11305839126;S
20241016;132605;131.52;70;11305844782;S
20241016;132605;131.52;180;11305844783;S
20241016;132610;131.58;10;11305845129;B
20241016;132610;131.58;10;11305845130;B
20241016;132610;131.58;10;11305845131;B
20241016;132610;131.58;10;11305845132;B
20241016;132610;131.58;10;11305845133;B
20241016;132928;131.54;20;11305865270;S
20241016;133005;131.6;10;11305869254;B
20241016;133005;131.62;10;11305869255;B
20241016;133021;131.66;30;11305871227;B
20241016;133025;131.64;20;11305871741;S
20241016;133025;131.58;380;11305871742;S
20241016;133025;131.56;200;11305871743;S
20241016;133034;131.58;10;11305872961;S
20241016;133100;131.64;10;11305875155;B
20241016;133152;131.64;680;11305879202;B
20241016;133152;131.64;90;11305879203;B
20241016;133152;131.68;540;11305879204;B
20241016;133152;131.68;860;11305879205;B
20241016;133152;131.7;1190;11305879206;B
20241016;133152;131.7;1000;11305879207;B
20241016;133152;131.7;700;11305879208;B
20241016;133152;131.7;10;11305879209;B
20241016;133152;131.7;10;11305879210;B
20241016;133152;131.7;100;11305879211;B
20241016;133235;131.66;10;11305883821;B
20241016;133235;131.68;430;11305883822;B
20241016;133235;131.7;14560;11305883823;B
20241016;133301;131.68;40;11305886376;B
20241016;133414;131.66;200;11305893574;B
20241016;133429;131.68;10;11305895053;B
20241016;133433;131.68;10;11305895390;B
20241016;133435;131.68;10;11305895572;B
20241016;133436;131.68;10;11305895638;B
20241016;133437;131.68;10;11305895763;B
20241016;133440;131.68;10;11305895976;B
20241016;133442;131.68;10;11305896237;B
20241016;133446;131.68;10;11305896747;B
20241016;133447;131.68;10;11305896812;B
20241016;133448;131.68;10;11305896908;B
20241016;133453;131.68;10;11305897411;B
20241016;133453;131.68;10;11305897417;B
20241016;133454;131.68;20;11305897490;B
20241016;133456;131.68;10;11305897627;B
20241016;133457;131.68;10;11305897722;B
20241016;133459;131.68;10;11305898541;B
20241016;133459;131.68;10;11305898561;B
20241016;133500;131.7;10;11305898617;B
20241016;133501;131.68;10;11305898776;B
20241016;133502;131.68;10;11305898896;B
20241016;133502;131.7;10;11305898902;B
20241016;133504;131.7;10;11305899101;B
20241016;133504;131.7;10;11305899125;B
20241016;133505;131.7;10;11305899240;B
20241016;133507;131.7;10;11305899397;B
20241016;133508;131.7;10;11305899506;B
20241016;133508;131.7;10;11305899509;B
20241016;133509;131.7;10;11305899600;B
20241016;133511;131.7;10;11305899839;B
20241016;133514;131.7;10;11305900028;B
20241016;133515;131.7;10;11305900149;B
20241016;133523;131.7;10;11305900924;B
20241016;133523;131.7;10;11305900943;B
20241016;133524;131.7;10;11305901049;B
20241016;133525;131.7;10;11305901125;B
20241016;133531;131.7;10;11305901581;B
20241016;133539;131.7;10;11305902362;B
20241016;133552;131.7;10;11305903374;B
20241016;133553;131.7;10;11305903571;B
20241016;133600;131.7;10;11305904154;B
20241016;133600;131.7;10;11305904177;B
20241016;133602;131.7;10;11305904367;B
20241016;133602;131.7;10;11305904384;B
20241016;133606;131.7;10;11305904700;B
20241016;133611;131.7;10;11305905033;B
20241016;133611;131.7;10;11305905059;B
20241016;133611;131.7;10;11305905071;B
20241016;133617;131.7;10;11305905467;B
20241016;133617;131.7;10;11305905538;B
20241016;133622;131.7;10;11305905991;B
20241016;133624;131.7;10;11305906178;B
20241016;133625;131.7;10;11305906301;B
20241016;133629;131.7;10;11305906747;B
20241016;133630;131.7;10;11305906849;B
20241016;133636;131.7;10;11305907498;B
20241016;133652;131.7;10;11305909080;B
20241016;133653;131.7;10;11305909194;B
20241016;133659;131.7;10;11305909725;B
20241016;133703;131.62;100;11305909986;S
20241016;133703;131.62;80;11305909987;S
20241016;133703;131.6;210;11305909988;S
20241016;133718;131.66;10;11305911575;B
20241016;133720;131.68;10;11305911736;B
20241016;133721;131.68;10;11305911743;B
20241016;133721;131.68;10;11305911768;B
20241016;133729;131.66;10;11305912773;B
20241016;133731;131.68;10;11305912946;B
20241016;133744;131.66;10;11305914077;B
20241016;133747;131.68;10;11305914404;B
20241016;133748;131.66;10;11305914593;B
20241016;133752;131.68;10;11305914981;B
20241016;133753;131.66;10;11305915071;B
20241016;133757;131.68;10;11305915376;B
20241016;133758;131.66;10;11305915442;B
20241016;133759;131.66;10;11305915517;B
20241016;133801;131.68;10;11305915716;B
20241016;133802;131.66;10;11305915812;S
20241016;133803;131.68;10;11305915842;B
20241016;133803;131.68;10;11305915859;B
20241016;133811;131.68;10;11305916440;B
20241016;133812;131.68;10;11305916507;B
20241016;133814;131.68;10;11305916574;B
20241016;133815;131.68;10;11305916657;B
20241016;133819;131.68;10;11305917047;B
20241016;133820;131.68;10;11305917116;B
20241016;133821;131.68;10;11305917181;B
20241016;133821;131.68;10;11305917212;B
20241016;133824;131.68;10;11305917484;B
20241016;133825;131.68;10;11305917572;B
20241016;133826;131.68;10;11305917627;B
20241016;133826;131.68;10;11305917635;B
20241016;133831;131.68;10;11305918016;B
20241016;133833;131.68;10;11305918106;B
20241016;133833;131.68;10;11305918119;B
20241016;133849;131.68;10;11305919549;B
20241016;133852;131.68;10;11305919666;B
20241016;133852;131.68;10;11305919668;B
20241016;133857;131.68;10;11305919899;B
20241016;133859;131.68;10;11305920152;B
20241016;133901;131.68;10;11305920402;B
20241016;133901;131.68;90;11305920430;B
20241016;133905;131.68;10;11305920735;B
20241016;133908;131.68;10;11305920926;B
20241016;133912;131.68;10;11305921219;B
20241016;133922;131.68;10;11305922089;B
20241016;133925;131.68;10;11305922343;B
20241016;133927;131.68;10;11305922610;B
20241016;133928;131.68;10;11305922614;B
20241016;133930;131.68;10;11305922770;B
20241016;133931;131.68;10;11305922856;B
20241016;133931;131.68;10;11305922862;B
20241016;133932;131.68;10;11305922954;B
20241016;133937;131.68;10;11305923321;B
20241016;133944;131.68;10;11305923736;B
20241016;133954;131.68;10;11305924467;B
20241016;133957;131.68;10;11305924815;B
20241016;134001;131.6;100;11305925087;S
20241016;134003;131.66;10;11305925178;B
20241016;134004;131.66;10;11305925225;B
20241016;134004;131.66;10;11305925228;B
20241016;134004;131.66;10;11305925235;B
20241016;134004;131.66;10;11305925236;B
20241016;134005;131.66;10;11305925275;B
20241016;134005;131.66;10;11305925307;B
20241016;134005;131.66;10;11305925308;B
20241016;134007;131.66;10;11305925436;B
20241016;134007;131.66;10;11305925439;B
20241016;134007;131.66;10;11305925465;B
20241016;134008;131.66;10;11305925484;B
20241016;134009;131.66;10;11305925510;B
20241016;134009;131.68;70;11305925606;B
20241016;134009;131.68;100;11305925607;B
20241016;134009;131.68;330;11305925608;B
20241016;134011;131.68;10;11305925696;B
20241016;134012;131.68;10;11305925794;B
20241016;134026;131.68;10;11305926827;B
20241016;134035;131.68;10;11305927504;B
20241016;134038;131.68;10;11305927688;B
20241016;134039;131.68;20;11305927750;B
20241016;134053;131.68;10;11305928739;B
20241016;134056;131.68;10;11305928878;B
20241016;134057;131.68;10;11305928988;B
20241016;134058;131.68;10;11305929046;B
20241016;134058;131.68;10;11305929049;B
20241016;134100;131.68;10;11305929150;B
20241016;134100;131.68;10;11305929216;B
20241016;134104;131.7;10;11305929592;B
20241016;134106;131.7;10;11305929778;B
20241016;134108;131.7;10;11305929869;B
20241016;134111;131.7;10;11305930045;B
20241016;134119;131.7;10;11305930600;B
20241016;134129;131.7;10;11305931304;B
20241016;134130;131.7;10;11305931313;B
20241016;134131;131.7;10;11305931382;B
20241016;134131;131.7;10;11305931390;B
20241016;134132;131.7;10;11305931456;B
20241016;134132;131.7;10;11305931478;B
20241016;134138;131.7;10;11305931934;B
20241016;134138;131.7;10;11305931947;B
20241016;134139;131.6;10;11305932009;S
20241016;134147;131.7;10;11305932525;B
20241016;134150;131.7;10;11305932754;B
20241016;134151;131.7;10;11305932821;B
20241016;134151;131.62;130;11305932848;S
20241016;134153;131.68;10;11305932949;B
20241016;134154;131.68;10;11305933020;B
20241016;134154;131.68;10;11305933065;B
20241016;134155;131.68;10;11305933139;B
20241016;134155;131.68;10;11305933184;B
20241016;134206;131.68;10;11305934106;B
20241016;134208;131.68;10;11305934174;B
20241016;134210;131.68;10;11305934406;B
20241016;134213;131.68;10;11305934613;B
20241016;134213;131.68;10;11305934673;B
20241016;134213;131.68;10;11305934706;B
20241016;134213;131.68;10;11305934709;B
20241016;134215;131.68;10;11305934856;B
20241016;134215;131.7;10;11305934879;B
20241016;134216;131.7;10;11305935022;B
20241016;134216;131.7;10;11305935023;B
20241016;134221;131.7;20;11305935426;B
20241016;134222;131.7;10;11305935537;B
20241016;134226;131.7;10;11305935926;B
20241016;134226;131.7;10;11305935995;B
20241016;134227;131.7;10;11305936005;B
20241016;134227;131.7;10;11305936053;B
20241016;134232;131.7;10;11305936413;B
20241016;134234;131.7;10;11305936590;B
20241016;134238;131.7;10;11305936898;B
20241016;134241;131.7;10;11305937147;B
20241016;134254;131.7;10;11305938296;B
20241016;134257;131.7;10;11305938502;B
20241016;134257;131.7;10;11305938517;B
20241016;134302;131.7;10;11305938976;B
20241016;134307;131.7;10;11305939310;B
20241016;134309;131.7;20;11305939494;B
20241016;134310;131.7;10;11305939636;B
20241016;134311;131.7;10;11305939663;B
20241016;134312;131.7;10;11305939713;B
20241016;134318;131.7;10;11305940224;B
20241016;134319;131.7;10;11305940418;B
20241016;134322;131.7;10;11305940596;B
20241016;134323;131.7;10;11305940643;B
20241016;134323;131.7;10;11305940644;B
20241016;134323;131.7;10;11305940646;B
20241016;134324;131.7;10;11305940654;B
20241016;134324;131.7;10;11305940691;B
20241016;134325;131.7;10;11305940746;B
20241016;134325;131.7;10;11305940763;B
20241016;134326;131.7;10;11305940784;B
20241016;134328;131.7;10;11305940895;B
20241016;134330;131.7;10;11305941013;B
20241016;134336;131.7;10;11305941419;B
20241016;134336;131.7;10;11305941424;B
20241016;134337;131.7;10;11305941476;B
20241016;134338;131.7;10;11305941536;B
20241016;134338;131.7;10;11305941539;B
20241016;134339;131.7;10;11305941594;B
20241016;134339;131.7;10;11305941595;B
20241016;134339;131.7;10;11305941601;B
20241016;134340;131.7;10;11305941621;B
20241016;134340;131.7;10;11305941635;B
20241016;134340;131.7;10;11305941636;B
20241016;134340;131.7;10;11305941668;B
20241016;134340;131.7;10;11305941675;B
20241016;134341;131.7;10;11305941708;B
20241016;134344;131.7;10;11305941883;B
20241016;134346;131.7;20;11305942030;B
20241016;134346;131.7;10;11305942132;B
20241016;134347;131.7;10;11305942147;B
20241016;134347;131.7;10;11305942162;B
20241016;134347;131.7;10;11305942189;B
20241016;134347;131.7;10;11305942195;B
20241016;134348;131.62;540;11305942242;S
20241016;134348;131.6;260;11305942243;S
20241016;134348;131.6;20;11305942244;S
20241016;134348;131.6;100;11305942245;S
20241016;134348;131.6;80;11305942246;S
20241016;134348;131.68;10;11305942262;B
20241016;134349;131.68;10;11305942288;B
20241016;134349;131.68;10;11305942304;B
20241016;134349;131.68;10;11305942305;B
20241016;134350;131.68;10;11305942325;B
20241016;134350;131.68;20;11305942329;B
20241016;134350;131.68;10;11305942430;B
20241016;134350;131.68;10;11305942431;B
20241016;134351;131.68;10;11305942456;B
20241016;134352;131.68;10;11305942537;B
20241016;134352;131.68;10;11305942539;B
20241016;134352;131.68;10;11305942549;B
20241016;134353;131.68;10;11305942555;B
20241016;134353;131.68;10;11305942592;B
20241016;134354;131.68;10;11305942597;B
20241016;134355;131.68;10;11305942678;B
20241016;134355;131.68;10;11305942691;B
20241016;134355;131.68;10;11305942755;B
20241016;134356;131.68;10;11305942786;B
20241016;134356;131.68;10;11305942806;B
20241016;134357;131.68;10;11305942914;B
20241016;134357;131.68;10;11305942917;B
20241016;134357;131.68;10;11305942946;B
20241016;134358;131.68;10;11305942984;B
20241016;134402;131.68;10;11305943220;B
20241016;134402;131.68;10;11305943246;B
20241016;134402;131.68;10;11305943256;B
20241016;134402;131.68;10;11305943259;B
20241016;134403;131.68;10;11305943278;B
20241016;134403;131.68;10;11305943285;B
20241016;134403;131.68;10;11305943322;B
20241016;134404;131.68;10;11305943356;B
20241016;134404;131.68;10;11305943358;B
20241016;134405;131.68;20;11305943403;B
20241016;134406;131.68;10;11305943526;B
20241016;134406;131.68;10;11305943559;B
20241016;134408;131.68;10;11305943667;B
20241016;134408;131.68;10;11305943692;B
20241016;134408;131.68;10;11305943711;B
20241016;134409;131.68;10;11305943735;B
20241016;134409;131.68;10;11305943758;B
20241016;134416;131.68;10;11305944368;B
20241016;134419;131.68;20;11305944558;B
20241016;134419;131.68;10;11305944571;B
20241016;134422;131.68;10;11305944785;B
20241016;134423;131.68;10;11305944855;B
20241016;134423;131.68;10;11305944882;B
20241016;134423;131.68;10;11305944922;B
20241016;134425;131.68;10;11305944979;B
20241016;134427;131.68;10;11305945111;B
20241016;134427;131.68;10;11305945145;B
20241016;134428;131.68;10;11305945366;B
20241016;134429;131.68;10;11305945492;B
20241016;134431;131.68;10;11305945577;B
20241016;134432;131.68;10;11305945677;B
20241016;134432;131.68;10;11305945729;B
20241016;134433;131.68;10;11305945734;B
20241016;134433;131.68;10;11305945735;B
20241016;134433;131.7;10;11305945738;B
20241016;134436;131.7;10;11305946059;B
20241016;134436;131.7;10;11305946071;B
20241016;134436;131.7;10;11305946078;B
20241016;134437;131.7;10;11305946219;B
20241016;134438;131.7;10;11305946264;B
20241016;134438;131.7;10;11305946305;B
20241016;134438;131.7;10;11305946317;B
20241016;134439;131.7;20;11305946388;B
20241016;134443;131.7;10;11305946731;B
20241016;134443;131.7;10;11305946732;B
20241016;134445;131.7;10;11305946875;B
20241016;134445;131.7;10;11305946877;B
20241016;134445;131.7;10;11305946893;B
20241016;134446;131.7;10;11305946967;B
20241016;134447;131.7;10;11305947009;B
20241016;134449;131.7;10;11305947121;B
20241016;134449;131.7;10;11305947208;B
20241016;134450;131.7;10;11305947217;B
20241016;134453;131.7;10;11305947531;B
20241016;134454;131.7;20;11305947599;B
20241016;134454;131.7;10;11305947618;B
20241016;134455;131.7;10;11305947748;B
20241016;134456;131.7;10;11305947800;B
20241016;134458;131.7;10;11305947963;B
20241016;134458;131.7;10;11305947977;B
20241016;134500;131.7;10;11305948090;B
20241016;134501;131.7;10;11305948562;B
20241016;134503;131.68;10;11305948844;B
20241016;134504;131.7;10;11305948892;B
20241016;134504;131.7;10;11305948897;B
20241016;134506;131.7;10;11305949101;B
20241016;134508;131.68;10;11305949223;B
20241016;134508;131.7;10;11305949228;B
20241016;134509;131.7;10;11305949265;B
20241016;134509;131.7;10;11305949316;B
20241016;134511;131.7;10;11305949461;B
20241016;134511;131.7;10;11305949522;B
20241016;134513;131.7;10;11305949646;B
20241016;134513;131.7;10;11305949654;B
20241016;134514;131.7;10;11305949718;B
20241016;134515;131.7;10;11305949776;B
20241016;134515;131.7;10;11305949779;B
20241016;134516;131.7;10;11305949812;B
20241016;134517;131.7;10;11305949914;B
20241016;134517;131.7;10;11305949969;B
20241016;134519;131.7;10;11305950158;B
20241016;134521;131.7;10;11305950266;B
20241016;134521;131.68;10;11305950274;B
20241016;134521;131.7;10;11305950279;B
20241016;134521;131.7;10;11305950289;B
20241016;134521;131.7;10;11305950337;B
20241016;134522;131.7;10;11305950344;B
20241016;134526;131.68;20;11305950806;B
20241016;134528;131.7;10;11305950967;B
20241016;134528;131.7;10;11305950977;B
20241016;134528;131.7;10;11305950991;B
20241016;134528;131.7;10;11305950995;B
20241016;134531;131.7;10;11305951186;B
20241016;134533;131.7;10;11305951306;B
20241016;134533;131.7;10;11305951309;B
20241016;134534;131.7;10;11305951341;B
20241016;134534;131.7;10;11305951378;B
20241016;134534;131.7;10;11305951379;B
20241016;134535;131.7;10;11305951401;B
20241016;134538;131.7;10;11305951839;B
20241016;134538;131.7;10;11305951856;B
20241016;134539;131.7;10;11305951889;B
20241016;134541;131.7;10;11305952099;B
20241016;134541;131.7;10;11305952140;B
20241016;134542;131.7;10;11305952187;B
20241016;134543;131.7;10;11305952248;B
20241016;134544;131.7;20;11305952387;B
20241016;134544;131.7;10;11305952399;B
20241016;134545;131.7;10;11305952429;B
20241016;134545;131.7;10;11305952432;B
20241016;134545;131.7;10;11305952470;B
20241016;134546;131.7;10;11305952473;B
20241016;134546;131.7;10;11305952479;B
20241016;134546;131.7;10;11305952507;B
20241016;134550;131.7;10;11305952811;B
20241016;134550;131.7;10;11305952834;B
20241016;134552;131.7;10;11305952914;B
20241016;134552;131.7;10;11305952972;B
20241016;134554;131.7;10;11305953148;B
20241016;134554;131.7;10;11305953151;B
20241016;134554;131.7;10;11305953169;B
20241016;134554;131.7;10;11305953170;B
20241016;134554;131.7;10;11305953190;B
20241016;134554;131.7;10;11305953191;B
20241016;134554;131.7;10;11305953194;B
20241016;134555;131.7;10;11305953212;B
20241016;134555;131.7;10;11305953232;B
20241016;134555;131.7;20;11305953241;B
20241016;134556;131.7;10;11305953304;B
20241016;134600;131.7;20;11305953568;B
20241016;134600;131.7;10;11305953774;B
20241016;134600;131.7;10;11305953962;B
20241016;134601;131.7;10;11305953995;B
20241016;134602;131.7;10;11305954025;B
20241016;134604;131.7;10;11305954369;B
20241016;134605;131.7;10;11305954446;B
20241016;134605;131.7;10;11305954471;B
20241016;134606;131.7;10;11305954519;B
20241016;134606;131.7;10;11305954524;B
20241016;134609;131.7;10;11305954679;B
20241016;134609;131.7;10;11305954680;B
20241016;134609;131.7;10;11305954716;B
20241016;134609;131.7;20;11305954777;B
20241016;134610;131.7;10;11305954797;B
20241016;134611;131.7;10;11305954861;B
20241016;134611;131.7;10;11305954896;B
20241016;134612;131.7;10;11305954914;B
20241016;134614;131.7;10;11305955085;B
20241016;134614;131.7;10;11305955094;B
20241016;134617;131.7;10;11305955308;B
20241016;134618;131.7;10;11305955474;B
20241016;134618;131.7;10;11305955481;B
20241016;134619;131.7;10;11305955496;B
20241016;134619;131.7;10;11305955503;B
20241016;134621;131.7;20;11305955603;B
20241016;134621;131.7;10;11305955607;B
20241016;134622;131.7;10;11305955748;B
20241016;134622;131.7;10;11305955804;B
20241016;134624;131.7;10;11305956010;B
20241016;134624;131.7;10;11305956011;B
20241016;134625;131.7;10;11305956100;B
20241016;134626;131.7;10;11305956106;B
20241016;134626;131.7;10;11305956114;B
20241016;134626;131.7;10;11305956116;B
20241016;134627;131.7;10;11305956175;B
20241016;134627;131.7;10;11305956212;B
20241016;134628;131.7;10;11305956256;B
20241016;134628;131.7;10;11305956273;B
20241016;134628;131.7;10;11305956318;B
20241016;134629;131.7;10;11305956392;B
20241016;134630;131.7;10;11305956424;B
20241016;134630;131.7;10;11305956429;B
20241016;134630;131.7;10;11305956496;B
20241016;134632;131.7;10;11305956628;B
20241016;134633;131.7;10;11305956697;B
20241016;134634;131.7;10;11305957004;B
20241016;134634;131.7;10;11305957016;B
20241016;134635;131.7;10;11305957085;B
20241016;134637;131.7;10;11305957247;B
20241016;134638;131.7;10;11305957397;B
20241016;134639;131.7;10;11305957424;B
20241016;134639;131.7;10;11305957432;B
20241016;134639;131.7;10;11305957435;B
20241016;134639;131.7;10;11305957481;B
20241016;134640;131.7;10;11305957548;B
20241016;134641;131.7;10;11305957613;B
20241016;134642;131.7;10;11305957748;B
20241016;134643;131.7;20;11305957758;B
20241016;134643;131.7;10;11305957892;B
20241016;134645;131.7;10;11305957974;B
20241016;134649;131.7;10;11305958356;B
20241016;134649;131.7;10;11305958361;B
20241016;134653;131.7;10;11305958600;B
20241016;134653;131.7;10;11305958607;B
20241016;134654;131.7;10;11305958669;B
20241016;134655;131.7;10;11305958687;B
20241016;134655;131.7;10;11305958688;B
20241016;134655;131.7;10;11305958784;B
20241016;134656;131.7;10;11305958830;B
20241016;134656;131.7;10;11305958842;B
20241016;134656;131.7;10;11305958848;B
20241016;134657;131.7;10;11305958876;B
20241016;134657;131.7;10;11305958933;B
20241016;134659;131.7;10;11305959187;B
20241016;134703;131.7;10;11305959563;B
20241016;134704;131.7;10;11305959620;B
20241016;134708;131.7;10;11305959852;B
20241016;134709;131.7;10;11305959951;B
20241016;134711;131.7;10;11305960044;B
20241016;134713;131.7;10;11305960205;B
20241016;134716;131.7;10;11305960442;B
20241016;134722;131.7;10;11305960827;B
20241016;134906;131.68;30;11305969502;B
20241016;134916;131.68;10;11305970436;B
20241016;134926;131.68;40;11305971571;B
20241016;135027;131.6;10;11305978509;S
20241016;135027;131.6;10;11305978510;S
20241016;135027;131.6;10;11305978511;S
20241016;135027;131.58;70;11305978512;S
20241016;135207;131.58;10;11305987241;S
20241016;135223;131.58;10;11305988450;S
20241016;135223;131.58;10;11305988451;S
20241016;135223;131.56;10;11305988452;S
20241016;135223;131.56;30;11305988453;S
20241016;135223;131.56;830;11305988454;S
20241016;135223;131.54;10;11305988455;S
20241016;135223;131.54;540;11305988456;S
20241016;135223;131.54;60;11305988457;S
20241016;135223;131.54;170;11305988458;S
20241016;135223;131.52;1000;11305988459;S
20241016;135223;131.52;100;11305988460;S
20241016;135223;131.52;10;11305988461;S
20241016;135223;131.52;10;11305988462;S
20241016;135223;131.52;170;11305988463;S
20241016;135223;131.5;5760;11305988464;S
20241016;135223;131.5;20;11305988465;S
20241016;135223;131.5;130;11305988466;S
20241016;135223;131.5;20;11305988467;S
20241016;135223;131.5;10;11305988468;S
20241016;135223;131.5;10;11305988469;S
20241016;135223;131.5;10;11305988470;S
20241016;135223;131.5;670;11305988471;S
20241016;135223;131.5;10;11305988472;S
20241016;135223;131.5;10;11305988473;S
20241016;135223;131.5;50;11305988474;S
20241016;135223;131.5;10;11305988475;S
20241016;135223;131.5;10;11305988476;S
20241016;135223;131.5;10;11305988477;S
20241016;135223;131.5;300;11305988478;S
20241016;135223;131.5;10;11305988479;S
20241016;135223;131.5;4600;11305988493;S
20241016;135223;131.48;10;11305988494;S
20241016;135223;131.48;10;11305988495;S
20241016;135223;131.48;20;11305988496;S
20241016;135223;131.48;100;11305988497;S
20241016;135223;131.48;40;11305988498;S
20241016;135223;131.48;10;11305988499;S
20241016;135223;131.48;300;11305988516;B
20241016;135223;131.46;50;11305988517;S
20241016;135223;131.46;10;11305988518;S
20241016;135223;131.46;10;11305988519;S
20241016;135223;131.46;30;11305988520;S
20241016;135223;131.46;10;11305988521;S
20241016;135223;131.46;20;11305988522;S
20241016;135223;131.46;210;11305988523;S
20241016;135223;131.46;790;11305988636;S
20241016;135223;131.44;10;11305988637;S
20241016;135223;131.44;10;11305988638;S
20241016;135223;131.44;50;11305988639;S
20241016;135223;131.44;100;11305988640;S
20241016;135223;131.44;100;11305988641;S
20241016;135223;131.44;10;11305988642;S
20241016;135223;131.44;10;11305988643;S
20241016;135223;131.44;10;11305988644;S
20241016;135223;131.44;10;11305988645;S
20241016;135223;131.44;10;11305988646;S
20241016;135223;131.44;10;11305988647;S
20241016;135223;131.44;20;11305988648;S
20241016;135223;131.44;100;11305988649;S
20241016;135223;131.44;10;11305988650;S
20241016;135223;131.44;10;11305988651;S
20241016;135223;131.44;10;11305988652;S
20241016;135223;131.44;10;11305988653;S
20241016;135223;131.44;10;11305988654;S
20241016;135223;131.44;10;11305988655;S
20241016;135223;131.44;10;11305988656;S
20241016;135223;131.44;20;11305988657;S
20241016;135223;131.42;40;11305988658;S
20241016;135223;131.42;50;11305988659;S
20241016;135223;131.42;10;11305988660;S
20241016;135223;131.42;1990;11305988661;S
20241016;135223;131.42;100;11305988662;S
20241016;135223;131.42;20;11305988663;S
20241016;135223;131.42;10;11305988664;S
20241016;135223;131.42;1080;11305988665;S
20241016;135223;131.42;200;11305988667;S
20241016;135224;131.42;300;11305988682;S
20241016;135224;131.44;410;11305988686;S
20241016;135224;131.42;340;11305988687;S
20241016;135225;131.46;20;11305988815;B
20241016;135229;131.46;10;11305989175;B
20241016;135232;131.46;10;11305989378;B
20241016;135245;131.44;10;11305990420;S
20241016;135259;131.46;80;11305991270;B
20241016;135300;131.46;10;11305991379;B
20241016;135312;131.44;150;11305992027;S
20241016;135342;131.46;10;11305993638;B
20241016;135357;131.48;100;11305994430;B
20241016;135408;131.48;300;11305995114;B
20241016;135435;131.48;360;11305996625;B
20241016;135455;131.44;50;11305997794;S
20241016;135455;131.44;10;11305997795;S
20241016;135455;131.44;10;11305997796;S
20241016;135455;131.44;240;11305997797;S
20241016;135455;131.44;250;11305997798;S
20241016;135455;131.42;8080;11305997799;S
20241016;135455;131.42;10;11305997800;S
20241016;135455;131.42;200;11305997801;S
20241016;135455;131.42;20;11305997802;S
20241016;135455;131.42;10;11305997803;S
20241016;135455;131.4;1000;11305997804;S
20241016;135455;131.4;10;11305997805;S
20241016;135455;131.4;110;11305997806;S
20241016;135455;131.42;170;11305997831;S
20241016;135455;131.4;130;11305997832;S
20241016;135455;131.4;20;11305997833;S
20241016;135455;131.4;50;11305997834;S
20241016;135456;131.42;10;11305997866;S
20241016;135512;131.42;50;11305999047;S
20241016;135529;131.42;20;11306000092;S
20241016;135529;131.42;150;11306000093;S
20241016;135623;131.42;30;11306003393;B
20241016;135639;131.4;110;11306004700;S
20241016;135639;131.4;1890;11306004701;S
20241016;135658;131.4;30;11306005849;S
20241016;135706;131.42;10;11306006276;B
20241016;135718;131.4;1000;11306007044;S
20241016;135724;131.4;100;11306007342;S
20241016;135729;131.4;30;11306007884;S
20241016;135748;131.4;300;11306009146;S
20241016;135748;131.4;20;11306009149;S
20241016;135749;131.42;500;11306009187;B
20241016;135756;131.42;200;11306009706;B
20241016;135818;131.42;20;11306010867;B
20241016;135825;131.42;20;11306011161;B
20241016;135842;131.42;10;11306012115;B
20241016;135857;131.46;10;11306013011;B
20241016;135943;131.46;50;11306015342;S
20241016;135946;131.46;50;11306015467;S
20241016;140102;131.48;10;11306020437;B
20241016;140118;131.48;10;11306021388;B
20241016;140142;131.48;10;11306022575;B
20241016;140212;131.42;40;11306024188;S
20241016;140212;131.42;10;11306024189;S
20241016;140302;131.4;10;11306027590;S
20241016;140311;131.42;10;11306028028;B
20241016;140317;131.4;10;11306028317;S
20241016;140322;131.42;10;11306028607;B
20241016;140335;131.42;10;11306029446;B
20241016;140338;131.4;30;11306029530;S
20241016;140340;131.42;10;11306029708;B
20241016;140340;131.46;10;11306029709;B
20241016;140350;131.48;10;11306030212;B
20241016;140354;131.42;20;11306030421;S
20241016;140425;131.48;10;11306032068;B
20241016;140438;131.42;10;11306032801;S
20241016;140438;131.42;30;11306032802;S
20241016;140505;131.42;250;11306034208;B
20241016;140514;131.42;10;11306034848;B
20241016;140523;131.42;50;11306035839;B
20241016;140526;131.4;10;11306036067;S
20241016;140534;131.42;10;11306036669;B
20241016;140609;131.42;20;11306039040;B
20241016;140618;131.42;10;11306042310;B
20241016;140620;131.42;20;11306042452;B
20241016;140633;131.42;20;11306043637;B
20241016;140634;131.42;20;11306043728;B
20241016;140635;131.42;50;11306043799;B
20241016;140636;131.4;130;11306043881;S
20241016;140643;131.4;2500;11306044461;S
20241016;140644;131.42;40;11306044619;B
20241016;140704;131.42;20;11306046288;B
20241016;140716;131.42;20;11306046932;B
20241016;140724;131.42;10;11306047322;B
20241016;140727;131.42;100;11306047500;B
20241016;140727;131.42;100;11306047514;B
20241016;140739;131.4;500;11306048369;S
20241016;140742;131.42;100;11306048518;B
20241016;140805;131.42;10;11306050175;B
20241016;140814;131.42;20;11306050994;B
20241016;140854;131.42;20;11306054535;B
20241016;140911;131.42;10;11306055750;B
20241016;140923;131.4;350;11306056627;S
20241016;141109;131.4;40;11306067656;S
20241016;141126;131.42;10;11306069496;B
20241016;141130;131.42;20;11306069924;B
20241016;141133;131.42;10;11306070168;B
20241016;141154;131.4;2000;11306071625;S
20241016;141159;131.4;1050;11306072183;S
20241016;141159;131.4;20;11306072184;S
20241016;141159;131.4;10;11306072185;S
20241016;141159;131.4;10;11306072186;S
20241016;141159;131.4;100;11306072187;S
20241016;141159;131.4;380;11306072188;S
20241016;141159;131.4;130;11306072189;S
20241016;141159;131.4;10;11306072190;S
20241016;141159;131.4;100;11306072191;S
20241016;141159;131.4;10;11306072192;S
20241016;141159;131.4;10;11306072193;S
20241016;141159;131.4;10;11306072194;S
20241016;141159;131.4;10;11306072195;S
20241016;141159;131.4;30;11306072196;S
20241016;141159;131.38;10;11306072197;S
20241016;141159;131.38;10;11306072198;S
20241016;141159;131.38;10;11306072199;S
20241016;141159;131.36;50;11306072200;S
20241016;141159;131.36;20;11306072201;S
20241016;141159;131.36;10;11306072202;S
20241016;141159;131.36;10;11306072203;S
20241016;141159;131.36;10;11306072238;S
20241016;141159;131.36;20;11306072239;S
20241016;141159;131.34;10;11306072240;S
20241016;141159;131.34;10;11306072258;S
20241016;141159;131.34;10;11306072259;S
20241016;141159;131.34;10;11306072260;S
20241016;141159;131.34;10;11306072261;S
20241016;141159;131.32;10;11306072262;S
20241016;141159;131.32;10;11306072263;S
20241016;141159;131.32;10;11306072264;S
20241016;141159;131.32;10;11306072265;S
20241016;141159;131.32;30;11306072266;S
20241016;141200;131.32;20;11306072311;S
20241016;141200;131.32;160;11306072312;S
20241016;141305;131.38;10;11306078336;B
20241016;141412;131.32;50;11306082943;S
20241016;141439;131.32;60;11306085394;S
20241016;141439;131.32;50;11306085395;S
20241016;141439;131.32;10;11306085396;S
20241016;141450;131.32;50;11306086500;B
20241016;141454;131.32;10;11306086777;B
20241016;141501;131.3;10;11306087236;S
20241016;141501;131.3;10;11306087324;S
20241016;141501;131.3;10;11306087325;S
20241016;141501;131.3;330;11306087326;S
20241016;141502;131.3;170;11306087388;S
20241016;141502;131.3;10;11306087389;S
20241016;141502;131.3;20;11306087390;S
20241016;141502;131.3;50;11306087405;S
20241016;141502;131.3;60;11306087406;S
20241016;141504;131.32;50;11306087599;B
20241016;141505;131.3;30;11306087611;S
20241016;141505;131.3;10;11306087612;S
20241016;141505;131.3;10;11306087613;S
20241016;141505;131.3;50;11306087614;S
20241016;141535;131.3;80;11306090204;S
20241016;141535;131.3;10;11306090205;S
20241016;141535;131.3;10;11306090206;S
20241016;141535;131.3;10;11306090207;S
20241016;141535;131.3;20;11306090208;S
20241016;141535;131.3;10;11306090209;S
20241016;141535;131.3;70;11306090210;S
20241016;141535;131.3;80;11306090211;S
20241016;141535;131.3;10;11306090212;S
20241016;141535;131.3;10;11306090213;S
20241016;141535;131.3;30;11306090214;S
20241016;141535;131.3;10;11306090215;S
20241016;141535;131.3;10;11306090216;S
20241016;141535;131.3;10;11306090217;S
20241016;141535;131.3;40;11306090218;S
20241016;141535;131.3;40;11306090219;S
20241016;141535;131.28;30;11306090220;S
20241016;141535;131.26;10;11306090221;S
20241016;141535;131.26;10;11306090222;S
20241016;141535;131.26;20;11306090223;S
20241016;141535;131.24;10;11306090224;S
20241016;141535;131.24;10;11306090225;S
20241016;141535;131.24;40;11306090226;S
20241016;141535;131.22;10;11306090227;S
20241016;141535;131.22;30;11306090228;S
20241016;141535;131.2;20;11306090229;S
20241016;141535;131.2;20;11306090230;S
20241016;141535;131.2;10;11306090231;S
20241016;141535;131.2;10;11306090232;S
20241016;141535;131.2;50;11306090233;S
20241016;141535;131.2;10;11306090234;S
20241016;141535;131.2;10;11306090235;S
20241016;141535;131.2;10;11306090236;S
20241016;141535;131.2;10;11306090237;S
20241016;141535;131.2;10;11306090238;S
20241016;141535;131.2;10;11306090252;S
20241016;141535;131.18;10;11306090253;S
20241016;141535;131.18;100;11306090254;S
20241016;141535;131.18;30;11306090255;S
20241016;141535;131.18;10;11306090256;S
20241016;141535;131.18;540;11306090257;S
20241016;141535;131.16;50;11306090258;S
20241016;141535;131.16;10;11306090259;S
20241016;141535;131.16;10;11306090260;S
20241016;141535;131.16;630;11306090261;S
20241016;141536;131.24;70;11306090336;S
20241016;141536;131.2;50;11306090337;S
20241016;141536;131.16;1640;11306090338;S
20241016;141536;131.16;30;11306090339;S
20241016;141536;131.16;80;11306090340;S
20241016;141536;131.14;50;11306090341;S
20241016;141536;131.12;80;11306090342;S
20241016;141553;131.26;10;11306092277;B
20241016;141558;131.26;10;11306093324;B
20241016;141606;131.24;10;11306094692;S
20241016;141606;131.22;90;11306094693;S
20241016;141616;131.26;20;11306096016;B
20241016;141657;131.22;30;11306100790;S
20241016;141703;131.22;100;11306102061;S
20241016;141734;131.22;100;11306104612;S
20241016;141746;131.24;10;11306105658;B
20241016;141748;131.24;10;11306105708;B
20241016;141756;131.22;250;11306106235;S
20241016;141807;131.22;150;11306107070;S
20241016;141811;131.22;30;11306107372;S
20241016;141822;131.22;20;11306108042;S
20241016;141825;131.22;10;11306108229;S
20241016;141829;131.22;80;11306108568;S
20241016;141837;131.22;20;11306109067;S
20241016;141846;131.22;100;11306109696;S
20241016;141852;131.24;20;11306110191;B
20241016;141852;131.26;20;11306110192;B
20241016;141852;131.28;330;11306110193;B
20241016;141934;131.28;10;11306114214;B
20241016;142025;131.28;20;11306119925;B
20241016;142028;131.24;50;11306120452;S
20241016;142028;131.24;20;11306120453;S
20241016;142028;131.24;40;11306120454;S
20241016;142028;131.22;90;11306120455;S
20241016;142038;131.28;10;11306122897;B
20241016;142041;131.28;10;11306123482;B
20241016;142053;131.28;10;11306126194;B
20241016;142111;131.24;10;11306130187;S
20241016;142111;131.28;20;11306130213;B
20241016;142119;131.28;10;11306131028;B
20241016;142127;131.28;60;11306131721;B
20241016;142127;131.28;10;11306131722;B
20241016;142127;131.28;20;11306131723;B
20241016;142127;131.3;60;11306131724;B
20241016;142138;131.24;160;11306132490;S
20241016;142138;131.24;50;11306132491;S
20241016;142138;131.22;880;11306132492;S
20241016;142138;131.22;40;11306132493;S
20241016;142138;131.22;10;11306132494;S
20241016;142138;131.22;30;11306132495;S
20241016;142138;131.22;10;11306132496;S
20241016;142138;131.2;10;11306132497;S
20241016;142138;131.16;100;11306132498;S
20241016;142138;131.14;50;11306132499;S
20241016;142138;131.14;160;11306132500;S
20241016;142138;131.14;160;11306132501;S
20241016;142138;131.12;340;11306132502;S
20241016;142152;131.24;10;11306133707;B
20241016;142205;131.16;10;11306134745;S
20241016;142246;131.2;40;11306138216;S
20241016;142251;131.2;50;11306138646;S
20241016;142355;131.26;40;11306143560;B
20241016;142355;131.26;10;11306143561;B
20241016;142358;131.28;10;11306143787;B
20241016;142401;131.28;10;11306144098;B
20241016;142401;131.28;40;11306144099;B
20241016;142401;131.28;50;11306144100;S
20241016;142407;131.26;20;11306144431;S
20241016;142412;131.3;750;11306144664;B
20241016;142427;131.32;710;11306145406;B
20241016;142435;131.32;30;11306145769;B
20241016;142439;131.32;640;11306145950;B
20241016;142440;131.3;10;11306146027;S
20241016;142441;131.32;250;11306146041;B
20241016;142443;131.32;1000;11306146208;B
20241016;142446;131.32;220;11306146352;B
20241016;142447;131.32;540;11306146430;B
20241016;142449;131.32;1500;11306146510;B
20241016;142449;131.32;700;11306146526;B
20241016;142549;131.3;380;11306150693;S
20241016;142621;131.3;300;11306152893;S
20241016;142635;131.32;220;11306153850;B
20241016;142656;131.32;30;11306155172;B
20241016;142658;131.32;10;11306155236;B
20241016;142710;131.32;680;11306155961;B
20241016;142741;131.3;60;11306158209;S
20241016;142741;131.3;20;11306158210;S
20241016;142741;131.3;10;11306158211;S
20241016;142741;131.22;100;11306158212;S
20241016;142741;131.2;10;11306158213;S
20241016;142818;131.32;10;11306160783;B
20241016;142843;131.32;10;11306162479;B
20241016;142926;131.32;10;11306165185;B
20241016;142929;131.32;10;11306165390;B
20241016;142937;131.32;30;11306166108;B
20241016;143031;131.32;10;11306173486;B
20241016;143050;131.32;20;11306174748;B
20241016;143051;131.32;10;11306174808;B
20241016;143113;131.3;10;11306176194;S
20241016;143128;131.32;10;11306176952;B
20241016;143133;131.32;10;11306177218;B
20241016;143134;131.32;30;11306177338;B
20241016;143136;131.3;400;11306177425;S
20241016;143148;131.32;10;11306178366;B
20241016;143222;131.32;370;11306180838;B
20241016;143222;131.32;50;11306180839;B
20241016;143247;131.32;30;11306182585;S
20241016;143255;131.36;20;11306183176;B
20241016;143305;131.36;20;11306183908;B
20241016;143307;131.32;20;11306184033;S
20241016;143320;131.36;10;11306184913;B
20241016;143326;131.36;100;11306185357;B
20241016;143335;131.36;440;11306186074;S
20241016;143340;131.38;10;11306186416;B
20241016;143348;131.38;120;11306190678;B
20241016;143348;131.38;370;11306190679;B
20241016;143407;131.32;50;11306192261;S
20241016;143419;131.4;10;11306193155;B
20241016;143435;131.4;10;11306194795;B
20241016;143447;131.4;50;11306195825;B
20241016;143516;131.4;40;11306198457;B
20241016;143524;131.38;240;11306199308;S
20241016;143524;131.38;60;11306199309;S
20241016;143528;131.4;10;11306199740;B
20241016;143532;131.4;10;11306200099;B
20241016;143606;131.4;10;11306202686;B
20241016;143635;131.4;30;11306205293;B
20241016;143649;131.4;30;11306206118;B
20241016;143649;131.42;250;11306206119;B
20241016;143649;131.42;650;11306206120;B
20241016;143649;131.42;70;11306206121;B
20241016;143742;131.38;40;11306213759;S
20241016;143758;131.4;10;11306214692;B
20241016;143805;131.38;70;11306215048;S
20241016;143811;131.42;10;11306215395;B
20241016;143838;131.42;60;11306216917;B
20241016;143929;131.4;10;11306219866;S
20241016;143937;131.4;40;11306220586;S
20241016;143937;131.4;50;11306220587;S
20241016;143937;131.38;130;11306220588;S
20241016;144001;131.42;10;11306222536;B
20241016;144033;131.42;10;11306224670;B
20241016;144037;131.42;10;11306224896;B
20241016;144037;131.42;30;11306224897;B
20241016;144113;131.42;10;11306231734;B
20241016;144128;131.42;60;11306232859;B
20241016;144128;131.42;30;11306232860;B
20241016;144136;131.42;10;11306233321;B
20241016;144136;131.44;10;11306233322;B
20241016;144142;131.44;10;11306233674;B
20241016;144209;131.44;30;11306235369;B
20241016;144223;131.44;10;11306236369;B
20241016;144231;131.44;10;11306236856;B
20241016;144238;131.4;60;11306237274;S
20241016;144238;131.4;20;11306237275;S
20241016;144241;131.42;20;11306237449;B
20241016;144241;131.42;20;11306237450;B
20241016;144306;131.4;10;11306239376;B
20241016;144348;131.4;10;11306241842;B
20241016;144420;131.4;10;11306244013;B
20241016;144420;131.42;30;11306244014;B
20241016;144535;131.42;10;11306254775;B
20241016;144543;131.42;10;11306255489;B
20241016;144544;131.4;20;11306255505;S
20241016;144616;131.38;160;11306258537;S
20241016;144616;131.38;10;11306258538;S
20241016;144632;131.38;20;11306260055;B
20241016;144637;131.36;100;11306260645;S
20241016;144637;131.36;20;11306260646;S
20241016;144637;131.36;10;11306260647;S
20241016;144657;131.32;10;11306262056;B
20241016;144726;131.3;610;11306263889;S
20241016;144729;131.32;10;11306264103;B
20241016;144734;131.32;10;11306264360;B
20241016;144748;131.32;300;11306265222;B
20241016;144750;131.3;120;11306265276;S
20241016;144750;131.3;10;11306265277;S
20241016;144750;131.28;10;11306265278;S
20241016;144750;131.24;20;11306265279;S
20241016;144750;131.22;90;11306265280;S
20241016;144750;131.22;60;11306265281;S
20241016;144750;131.2;40;11306265282;S
20241016;144750;131.2;10;11306265283;S
20241016;144750;131.2;500;11306265284;S
20241016;144750;131.2;90;11306265285;S
20241016;144750;131.18;300;11306265286;S
20241016;144750;131.16;10;11306265287;S
20241016;144750;131.16;70;11306265288;S
20241016;144750;131.14;10;11306265289;S
20241016;144750;131.14;50;11306265290;S
20241016;144750;131.14;860;11306265291;S
20241016;144750;131.12;2080;11306265292;S
20241016;144750;131.12;10;11306265293;S
20241016;144750;131.12;10;11306265294;S
20241016;144750;131.12;10;11306265295;S
20241016;144750;131.12;100;11306265296;S
20241016;144750;131.12;10;11306265297;S
20241016;144750;131.12;20;11306265298;S
20241016;144750;131.12;100;11306265299;S
20241016;144750;131.12;10;11306265300;S
20241016;144750;131.1;100;11306265301;S
20241016;144750;131.1;10;11306265302;S
20241016;144750;131.1;20;11306265303;S
20241016;144750;131.1;10;11306265304;S
20241016;144750;131.1;10;11306265305;S
20241016;144750;131.1;10;11306265306;S
20241016;144750;131.1;130;11306265307;S
20241016;144750;131.1;500;11306265308;S
20241016;144750;131.1;500;11306265309;S
20241016;144750;131.1;10;11306265310;S
20241016;144750;131.08;10;11306265311;S
20241016;144750;131.08;10;11306265312;S
20241016;144750;131.06;10;11306265313;S
20241016;144750;131.06;10;11306265314;S
20241016;144750;131.06;10;11306265315;S
20241016;144750;131.06;1440;11306265316;S
20241016;144750;131.06;10;11306265317;S
20241016;144750;131.04;30;11306265318;S
20241016;144750;131.04;60;11306265319;S
20241016;144750;131.04;20;11306265320;S
20241016;144750;131.04;50;11306265321;S
20241016;144750;131.04;100;11306265322;S
20241016;144750;131.04;200;11306265323;S
20241016;144750;131.04;10;11306265324;S
20241016;144750;131.02;10;11306265325;S
20241016;144750;131.02;10;11306265326;S
20241016;144750;131.02;10;11306265327;S
20241016;144750;131.02;150;11306265328;S
20241016;144750;131.02;60;11306265329;S
20241016;144750;131.02;1440;11306265330;S
20241016;144750;131.02;10;11306265331;S
20241016;144750;131.02;400;11306265332;S
20241016;144750;131.02;40;11306265333;S
20241016;144750;131.02;1000;11306265334;S
20241016;144750;131.24;60;11306265349;B
20241016;144750;131.26;100;11306265350;B
20241016;144751;131.28;20;11306265390;B
20241016;144755;131.26;50;11306265801;B
20241016;144755;131.26;60;11306265802;B
20241016;144817;131.26;10;11306267618;B
20241016;144833;131.24;10;11306268680;B
20241016;144849;131.26;10;11306269639;B
20241016;144939;131.3;10;11306276804;B
20241016;144955;131.3;20;11306277992;B
20241016;145014;131.3;10;11306279035;B
20241016;145014;131.3;20;11306279036;B
20241016;145038;131.3;50;11306280262;B
20241016;145051;131.3;20;11306281451;B
20241016;145117;131.3;40;11306283397;B
20241016;145120;131.3;10;11306283635;B
20241016;145221;131.3;10;11306287620;B
20241016;145237;131.3;20;11306292381;B
20241016;145253;131.3;10;11306293121;B
20241016;145305;131.3;10;11306294396;B
20241016;145316;131.3;10;11306294931;B
20241016;145328;131.3;10;11306295667;B
20241016;145337;131.3;50;11306296248;B
20241016;145357;131.3;10;11306297714;B
20241016;145438;131.26;10;11306300436;S
20241016;145507;131.2;20;11306301887;S
20241016;145518;131.26;10;11306302443;B
20241016;145546;131.26;10;11306303892;B
20241016;145548;131.26;10;11306304045;B
20241016;145549;131.26;10;11306304090;B
20241016;145550;131.26;50;11306304115;B
20241016;145551;131.26;50;11306304234;B
20241016;145551;131.22;10;11306304257;S
20241016;145551;131.2;80;11306304258;S
20241016;145551;131.2;10;11306304259;S
20241016;145551;131.2;10;11306304260;S
20241016;145551;131.18;100;11306304261;S
20241016;145551;131.16;900;11306304262;S
20241016;145551;131.12;300;11306304263;S
20241016;145551;131.12;60;11306304264;S
20241016;145551;131.1;30;11306304265;S
20241016;145551;131.1;150;11306304266;S
20241016;145551;131.1;60;11306304267;B
20241016;145551;131.1;20;11306304275;B
20241016;145551;131.08;10;11306304298;S
20241016;145551;131.06;10;11306304299;S
20241016;145551;131.06;100;11306304300;S
20241016;145551;131.06;30;11306304301;S
20241016;145559;131.08;10;11306304875;B
20241016;145601;131.04;10;11306305001;S
20241016;145601;131.04;10;11306305002;S
20241016;145601;131.04;80;11306305003;S
20241016;145613;131.1;50;11306305668;B
20241016;145645;131.1;310;11306308007;B
20241016;145646;131.04;50;11306308933;S
20241016;145656;131.1;100;11306310148;B
20241016;145703;131.1;130;11306310631;B
20241016;145729;131.1;10;11306312310;B
20241016;145732;131.1;70;11306312465;B
20241016;145737;131.04;70;11306312719;S
20241016;145737;131.04;570;11306312720;S
20241016;145737;131.04;10;11306312721;S
20241016;145737;131.04;10;11306312722;S
20241016;145737;131.02;80;11306312723;S
20241016;145737;131.02;20;11306312724;S
20241016;145737;131.02;90;11306312725;S
20241016;145737;131.02;50;11306312726;S
20241016;145737;131.02;50;11306312727;S
20241016;145737;131.02;10;11306312728;S
20241016;145737;131.02;10;11306312729;S
20241016;145737;131.02;60;11306312730;S
20241016;145737;131.02;10;11306312731;S
20241016;145737;131.02;40;11306312732;S
20241016;145737;131.02;10;11306312733;S
20241016;145737;131.02;200;11306312734;S
20241016;145737;131.02;10;11306312735;S
20241016;145737;131.02;10;11306312736;S
20241016;145737;131.02;10;11306312737;S
20241016;145737;131.02;10;11306312738;S
20241016;145737;131.02;20;11306312739;S
20241016;145737;131.02;20;11306312740;S
20241016;145737;131.02;100;11306312741;S
20241016;145737;131.02;250;11306312742;S
20241016;145737;131;10;11306312743;S
20241016;145737;131;10;11306312744;S
20241016;145737;131;50;11306312745;S
20241016;145737;131;10;11306312746;S
20241016;145737;131;10;11306312747;S
20241016;145737;131;50;11306312748;S
20241016;145737;131;30;11306312749;S
20241016;145737;131;100;11306312750;S
20241016;145737;131;10;11306312751;S
20241016;145737;131;20;11306312752;S
20241016;145737;131;20;11306312753;S
20241016;145737;131;90;11306312754;S
20241016;145737;131;10;11306312755;S
20241016;145737;131;30;11306312756;S
20241016;145737;131;10;11306312757;S
20241016;145737;131;10;11306312758;S
20241016;145737;131;50;11306312759;S
20241016;145737;131;1000;11306312760;S
20241016;145737;131;50;11306312761;S
20241016;145737;131;500;11306312762;S
20241016;145737;131;250;11306312763;S
20241016;145737;131;10;11306312764;S
20241016;145737;131;10;11306312765;S
20241016;145737;131;30;11306312766;S
20241016;145737;131;10;11306312767;S
20241016;145737;131.02;240;11306312810;S
20241016;145737;131.1;20;11306312814;B
20241016;145737;131.02;330;11306312815;S
20241016;145737;131;10;11306312816;S
20241016;145737;131;10;11306312817;S
20241016;145737;131;10;11306312818;S
20241016;145737;131;40;11306312819;S
20241016;145759;131.1;70;11306315015;B
20241016;145814;131.1;150;11306318338;B
20241016;145826;131.04;140;11306319437;S
20241016;145826;131.02;10;11306319438;S
20241016;145840;131.02;60;11306320307;S
20241016;145840;131.02;10;11306320308;S
20241016;145901;131.02;20;11306321749;S
20241016;145901;131.02;90;11306321750;S
20241016;145901;131;3880;11306321751;S
20241016;145917;131.02;10;11306322833;B
20241016;145921;131;1430;11306323142;S
20241016;145928;131.02;10;11306323800;B
20241016;145936;131.02;20;11306324659;B
20241016;145937;131.02;10;11306324694;B
20241016;145951;131.02;10;11306325570;B
20241016;145955;131.02;40;11306325850;B
20241016;145955;131.08;10;11306325851;B
20241016;150006;131.08;100;11306326848;B
20241016;150006;131.1;450;11306326849;B
20241016;150007;131.02;10;11306326886;S
20241016;150007;131.02;10;11306326887;S
20241016;150016;131.02;20;11306328162;B
20241016;150018;131.02;50;11306328234;B
20241016;150023;131.02;50;11306328545;B
20241016;150024;131.02;10;11306328725;B
20241016;150033;131;770;11306329197;S
20241016;150051;131.02;50;11306330301;B
20241016;150056;131.02;330;11306330807;B
20241016;150135;131.08;70;11306333778;B
20241016;150136;131.1;80;11306333835;B
20241016;150208;131.02;60;11306336714;S
20241016;150208;131;3000;11306336715;S
20241016;150208;131;60;11306336716;S
20241016;150208;131;60;11306336717;S
20241016;150208;131;60;11306336718;S
