<DATE>;<TIME>;<LAST>;<VOL>;<ID>;<OPER>
20241112;095953;90.78;10;11410258315;B
20241112;095953;90.78;40;11410258316;B
20241112;095953;90.78;10;11410258317;B
20241112;095953;90.78;200;11410258318;S
20241112;095953;90.78;1440;11410258319;S
20241112;100001;90.78;50;11410260268;B
20241112;100006;90.78;10;11410266945;S
20241112;100010;90.98;10;11410272453;B
20241112;100010;90.98;120;11410272454;B
20241112;100026;90.82;900;11410279635;S
20241112;100026;90.82;300;11410279636;S
20241112;100026;90.8;300;11410279637;S
20241112;100026;90.78;300;11410279638;S
20241112;100026;90.74;200;11410279639;S
20241112;100027;90.94;50;11410280077;B
20241112;100027;91.02;300;11410280078;B
20241112;100027;91.04;70;11410280079;B
20241112;100027;91.06;150;11410280080;B
20241112;100029;90.8;160;11410280937;B
20241112;100102;90.74;10;11410290437;S
20241112;100124;90.74;60;11410296783;S
20241112;100138;90.76;40;11410301534;S
20241112;100149;90.68;10;11410305812;S
20241112;100153;90.74;560;11410307465;S
20241112;100203;90.78;10;11410311530;B
20241112;100221;90.66;10;11410316924;S
20241112;100221;90.64;70;11410316925;S
20241112;100251;90.66;160;11410323777;S
20241112;100251;90.64;170;11410323778;S
20241112;100358;90.6;30;11410340066;S
20241112;100409;90.6;120;11410342305;S
20241112;100414;90.6;240;11410344018;B
20241112;100418;90.58;110;11410344881;S
20241112;100440;90.58;50;11410350033;S
20241112;100440;90.58;10;11410350034;S
20241112;100440;90.56;200;11410350035;S
20241112;100440;90.56;130;11410350036;S
20241112;100444;90.56;1120;11410351041;S
20241112;100444;90.54;10;11410351042;S
20241112;100444;90.54;750;11410351043;S
20241112;100444;90.54;10;11410351044;S
20241112;100444;90.54;150;11410351045;S
20241112;100444;90.52;20;11410351046;S
20241112;100444;90.52;300;11410351047;S
20241112;100444;90.52;90;11410351048;S
20241112;100444;90.5;120;11410351049;S
20241112;100445;90.5;990;11410351174;S
20241112;100445;90.48;10;11410351175;S
20241112;100455;90.48;990;11410354338;S
20241112;100455;90.4;10;11410354339;S
20241112;100455;90.4;10;11410354340;S
20241112;100456;90.46;10;11410354778;B
20241112;100456;90.48;20;11410354779;B
20241112;100506;90.46;60;11410359075;B
20241112;100507;90.38;10;11410359549;S
20241112;100507;90.34;30;11410359550;S
20241112;100548;90.34;10;11410372965;S
20241112;100553;90.32;300;11410374251;S
20241112;100553;90.3;10;11410374252;S
20241112;100553;90.3;70;11410374253;S
20241112;100553;90.3;300;11410374254;S
20241112;100553;90.28;300;11410374255;S
20241112;100553;90.26;1020;11410374256;S
20241112;100553;90.24;300;11410374358;S
20241112;100553;90.22;560;11410374359;S
20241112;100553;90.2;10;11410374360;S
20241112;100553;90.2;5990;11410374361;S
20241112;100553;90.2;590;11410374362;S
20241112;100553;90.2;210;11410374363;S
20241112;100553;90.2;50;11410374364;S
20241112;100554;90.2;60;11410374482;S
20241112;100601;90.2;100;11410376398;S
20241112;100601;90.2;100;11410376399;S
20241112;100601;90.2;550;11410376400;S
20241112;100601;90.2;250;11410376401;S
20241112;100602;90.28;10;11410376698;B
20241112;100602;90.3;150;11410376699;B
20241112;100602;90.32;40;11410376700;B
20241112;100610;90.2;630;11410378893;S
20241112;100618;90.36;20;11410380954;B
20241112;100618;90.36;10;11410381087;B
20241112;100620;90.32;40;11410381800;S
20241112;100629;90.32;40;11410384055;B
20241112;100643;90.2;10;11410387388;S
20241112;100647;90.2;10;11410388171;S
20241112;100754;90.44;300;11410402512;S
20241112;100754;90.44;120;11410402513;S
20241112;100754;90.42;120;11410402514;S
20241112;100754;90.42;280;11410402515;S
20241112;100754;90.4;1180;11410402516;S
20241112;100754;90.42;100;11410402631;S
20241112;100811;90.46;50;11410405944;B
20241112;100826;90.46;160;11410408599;B
20241112;100826;90.48;850;11410408600;B
20241112;100826;90.48;30;11410408601;B
20241112;100826;90.6;30;11410408602;B
20241112;100826;90.6;100;11410408603;B
20241112;100826;90.62;80;11410408604;B
20241112;100829;90.46;80;11410409118;S
20241112;100834;90.46;20;11410410321;B
20241112;100838;90.46;10;11410411451;B
20241112;100842;90.46;10;11410412094;B
20241112;100910;90.2;20;11410418377;S
20241112;100910;90.38;30;11410418416;B
20241112;100910;90.4;140;11410418417;B
20241112;100910;90.4;30;11410418418;B
20241112;100910;90.42;300;11410418419;B
20241112;100910;90.44;300;11410418420;B
20241112;100910;90.46;190;11410418421;B
20241112;100910;90.46;300;11410418422;B
20241112;100910;90.52;300;11410418423;B
20241112;100910;90.54;300;11410418424;B
20241112;100910;90.58;400;11410418425;B
20241112;100910;90.6;300;11410418426;B
20241112;100910;90.6;100;11410418427;B
20241112;100910;90.6;80;11410418428;S
20241112;100946;90.6;10;11410425882;S
20241112;100946;90.42;10;11410425883;S
20241112;100946;90.42;30;11410425884;S
20241112;100946;90.4;300;11410425885;S
20241112;100946;90.4;30;11410425886;S
20241112;100946;90.36;90;11410425887;S
20241112;100946;90.34;30;11410425888;S
20241112;100955;90.44;10;11410427739;B
20241112;101301;90.46;10;11410460401;B
20241112;101301;90.48;100;11410460402;B
20241112;101301;90.5;890;11410460403;B
20241112;101350;90.5;10;11410468717;S
20241112;101419;90.5;490;11410473363;S
20241112;101419;90.5;100;11410473364;S
20241112;101419;90.5;10;11410473365;S
20241112;101419;90.48;300;11410473366;S
20241112;101419;90.48;300;11410473367;S
20241112;101419;90.48;90;11410473368;S
20241112;101419;90.46;90;11410473369;S
20241112;101419;90.44;300;11410473370;S
20241112;101419;90.44;10;11410473371;S
20241112;101419;90.42;300;11410473372;S
20241112;101419;90.42;180;11410473373;S
20241112;101419;90.4;400;11410473374;S
20241112;101419;90.38;10;11410473375;S
20241112;101419;90.38;300;11410473376;S
20241112;101419;90.34;40;11410473377;S
20241112;101419;90.32;300;11410473378;S
20241112;101419;90.3;100;11410473379;S
20241112;101419;90.28;150;11410473380;S
20241112;101419;90.28;590;11410473381;S
20241112;101506;90.5;20;11410482056;B
20241112;101506;90.5;10;11410482057;B
20241112;101506;90.5;10;11410482058;B
20241112;101541;90.36;10;11410491024;S
20241112;101541;90.34;300;11410491025;S
20241112;101541;90.32;80;11410491026;S
20241112;101541;90.5;90;11410491048;B
20241112;101541;90.52;180;11410491049;B
20241112;101541;90.52;10;11410491050;B
20241112;101618;90.44;10;11410499053;B
20241112;101642;90.44;20;11410507557;S
20241112;101713;90.4;100;11410514312;S
20241112;101756;90.5;10;11410520510;B
20241112;101801;90.42;10;11410520993;S
20241112;101822;90.5;90;11410523287;B
20241112;101822;90.52;160;11410523288;B
20241112;101825;90.46;50;11410523594;S
20241112;101839;90.46;80;11410525221;S
20241112;101841;90.52;350;11410525426;B
20241112;101841;90.52;100;11410525427;B
20241112;101857;90.54;100;11410527769;B
20241112;101857;90.56;400;11410527770;B
20241112;101902;90.56;100;11410528410;B
20241112;101915;90.56;10;11410530275;B
20241112;101926;90.56;50;11410532879;B
20241112;101954;90.56;330;11410541840;B
20241112;101954;90.6;50;11410541841;B
20241112;101954;90.6;70;11410541842;B
20241112;101954;90.62;20;11410541843;B
20241112;101954;90.62;300;11410541844;B
20241112;101956;90.78;20;11410542464;B
20241112;101956;90.8;10;11410542465;B
20241112;101956;90.8;80;11410542466;B
20241112;102003;90.8;10;11410544310;B
20241112;102010;90.8;10;11410545739;B
20241112;102022;90.8;10;11410549118;B
20241112;102022;90.8;300;11410549119;B
20241112;102022;90.8;300;11410549120;B
20241112;102022;90.82;240;11410549121;B
20241112;102022;90.84;200;11410549122;B
20241112;102022;90.84;250;11410549123;B
20241112;102025;90.86;300;11410549957;B
20241112;102025;90.88;150;11410549958;B
20241112;102025;90.88;300;11410549959;B
20241112;102025;90.92;10;11410549960;B
20241112;102025;90.92;300;11410549961;B
20241112;102025;90.92;180;11410549962;B
20241112;102025;90.94;10;11410549963;B
20241112;102025;90.98;210;11410549964;B
20241112;102033;90.86;300;11410552699;S
20241112;102033;90.86;10;11410552700;S
20241112;102033;90.66;10;11410552783;S
20241112;102047;90.76;300;11410564531;B
20241112;102047;90.76;180;11410564532;B
20241112;102047;90.78;320;11410564533;B
20241112;102047;90.8;300;11410564534;B
20241112;102047;90.82;300;11410564535;B
20241112;102047;90.84;300;11410564536;B
20241112;102106;90.84;50;11410582109;S
20241112;102126;90.84;130;11410598625;S
20241112;102138;90.7;10;11410606443;S
20241112;102150;90.8;300;11410615054;B
20241112;102150;90.8;300;11410615055;B
20241112;102150;90.8;180;11410615056;B
20241112;102150;90.84;300;11410615057;B
20241112;102150;90.9;300;11410615058;B
20241112;102159;90.9;1620;11410621093;S
20241112;102231;90.84;10;11410646622;S
20241112;102238;90.96;20;11410652021;B
20241112;102241;90.9;20;11410653750;S
20241112;102241;90.88;10;11410653751;S
20241112;102332;90.88;10;11410678928;S
20241112;102354;90.86;10;11410681731;B
20241112;102354;90.86;10;11410681732;B
20241112;102446;90.7;10;11410691060;S
20241112;102446;90.7;100;11410691061;S
20241112;102447;90.68;20;11410691155;S
20241112;102447;90.68;50;11410691156;S
20241112;102447;90.66;10;11410691157;S
20241112;102454;90.84;20;11410692534;B
20241112;102454;90.86;10;11410692535;B
20241112;102455;90.86;10;11410692658;B
20241112;102459;90.86;40;11410693257;B
20241112;102501;90.86;30;11410693570;B
20241112;102625;90.86;70;11410706319;B
20241112;102625;90.86;60;11410706320;B
20241112;102735;90.7;300;11410723279;S
20241112;102735;90.68;10;11410723280;S
20241112;102735;90.68;300;11410723281;S
20241112;102735;90.66;300;11410723282;S
20241112;102735;90.66;10;11410723283;S
20241112;102735;90.64;160;11410723284;S
20241112;102735;90.6;10;11410723285;S
20241112;102735;90.6;220;11410723286;S
20241112;102806;90.64;1250;11410731291;S
20241112;102806;90.6;900;11410731292;S
20241112;102806;90.6;30;11410731293;S
20241112;102831;90.6;10;11410735196;B
20241112;102857;90.54;10;11410740725;S
20241112;102857;90.54;10;11410740761;S
20241112;102906;90.48;10;11410742559;S
20241112;102906;90.48;10;11410742560;S
20241112;102906;90.44;20;11410742561;S
20241112;102906;90.42;60;11410742562;S
20241112;102906;90.4;10;11410742563;S
20241112;102906;90.4;20;11410742564;S
20241112;102906;90.4;10;11410742565;S
20241112;102906;90.4;60;11410742566;S
20241112;102906;90.34;100;11410742567;S
20241112;102906;90.34;10;11410742568;S
20241112;102906;90.32;420;11410742569;S
20241112;102906;90.3;10;11410742570;S
20241112;102906;90.3;30;11410742571;S
20241112;102906;90.22;90;11410742572;S
20241112;102906;90.22;10;11410742573;S
20241112;102906;90.22;240;11410742574;S
20241112;102906;90.2;70;11410742575;S
20241112;102906;90.2;10;11410742576;S
20241112;102906;90.2;10;11410742577;S
20241112;102906;90.2;150;11410742578;S
20241112;102906;90.2;50;11410742579;S
20241112;102906;90.2;10;11410742580;S
20241112;102906;90.18;110;11410742581;S
20241112;102906;90.18;100;11410742582;S
20241112;102906;90.16;50;11410742583;S
20241112;102906;90.16;10;11410742584;S
20241112;102906;90.16;60;11410742585;S
20241112;102906;90.16;300;11410742586;S
20241112;102906;90.16;300;11410742587;S
20241112;102906;90.12;100;11410742588;S
20241112;102906;90.12;10;11410742589;S
20241112;102906;90.12;50;11410742590;S
20241112;102906;90.1;300;11410742591;S
20241112;102906;90.06;10;11410742592;S
20241112;102906;90.06;20;11410742593;S
20241112;102906;90.06;50;11410742594;S
20241112;102906;90.06;20;11410742595;S
20241112;102906;90.04;60;11410742596;S
20241112;102906;90.04;50;11410742597;S
20241112;102906;90.04;780;11410742598;S
20241112;102906;90.04;300;11410742599;S
20241112;102906;90.02;20;11410742600;S
20241112;102906;90.02;150;11410742601;S
20241112;102906;90.02;10;11410742602;S
20241112;102906;90.02;900;11410742603;S
20241112;102906;90;10;11410742604;S
20241112;102906;90;10;11410742605;S
20241112;102906;90;10;11410742606;S
20241112;102906;90;50;11410742607;S
20241112;102906;90;750;11410742608;S
20241112;102906;90.02;10;11410742779;S
20241112;102906;90.02;10;11410742780;S
20241112;102906;90.02;40;11410742781;S
20241112;102906;90.02;140;11410742783;S
20241112;102906;90;50;11410742784;S
20241112;102907;90.04;50;11410742985;S
20241112;102907;90.02;10;11410742986;S
20241112;102907;90;200;11410742987;S
20241112;102907;90;740;11410742988;S
20241112;102917;90.1;10;11410744354;B
20241112;102917;90.1;60;11410744355;B
20241112;102917;90.12;10;11410744409;S
20241112;102923;90.16;100;11410745186;S
20241112;102923;90.14;100;11410745187;S
20241112;102923;90.14;90;11410745188;S
20241112;102923;90.12;210;11410745189;S
20241112;102949;90.12;50;11410749205;S
20241112;102949;90.12;10;11410749206;S
20241112;102949;90.08;60;11410749207;S
20241112;102949;90.06;300;11410749208;S
20241112;102949;90.06;40;11410749209;S
20241112;103023;90.22;100;11410758222;B
20241112;103023;90.22;180;11410758223;B
20241112;103023;90.24;40;11410758224;B
20241112;103023;90.28;310;11410758225;B
20241112;103023;90.3;300;11410758226;B
20241112;103023;90.3;70;11410758227;B
20241112;103026;90.2;10;11410758960;S
20241112;103029;90.32;20;11410759610;B
20241112;103029;90.2;10;11410759704;S
20241112;103036;90.3;20;11410761608;B
20241112;103049;90.3;10;11410763873;B
20241112;103120;90.3;10;11410768570;B
20241112;103138;90.3;10;11410771229;B
20241112;103138;90.3;70;11410771230;B
20241112;103138;90.32;120;11410771231;B
20241112;103138;90.36;180;11410771232;B
20241112;103138;90.42;110;11410771277;B
20241112;103139;90.4;50;11410771290;S
20241112;103139;90.4;10;11410771314;S
20241112;103142;90.56;10;11410771689;B
20241112;103142;90.58;1560;11410771690;B
20241112;103142;90.6;150;11410771691;B
20241112;103142;90.6;180;11410771692;B
20241112;103142;90.62;300;11410771693;B
20241112;103142;90.62;240;11410771694;B
20241112;103142;90.64;300;11410771695;B
20241112;103142;90.66;260;11410771696;B
20241112;103210;90.5;10;11410775581;S
20241112;103220;90.48;190;11410776710;S
20241112;103252;90.48;110;11410781297;S
20241112;103252;90.48;180;11410781298;S
20241112;103252;90.48;150;11410781299;S
20241112;103342;90.48;30;11410787062;S
20241112;103356;90.48;200;11410788463;S
20241112;103454;90.48;370;11410798598;S
20241112;103454;90.48;10;11410798599;S
20241112;103454;90.46;970;11410798600;S
20241112;103456;90.6;10;11410799027;B
20241112;103456;90.44;240;11410799042;S
20241112;103456;90.42;590;11410799043;S
20241112;103456;90.4;3400;11410799044;S
20241112;103456;90.4;10;11410799045;S
20241112;103549;90.38;10;11410809746;B
20241112;103621;90.32;10;11410816773;B
20241112;103703;90.16;10;11410822646;S
20241112;103720;90.14;10;11410825765;S
20241112;103720;90.14;40;11410825766;S
20241112;103725;90.3;10;11410826713;B
20241112;103725;90.32;50;11410826714;B
20241112;103808;90.34;10;11410833437;B
20241112;103823;90.32;10;11410835500;B
20241112;103823;90.32;40;11410835501;B
20241112;103823;90.34;450;11410835502;B
20241112;103920;90.34;10;11410844277;S
20241112;103924;90.34;10;11410844853;S
20241112;104005;90.34;10;11410850491;S
20241112;104011;90.34;10;11410851350;S
20241112;104129;90.32;200;11410861790;B
20241112;104144;90.3;10;11410864151;S
20241112;104154;90.16;10;11410865611;S
20241112;104154;90.16;10;11410865612;S
20241112;104347;90.18;10;11410883920;B
20241112;104409;90.16;70;11410887287;S
20241112;104455;90.16;300;11410894180;S
20241112;104455;90.14;40;11410894181;S
20241112;104455;90.14;40;11410894182;S
20241112;104510;90.18;10;11410896279;B
20241112;104522;90.18;30;11410897973;B
20241112;104522;90.2;10;11410897974;B
20241112;104559;90.3;700;11410902644;B
20241112;104600;90.2;40;11410902731;S
20241112;104613;90.3;10;11410904357;B
20241112;104646;90.2;1220;11410907900;S
20241112;104646;90.2;300;11410907901;S
20241112;104717;90.14;10;11410912660;S
20241112;104717;90.14;190;11410912661;S
20241112;104717;90.12;10;11410912662;S
20241112;104717;90.08;60;11410912663;S
20241112;104717;90.08;10;11410912664;S
20241112;104717;90.06;30;11410912665;S
20241112;104717;90.06;100;11410912666;S
20241112;104717;90.06;460;11410912667;S
20241112;104717;90.04;70;11410912668;S
20241112;104717;90.04;60;11410912669;S
20241112;104717;90.04;110;11410912718;S
20241112;104758;90.04;280;11410918681;S
20241112;104758;90.02;10;11410918682;S
20241112;104758;90.02;20;11410918683;S
20241112;104758;90.02;10;11410918684;S
20241112;104758;90.02;80;11410918685;S
20241112;104758;90.02;100;11410918686;S
20241112;104758;90;260;11410918687;S
20241112;104758;90;1000;11410918688;S
20241112;104758;90;500;11410918689;S
20241112;104758;90;1000;11410918690;S
20241112;104758;90;60;11410918691;S
20241112;104758;90;10;11410918692;S
20241112;104758;90;110;11410918693;S
20241112;104758;90;300;11410918694;S
20241112;104758;90;400;11410918695;S
20241112;104758;90;10;11410918696;S
20241112;104758;90;3000;11410918697;S
20241112;104758;90;10;11410918698;S
20241112;104758;90;1000;11410918699;S
20241112;104758;90;20;11410918700;S
20241112;104758;90;40;11410918701;S
20241112;104758;90;50;11410918702;S
20241112;104758;90;10;11410918703;S
20241112;104758;90;10;11410918704;S
20241112;104804;89.92;20;11410920164;S
20241112;104804;89.92;50;11410920165;S
20241112;104804;89.92;10;11410920166;S
20241112;104804;89.86;50;11410920167;S
20241112;104804;89.84;10;11410920168;S
20241112;104804;89.84;100;11410920169;S
20241112;104804;89.84;220;11410920170;S
20241112;104804;89.82;10;11410920171;S
20241112;104804;89.82;530;11410920172;S
20241112;104804;89.82;20;11410920243;S
20241112;104804;89.82;10;11410920244;S
20241112;104804;89.8;10;11410920245;S
20241112;104804;89.8;210;11410920246;S
20241112;104805;89.84;60;11410920368;B
20241112;104805;89.86;60;11410920369;B
20241112;104805;89.8;150;11410920415;S
20241112;104805;89.8;110;11410920477;S
20241112;104805;89.8;640;11410920634;S
20241112;104805;89.8;10;11410920635;S
20241112;104805;89.8;350;11410920636;S
20241112;104805;89.8;150;11410920669;S
20241112;104805;89.8;10;11410920670;S
20241112;104805;89.8;10;11410920671;S
20241112;104805;89.8;690;11410920672;S
20241112;104805;89.78;500;11410920673;S
20241112;104805;89.76;10;11410920674;S
20241112;104805;89.74;150;11410920675;S
20241112;104805;89.72;10;11410920676;S
20241112;104805;89.72;150;11410920677;S
20241112;104805;89.7;200;11410920678;S
20241112;104805;89.62;100;11410920679;S
20241112;104805;89.62;10;11410920680;S
20241112;104805;89.62;300;11410920681;S
20241112;104805;89.6;10;11410920682;S
20241112;104805;89.6;60;11410920683;S
20241112;104805;89.58;10;11410920684;S
20241112;104805;89.58;10;11410920685;S
20241112;104805;89.56;300;11410920686;S
20241112;104805;89.54;10;11410920687;S
20241112;104805;89.54;510;11410920688;S
20241112;104805;89.54;200;11410920689;S
20241112;104805;89.52;30;11410920690;S
20241112;104805;89.52;570;11410920691;S
20241112;104806;89.52;20;11410920749;S
20241112;104806;89.72;10;11410920750;B
20241112;104806;89.74;50;11410920782;B
20241112;104806;89.54;10;11410920783;S
20241112;104806;89.52;410;11410920784;S
20241112;104806;89.5;130;11410920785;S
20241112;104806;89.62;20;11410920940;B
20241112;104806;89.5;70;11410920976;S
20241112;104806;89.5;50;11410920977;S
20241112;104807;89.5;90;11410921100;S
20241112;104824;89.6;100;11410925134;B
20241112;104824;89.6;40;11410925135;B
20241112;104826;89.6;40;11410925424;S
20241112;104845;89.6;20;11410929114;S
20241112;104859;89.7;300;11410931720;B
20241112;104859;89.72;30;11410931721;B
20241112;104859;89.74;170;11410931722;B
20241112;104905;89.74;20;11410932817;B
20241112;104907;89.64;20;11410932893;S
20241112;104907;89.62;40;11410932894;S
20241112;104907;89.62;20;11410932895;S
20241112;104913;89.62;10;11410934139;B
20241112;104917;89.62;100;11410934579;B
20241112;104926;89.62;30;11410936270;B
20241112;104932;89.62;270;11410938648;B
20241112;104938;89.62;500;11410940249;B
20241112;104939;89.62;110;11410940440;B
20241112;104939;89.62;670;11410940441;B
20241112;104947;89.62;830;11410941811;B
20241112;104947;89.66;40;11410941812;B
20241112;104947;89.68;140;11410941813;B
20241112;104947;89.68;40;11410941814;B
20241112;104951;89.74;160;11410942297;B
20241112;104951;89.78;840;11410942298;B
20241112;104957;89.78;10;11410943294;B
20241112;104958;89.78;20;11410943453;B
20241112;104958;89.78;10;11410943528;B
20241112;105003;89.78;40;11410944510;B
20241112;105010;89.78;20;11410945748;B
20241112;105012;89.78;10;11410946113;B
20241112;105018;89.86;70;11410948043;B
20241112;105018;89.88;10;11410948044;B
20241112;105036;89.78;90;11410951004;S
20241112;105036;89.78;10;11410951005;S
20241112;105119;90.04;100;11410957252;B
20241112;105119;90.04;160;11410957271;B
20241112;105149;90.04;10;11410963343;B
20241112;105218;89.98;160;11410967798;B
20241112;105218;89.98;170;11410967799;B
20241112;105218;89.98;10;11410967801;B
20241112;105220;89.98;10;11410968020;B
20241112;105236;89.98;160;11410970357;B
20241112;105236;90;300;11410970358;B
20241112;105236;90.04;30;11410970359;B
20241112;105236;90.04;1370;11410970360;B
20241112;105236;90.04;180;11410970361;B
20241112;105236;90.04;60;11410970362;B
20241112;105236;90.06;300;11410970363;B
20241112;105236;90.06;220;11410970364;B
20241112;105236;90.08;10;11410970365;B
20241112;105236;90.08;300;11410970366;B
20241112;105236;90.1;300;11410970367;B
20241112;105236;90.1;160;11410970368;B
20241112;105236;90.12;10;11410970369;B
20241112;105236;90.12;920;11410970370;B
20241112;105247;89.92;330;11410972157;S
20241112;105247;89.9;90;11410972158;S
20241112;105247;89.88;80;11410972159;S
20241112;105315;89.88;10;11410977589;S
20241112;105315;89.88;60;11410977590;S
20241112;105315;89.86;10;11410977591;S
20241112;105315;89.86;180;11410977592;S
20241112;105315;89.84;40;11410977593;S
20241112;105421;90.08;10;11410986601;B
20241112;105421;90.08;10;11410986602;B
20241112;105437;89.94;90;11410988719;S
20241112;105437;89.94;170;11410988720;S
20241112;105529;90.08;40;11410996337;B
20241112;105554;89.94;90;11411000156;S
20241112;105554;89.94;10;11411000157;S
20241112;105554;89.94;20;11411000158;S
20241112;105554;89.94;10;11411000159;S
20241112;105554;89.94;10;11411000160;S
20241112;105554;89.94;10;11411000161;S
20241112;105554;89.92;400;11411000162;S
20241112;105610;89.92;10;11411003786;S
20241112;105708;89.94;10;11411011332;S
20241112;105708;89.94;80;11411011333;S
20241112;105745;90.06;10;11411016400;B
20241112;105826;89.96;10;11411021906;S
20241112;105826;89.96;10;11411021907;S
20241112;105845;90.06;10;11411027475;B
20241112;105912;90.08;10;11411033803;B
20241112;105924;90;1000;11411035181;S
20241112;105943;90;10;11411039367;B
20241112;105945;89.98;50;11411039589;S
20241112;105945;89.98;1000;11411039590;S
20241112;105945;89.98;200;11411039591;S
20241112;105945;89.94;10;11411039592;S
20241112;105948;89.96;10;11411040033;B
20241112;110006;89.96;10;11411043009;S
20241112;110012;89.98;40;11411043940;B
20241112;110022;89.92;10;11411045335;S
20241112;110022;89.92;40;11411045336;S
20241112;110022;89.92;10;11411045337;S
20241112;110022;89.92;500;11411045338;S
20241112;110023;89.98;10;11411045482;B
20241112;110025;89.96;50;11411045822;S
20241112;110038;89.98;100;11411047789;B
20241112;110045;90;630;11411048779;B
20241112;110048;89.98;20;11411049185;B
20241112;110056;89.98;20;11411050352;B
20241112;110058;90;460;11411050870;B
20241112;110100;89.94;10;11411051074;S
20241112;110103;89.92;40;11411051771;S
20241112;110113;89.92;20;11411054172;S
20241112;110113;89.92;10;11411054173;S
20241112;110113;89.92;40;11411054174;S
20241112;110113;89.9;430;11411054175;S
20241112;110128;89.9;10;11411057335;S
20241112;110128;89.9;100;11411057336;S
20241112;110139;89.9;100;11411060463;S
20241112;110145;89.9;50;11411062285;S
20241112;110151;89.9;10;11411063386;S
20241112;110209;89.9;100;11411066277;S
20241112;110218;89.9;1420;11411067606;S
20241112;110218;89.9;100;11411067607;S
20241112;110218;89.9;10;11411067608;S
20241112;110218;89.9;10;11411067609;S
20241112;110218;89.9;10;11411067610;S
20241112;110229;89.84;210;11411072098;S
20241112;110229;89.84;100;11411072099;S
20241112;110236;89.84;90;11411075521;S
20241112;110236;89.84;10;11411075522;S
20241112;110236;89.84;40;11411075523;S
20241112;110236;89.82;40;11411075524;S
20241112;110236;89.8;10;11411075525;S
20241112;110236;89.8;10;11411075526;S
20241112;110236;89.8;10;11411075527;S
20241112;110236;89.78;100;11411075528;S
20241112;110236;89.78;10;11411075529;S
20241112;110236;89.76;80;11411075530;S
20241112;110236;89.76;20;11411075531;S
20241112;110236;89.76;10;11411075532;S
20241112;110236;89.76;10;11411075533;S
20241112;110236;89.74;10;11411075534;S
20241112;110236;89.74;10;11411075535;S
20241112;110236;89.74;90;11411075536;S
20241112;110236;89.74;10;11411075537;S
20241112;110236;89.74;180;11411075538;S
20241112;110236;89.72;10;11411075539;S
20241112;110236;89.72;500;11411075540;S
20241112;110236;89.7;10;11411075541;S
20241112;110236;89.7;660;11411075542;S
20241112;110236;89.68;1000;11411075543;S
20241112;110236;89.68;10;11411075544;S
20241112;110236;89.68;300;11411075545;S
20241112;110236;89.68;160;11411075546;S
20241112;110236;89.62;40;11411075547;S
20241112;110236;89.62;10;11411075548;S
20241112;110236;89.62;10;11411075549;S
20241112;110236;89.64;150;11411075565;S
20241112;110237;89.62;140;11411076287;S
20241112;110237;89.62;100;11411076288;S
20241112;110237;89.62;180;11411076289;S
20241112;110237;89.6;100;11411076290;S
20241112;110237;89.6;10;11411076291;S
20241112;110237;89.6;560;11411076292;S
20241112;110240;89.6;140;11411077187;S
20241112;110254;89.78;140;11411084360;B
20241112;110254;89.78;40;11411084361;B
20241112;110254;89.8;1560;11411084362;B
20241112;110254;89.82;300;11411084363;B
20241112;110256;89.9;100;11411085252;B
20241112;110343;89.94;50;11411097892;B
20241112;110346;89.94;250;11411098795;B
20241112;110346;89.96;40;11411098796;B
20241112;110346;89.96;300;11411098797;B
20241112;110346;89.96;50;11411098798;B
20241112;110346;89.98;180;11411098799;B
20241112;110346;89.98;50;11411098800;B
20241112;110346;90;6680;11411098801;B
20241112;110346;90;1000;11411098802;B
20241112;110346;90;300;11411098803;B
20241112;110346;90;210;11411098805;S
20241112;110347;90.06;140;11411098924;B
20241112;110348;90.06;20;11411099150;B
20241112;110348;90.08;190;11411099321;B
20241112;110348;90.12;50;11411099322;B
20241112;110348;90.14;10;11411099323;B
20241112;110348;90.14;50;11411099324;B
20241112;110348;90.16;500;11411099325;B
20241112;110349;90.26;60;11411099518;B
20241112;110349;90.26;410;11411099519;B
20241112;110349;90.28;300;11411099520;B
20241112;110349;90.3;120;11411099521;B
20241112;110349;90.32;10;11411099522;B
20241112;110349;90.32;50;11411099523;B
20241112;110349;90.34;50;11411099524;B
20241112;110356;90.24;20;11411101613;S
20241112;110404;90.24;10;11411104208;S
20241112;110415;90.34;10;11411107423;B
20241112;110415;90.34;10;11411107424;B
20241112;110415;90.4;80;11411107425;B
20241112;110415;90.42;140;11411107479;B
20241112;110436;90.42;10;11411114040;B
20241112;110436;90.42;20;11411114041;S
20241112;110438;90.46;20;11411114525;B
20241112;110438;90.34;10;11411114640;S
20241112;110444;90.46;50;11411116408;B
20241112;110446;90.34;10;11411117185;S
20241112;110506;90.32;20;11411123014;S
20241112;110506;90.32;10;11411123015;S
20241112;110506;90.24;180;11411123016;S
20241112;110506;90.24;140;11411123017;S
20241112;110506;90.22;140;11411123018;S
20241112;110506;90.2;300;11411123019;S
20241112;110506;90.16;1560;11411123020;S
20241112;110506;90.16;400;11411123021;S
20241112;110528;90.02;60;11411128379;S
20241112;110528;90.02;120;11411128428;S
20241112;110528;90.02;20;11411128429;S
20241112;110533;90.14;40;11411130361;B
20241112;110538;90.14;10;11411136578;B
20241112;110555;90.16;10;11411155480;B
20241112;110631;90.26;450;11411198556;B
20241112;110631;90.28;50;11411198557;B
20241112;110631;90.34;1440;11411198558;B
20241112;110631;90.34;120;11411198559;B
20241112;110636;90.42;10;11411204742;B
20241112;110636;90.48;150;11411205594;B
20241112;110704;90.42;190;11411230422;S
20241112;110733;90.42;260;11411259507;B
20241112;110734;90.42;440;11411261268;S
20241112;110802;90.42;60;11411291974;B
20241112;110821;90.3;300;11411312988;S
20241112;110821;90.3;50;11411312989;S
20241112;110837;90.3;200;11411329897;S
20241112;110839;90.3;100;11411332442;S
20241112;110848;90.3;10;11411341981;B
20241112;110851;90.3;10;11411345464;B
20241112;110857;90.3;30;11411352139;B
20241112;110916;90.2;250;11411371693;S
20241112;110916;90.28;10;11411372123;B
20241112;110924;90.2;50;11411381522;S
20241112;110924;90.2;10;11411381523;S
20241112;110924;90.2;190;11411381524;B
20241112;110928;90.3;10;11411385744;B
20241112;110931;90.28;30;11411389504;B
20241112;110931;90.3;40;11411389505;B
20241112;110931;90.3;30;11411389506;B
20241112;110931;90.3;170;11411389706;B
20241112;111017;90.3;10;11411438040;S
20241112;111018;90.3;50;11411438543;S
20241112;111047;90.1;50;11411465412;S
20241112;111047;90.1;20;11411465413;S
20241112;111102;90.28;20;11411480038;B
20241112;111102;90.28;140;11411480039;B
20241112;111116;90.12;10;11411494406;S
20241112;111116;90.1;90;11411494407;S
20241112;111117;90.28;90;11411495795;B
20241112;111117;90.28;180;11411495796;B
20241112;111117;90.3;250;11411495797;B
20241112;111117;90.3;230;11411495798;B
20241112;111117;90.34;750;11411495799;B
20241112;111127;90.3;10;11411507344;B
20241112;111127;90.32;30;11411507345;B
20241112;111217;90.12;80;11411561278;S
20241112;111217;90.12;10;11411561279;S
20241112;111217;90.1;180;11411561280;S
20241112;111217;90.1;1080;11411561281;S
20241112;111253;90.12;10;11411600784;S
20241112;111256;90.24;10;11411604324;B
20241112;111256;90.26;10;11411604325;B
20241112;111256;90.26;50;11411604326;B
20241112;111419;90.28;10;11411685479;B
20241112;111514;90.18;10;11411747342;S
20241112;111514;90.16;390;11411747343;S
20241112;111535;90.16;50;11411771613;S
20241112;111656;90.16;10;11411863189;B
20241112;111656;90.24;20;11411863190;B
20241112;111656;90.26;180;11411863191;B
20241112;111656;90.28;10;11411863192;B
20241112;111656;90.3;230;11411863193;B
20241112;111656;90.32;1050;11411863194;B
20241112;111816;90.22;50;11411946123;S
20241112;111816;90.22;10;11411946124;S
20241112;111816;90.22;10;11411946125;S
20241112;111816;90.2;10;11411946126;S
20241112;111816;90.2;300;11411946127;S
20241112;111816;90.18;10;11411946128;S
20241112;111816;90.16;1090;11411946129;S
20241112;111816;90.16;10;11411946130;S
20241112;111816;90.14;300;11411946131;S
20241112;111816;90.14;300;11411946132;S
20241112;111816;90.14;250;11411946136;B
20241112;111956;90.18;100;11412059690;B
20241112;111957;90.18;100;11412061510;B
20241112;111959;90.18;100;11412064092;B
20241112;112002;90.18;100;11412065844;B
20241112;112023;90.16;100;11412087747;S
20241112;112037;90.16;40;11412100222;S
20241112;112055;90.14;10;11412117278;B
20241112;112055;90.16;60;11412117279;B
20241112;112055;90.16;20;11412117280;B
20241112;112123;90.2;100;11412147765;B
20241112;112123;90.2;180;11412147766;B
20241112;112130;90.22;10;11412155038;B
20241112;112130;90.2;720;11412155097;S
20241112;112136;90.18;10;11412161052;B
20241112;112153;90.18;290;11412179155;B
20241112;112153;90.2;50;11412179156;B
20241112;112153;90.22;250;11412179157;B
20241112;112237;90.1;10;11412225062;S
20241112;112237;90.1;100;11412225063;S
20241112;112237;90.1;10;11412225064;S
20241112;112237;90.04;30;11412225065;S
20241112;112237;90.02;40;11412225066;S
20241112;112237;90;30;11412225067;S
20241112;112237;90;90;11412225068;S
20241112;112237;90;200;11412225069;S
20241112;112237;90;10;11412225070;S
20241112;112237;90;10;11412225071;S
20241112;112237;90;180;11412225072;S
20241112;112237;89.96;160;11412225073;S
20241112;112237;89.94;710;11412225074;S
20241112;112237;89.94;1000;11412225075;S
20241112;112237;89.94;300;11412225076;S
20241112;112237;89.9;300;11412225077;S
20241112;112237;89.86;300;11412225078;S
20241112;112237;89.86;2050;11412225079;S
20241112;112237;89.86;10;11412225080;S
20241112;112237;89.82;300;11412225081;S
20241112;112237;89.82;30;11412225082;S
20241112;112237;89.82;300;11412225083;S
20241112;112237;89.8;10;11412225084;S
20241112;112237;89.8;300;11412225085;S
20241112;112237;89.76;10;11412225086;S
20241112;112237;89.72;10;11412225087;S
20241112;112237;89.72;10;11412225088;S
20241112;112237;89.72;300;11412225089;S
20241112;112237;89.7;130;11412225090;S
20241112;112237;89.68;60;11412225091;S
20241112;112237;89.68;280;11412225294;S
20241112;112237;89.9;10;11412225441;B
20241112;112305;89.78;10;11412242350;B
20241112;112330;89.78;20;11412246370;B
20241112;112358;89.78;10;11412250768;S
20241112;112410;89.76;10;11412252549;B
20241112;112410;89.78;140;11412252550;B
20241112;112422;89.86;300;11412254704;B
20241112;112422;89.86;20;11412254705;B
20241112;112444;89.8;10;11412258122;S
20241112;112549;89.88;50;11412268622;B
20241112;112549;89.9;530;11412268623;B
20241112;112557;89.9;30;11412269890;B
20241112;112720;89.9;230;11412282175;B
20241112;112731;89.84;80;11412283507;S
20241112;112806;89.9;40;11412287044;B
20241112;112916;89.9;20;11412293070;B
20241112;112936;89.9;10;11412294667;B
20241112;112958;89.9;10;11412296432;B
20241112;113003;89.9;10;11412296893;B
20241112;113029;89.9;550;11412299613;B
20241112;113046;89.9;500;11412301264;B
20241112;113046;89.9;120;11412301265;B
20241112;113134;89.98;30;11412306052;B
20241112;113150;89.98;540;11412307437;B
20241112;113203;89.98;10;11412308520;B
20241112;113231;89.9;10;11412311685;S
20241112;113231;89.9;10;11412311686;S
20241112;113231;89.88;40;11412311687;S
20241112;113231;89.86;190;11412311688;S
20241112;113231;89.86;180;11412311689;S
20241112;113231;89.82;200;11412311690;S
20241112;113231;89.8;10;11412311691;S
20241112;113231;89.8;90;11412311692;S
20241112;113324;89.8;60;11412317413;S
20241112;113409;89.92;10;11412322441;B
20241112;113419;89.94;10;11412323425;B
20241112;113419;89.96;110;11412323426;B
20241112;113419;89.98;420;11412323427;B
20241112;113419;89.98;10;11412323428;B
20241112;113419;90.04;40;11412323429;B
20241112;113512;89.9;120;11412328357;S
20241112;113515;90.04;10;11412328575;B
20241112;113515;90.08;10;11412328576;B
20241112;113515;90.1;180;11412328577;B
20241112;113515;90.12;10;11412328578;B
20241112;113515;90.12;710;11412328579;B
20241112;113541;90.14;10;11412331087;B
20241112;113604;90.14;20;11412333711;B
20241112;113604;90.16;850;11412333712;B
20241112;113604;90.18;430;11412333713;B
20241112;113748;90.18;20;11412345105;B
20241112;113800;90.18;10;11412345970;B
20241112;113813;90.18;10;11412347641;B
20241112;113833;90.18;10;11412350426;B
20241112;113948;90.02;20;11412364112;S
20241112;113948;90;10;11412364113;S
20241112;113948;90;10;11412364114;S
20241112;113948;89.96;40;11412364115;S
20241112;113948;89.96;1420;11412364116;S
20241112;114020;89.84;110;11412369748;S
20241112;114210;89.86;140;11412383194;S
20241112;114210;89.86;160;11412383195;S
20241112;114419;89.88;20;11412399295;S
20241112;114420;89.88;10;11412399402;S
20241112;114420;89.88;40;11412399403;S
20241112;114544;89.9;1360;11412410383;S
20241112;114544;89.88;460;11412410384;S
20241112;114544;89.88;30;11412410385;S
20241112;114544;89.88;50;11412410386;S
20241112;114547;89.88;320;11412410670;B
20241112;114547;89.98;90;11412410671;B
20241112;114621;90.08;10;11412413867;B
20241112;114823;90.06;100;11412428975;B
20241112;115005;90.04;210;11412439189;B
20241112;115116;90;10;11412446030;S
20241112;115116;90;10;11412446031;S
20241112;115138;89.9;10;11412447599;S
20241112;115256;90;240;11412454462;B
20241112;115329;89.9;10;11412458709;S
20241112;115329;89.86;1890;11412458710;S
20241112;115329;89.82;180;11412458711;S
20241112;115329;89.8;60;11412458712;S
20241112;115329;89.8;10;11412458713;S
20241112;115329;89.8;50;11412458714;S
20241112;115329;89.8;110;11412458715;S
20241112;115329;89.8;80;11412458716;S
20241112;115329;89.76;10;11412458717;S
20241112;115329;89.76;200;11412458718;S
20241112;115329;89.72;10;11412458719;S
20241112;115329;89.72;10;11412458720;S
20241112;115329;89.72;90;11412458721;S
20241112;115344;89.94;10;11412460543;B
20241112;115354;89.92;20;11412461755;B
20241112;115507;89.8;10;11412468696;S
20241112;115511;89.86;300;11412468943;B
20241112;115511;89.88;610;11412468944;B
20241112;115512;89.8;10;11412469175;S
20241112;115512;89.72;10;11412469176;S
20241112;115512;89.7;80;11412469177;S
20241112;115523;89.8;10;11412469921;S
20241112;115526;89.86;20;11412470180;B
20241112;115655;89.86;100;11412478487;B
20241112;115726;89.86;180;11412481038;B
20241112;115726;89.88;130;11412481039;B
20241112;115817;89.88;430;11412485407;B
20241112;115841;89.88;50;11412488501;B
20241112;115858;89.88;10;11412490892;B
20241112;115950;89.88;250;11412495705;B
20241112;115950;89.88;80;11412495706;B
20241112;115950;89.9;250;11412495746;B
20241112;115951;89.9;50;11412495788;B
20241112;115951;89.92;200;11412495789;B
20241112;115951;89.9;300;11412495802;B
20241112;115951;89.92;1700;11412495803;B
20241112;120019;90.02;10;11412498404;B
20241112;120054;90;10;11412501441;B
20241112;120104;90.02;250;11412502252;B
20241112;120129;90;10;11412504134;B
20241112;120237;89.98;200;11412510737;B
20241112;120237;90;290;11412510738;B
20241112;120237;90;1560;11412510739;B
20241112;120237;90;180;11412510740;B
20241112;120237;90.02;40;11412510741;B
20241112;120237;90.02;2730;11412510742;B
20241112;120237;90;50;11412510781;B
20241112;120241;89.86;10;11412511134;S
20241112;120306;90;250;11412514140;B
20241112;120306;90;200;11412514170;B
20241112;120306;90;50;11412514171;B
20241112;120316;89.84;70;11412515209;S
20241112;120345;90;350;11412518518;B
20241112;120421;90;10;11412521605;B
20241112;120421;90;200;11412521606;B
20241112;120600;90.02;10;11412530633;B
20241112;120628;90.02;10;11412533444;B
20241112;120650;90.02;10;11412535729;B
20241112;120704;90.02;840;11412537134;B
20241112;120724;90.02;10;11412538922;B
20241112;120757;90;20;11412541970;S
20241112;120800;90;100;11412542588;S
20241112;120801;90;10;11412542606;S
20241112;120809;90.02;40;11412543249;B
20241112;120810;90;470;11412543276;S
20241112;120810;90;530;11412543277;S
20241112;120811;90.02;10;11412543346;B
20241112;120814;90;10;11412543549;S
20241112;120817;90;60;11412543787;S
20241112;120902;90;10;11412549323;B
20241112;120908;90;10;11412550059;B
20241112;120918;90;10;11412550982;B
20241112;121015;90;110;11412556839;B
20241112;121015;90;90;11412556840;B
20241112;121024;90;100;11412557543;B
20241112;121045;90;10;11412559722;B
20241112;121045;90.02;830;11412559723;B
20241112;121045;90.04;70;11412559724;B
20241112;121045;90.06;90;11412559725;B
20241112;121046;89.92;20;11412559878;S
20241112;121046;89.92;180;11412559879;S
20241112;121046;89.9;20;11412559880;S
20241112;121050;89.84;10;11412560288;S
20241112;121055;89.9;80;11412560711;B
20241112;121055;89.96;10;11412560712;B
20241112;121055;89.98;10;11412560713;B
20241112;121354;90.06;40;11412579654;B
20241112;121354;90.08;30;11412579655;B
20241112;121449;90.06;20;11412584616;B
20241112;121449;90.08;40;11412584617;B
20241112;121455;90.08;10;11412585148;B
20241112;121607;89.98;10;11412590666;S
20241112;121721;90.08;10;11412597110;B
20241112;121730;90.08;210;11412597821;B
20241112;121730;90.08;140;11412597822;B
20241112;121824;90.08;110;11412601913;B
20241112;121824;90.08;190;11412601914;B
20241112;122035;89.98;10;11412616042;S
20241112;122207;90.08;10;11412632954;B
20241112;122313;90.08;50;11412638492;B
20241112;122344;89.98;50;11412640592;S
20241112;122344;89.98;10;11412640593;S
20241112;122529;90;10;11412649456;B
20241112;122551;90;20;11412651401;B
20241112;122600;90;40;11412652088;B
20241112;122659;89.98;10;11412656432;S
20241112;122705;90;10;11412656883;B
20241112;122752;90;10;11412662380;B
20241112;122911;90;10;11412672001;B
20241112;122933;90;10;11412673594;B
20241112;123156;90;10;11412685655;B
20241112;123244;89.98;30;11412690890;S
20241112;123244;89.98;20;11412690891;S
20241112;123416;89.98;80;11412700768;S
20241112;123416;89.98;20;11412700769;S
20241112;123416;89.98;10;11412700770;S
20241112;123416;89.98;190;11412700771;S
20241112;123600;90;20;11412711882;B
20241112;123706;89.98;40;11412718899;S
20241112;123720;90;160;11412720741;B
20241112;123720;90;70;11412720742;B
20241112;123729;90.12;10;11412722017;B
20241112;123729;90.12;180;11412722018;B
20241112;123729;90.14;10;11412722019;B
20241112;123729;90.14;240;11412722020;B
20241112;123819;90.14;20;11412726311;B
20241112;124102;90.04;10;11412743369;B
20241112;124159;90.14;120;11412749853;B
20241112;124159;90.14;130;11412749854;B
20241112;124159;90.16;230;11412749855;B
20241112;124159;90.18;20;11412749856;B
20241112;124200;90.18;170;11412749929;B
20241112;124224;90.16;130;11412752054;B
20241112;124228;90.18;130;11412752585;B
20241112;124234;90.16;70;11412753066;S
20241112;124423;90.16;50;11412766345;B
20241112;124423;90.16;120;11412766346;B
20241112;124428;90.1;90;11412767532;S
20241112;124443;90.1;10;11412769311;S
20241112;124448;90.16;10;11412769813;B
20241112;124459;90.1;10;11412771024;S
20241112;124513;90.1;20;11412772350;S
20241112;124722;90.1;10;11412788365;S
20241112;124723;90.1;730;11412788371;S
20241112;125006;90.16;110;11412819280;B
20241112;125006;90.18;200;11412819281;B
20241112;125006;90.18;690;11412819282;B
20241112;125125;90.18;20;11412833341;B
20241112;125135;90.18;110;11412834818;B
20241112;125147;90.18;150;11412836515;B
20241112;125237;90.18;20;11412844593;B
20241112;125250;90.18;900;11412849095;B
20241112;125302;90.18;80;11412852369;B
20241112;125428;90.18;80;11412868305;B
20241112;125428;90.18;20;11412868306;B
20241112;125442;90.14;10;11412869950;S
20241112;125502;90.12;10;11412872428;S
20241112;125502;90.1;40;11412872429;S
20241112;125842;90.1;10;11412902368;S
20241112;125843;90.1;30;11412902504;S
20241112;125911;90.18;100;11412905523;B
20241112;130048;90.18;10;11412918438;B
20241112;130100;90.18;100;11412920364;B
20241112;130113;90.18;10;11412922004;B
20241112;130136;90.18;10;11412924619;B
20241112;130201;90.18;10;11412928458;B
20241112;130230;90.18;10;11412933325;B
20241112;130233;90.18;90;11412933600;B
20241112;130233;90.18;210;11412933601;B
20241112;130251;90.18;10;11412935961;B
20241112;130306;90.18;10;11412938438;B
20241112;130418;90.18;10;11412946305;B
20241112;130525;90.16;20;11412955898;S
20241112;130525;90.14;40;11412955899;S
20241112;130525;90.12;110;11412955900;S
20241112;130652;90.18;10;11412966004;B
20241112;130723;90.18;10;11412969008;B
20241112;130723;90.18;20;11412969009;B
20241112;130745;90.18;30;11412970836;B
20241112;130900;90.12;10;11412979631;S
20241112;130936;90.12;10;11412983371;S
20241112;131046;90.12;80;11412990155;S
20241112;131046;90.12;200;11412990156;S
20241112;131046;90.1;550;11412990157;S
20241112;131046;90.1;20;11412990158;S
20241112;131046;90.1;80;11412990159;S
20241112;131046;90;70;11412990160;S
20241112;131046;90;70;11412990161;S
20241112;131046;90;160;11412990162;S
20241112;131046;89.98;20;11412990163;S
20241112;131046;89.98;10;11412990164;S
20241112;131046;89.98;1560;11412990165;S
20241112;131046;89.96;300;11412990166;S
20241112;131046;89.96;140;11412990167;S
20241112;131046;89.96;30;11412990168;S
20241112;131046;89.92;1560;11412990169;S
20241112;131046;89.9;10;11412990170;S
20241112;131046;89.9;150;11412990171;S
20241112;131249;90;390;11413013414;B
20241112;131326;90.06;10;11413040163;B
20241112;131416;90.06;10;11413089388;B
20241112;131416;90.06;40;11413089395;S
20241112;131424;90.04;20;11413097330;B
20241112;131424;90.06;20;11413097331;B
20241112;131424;90.06;10;11413097332;B
20241112;131434;90.04;40;11413107963;B
20241112;131502;90.08;50;11413132736;B
20241112;131502;90.1;50;11413132737;B
20241112;131524;90.08;50;11413154094;B
20241112;131555;90.08;10;11413164638;B
20241112;131753;90.04;10;11413174902;S
20241112;131753;90;30;11413174903;S
20241112;132014;90.08;30;11413188649;B
20241112;132014;90.1;170;11413188650;B
20241112;132022;90.1;10;11413189218;B
20241112;132111;90;10;11413193225;S
20241112;132152;90;10;11413196198;S
20241112;132359;90;10;11413207222;S
20241112;132528;90.08;30;11413215398;B
20241112;132720;90.08;1000;11413224683;B
20241112;133400;90;600;11413259317;S
20241112;133636;90;20;11413278657;S
20241112;133828;90;10;11413294189;S
20241112;134001;90;60;11413301635;S
20241112;134001;90;100;11413301636;S
20241112;134001;90;50;11413301637;S
20241112;134001;90;10;11413301638;S
20241112;134001;90;10;11413301639;S
20241112;134001;90;10;11413301640;S
20241112;134001;90;320;11413301641;S
20241112;134018;90;180;11413303079;S
20241112;134018;90;50;11413303080;S
20241112;134054;89.9;10;11413305995;S
20241112;134425;89.92;500;11413330320;S
20241112;134755;90;10;11413352523;B
20241112;134810;89.96;10;11413353840;S
20241112;134900;90;10;11413358409;B
20241112;135209;90;50;11413372543;B
20241112;135209;90;2000;11413372544;B
20241112;135213;90.02;20;11413372826;S
20241112;135729;90.16;20;11413397515;B
20241112;135730;90.04;100;11413397636;S
20241112;135730;90.02;20;11413397637;S
20241112;135730;90.02;340;11413397638;S
20241112;135730;90.02;100;11413397639;S
20241112;135730;90;150;11413397640;S
20241112;135730;89.98;180;11413397641;S
20241112;135730;89.96;20;11413397642;S
20241112;135730;89.94;300;11413397643;S
20241112;135730;89.94;300;11413397644;S
20241112;135730;89.92;1160;11413397645;S
20241112;135730;89.92;20;11413397646;S
20241112;135730;89.9;390;11413397647;S
20241112;135730;89.9;100;11413397648;S
20241112;135730;89.9;230;11413397649;S
20241112;135730;89.9;50;11413397650;S
20241112;135730;89.9;350;11413397651;S
20241112;135730;89.9;80;11413397652;S
20241112;135730;89.9;10;11413397653;S
20241112;135730;89.9;20;11413397654;S
20241112;135730;89.9;750;11413397655;S
20241112;135735;89.9;110;11413398005;S
20241112;135810;90.1;1340;11413400365;B
20241112;135810;90.1;220;11413400367;B
20241112;135903;89.94;10;11413403842;S
20241112;135903;89.92;10;11413403843;S
20241112;135903;89.92;1320;11413403844;S
20241112;135911;89.98;10;11413404429;B
20241112;135911;90;10;11413404430;B
20241112;140022;89.94;10;11413409807;S
20241112;140157;90.04;10;11413417220;B
20241112;140157;90.04;40;11413417221;B
20241112;140346;90.06;40;11413425712;B
20241112;140346;90.08;40;11413425713;B
20241112;140346;90.08;630;11413425714;B
20241112;140346;90.1;60;11413425715;B
20241112;140446;90.04;10;11413434791;S
20241112;140514;90.06;80;11413437126;B
20241112;140545;90.1;100;11413439728;B
20241112;140604;90.1;6740;11413441545;B
20241112;140611;90.1;180;11413442305;B
20241112;140611;90.1;1000;11413442306;B
20241112;140611;90.1;600;11413442307;B
20241112;140611;90.1;360;11413442308;B
20241112;140611;90.1;700;11413442309;B
20241112;140625;90.1;20;11413443917;B
20241112;140642;90.08;10;11413445328;S
20241112;140729;90.1;240;11413452829;B
20241112;140847;90.18;10;11413461838;B
20241112;140847;90.2;500;11413461839;B
20241112;140847;90.2;510;11413461840;B
20241112;140847;90.22;180;11413461841;B
20241112;140847;90.24;400;11413461842;B
20241112;140847;90.24;230;11413461843;B
20241112;140847;90.26;300;11413461845;B
20241112;140847;90.26;170;11413461846;B
20241112;140847;90.26;200;11413461847;B
20241112;140847;90.3;30;11413461848;B
20241112;140905;90.14;10;11413463852;S
20241112;140930;90.14;10;11413467107;B
20241112;140930;90.3;30;11413467108;B
20241112;141001;90.3;100;11413469191;B
20241112;141008;90.3;10;11413469926;B
20241112;141213;90.3;20;11413486826;B
20241112;141320;90.2;10;11413492544;S
20241112;141320;90.18;10;11413492545;S
20241112;141320;90.16;10;11413492546;S
20241112;141320;90.14;10;11413492547;S
20241112;141320;90.12;10;11413492548;S
20241112;141320;90.1;70;11413492549;S
20241112;141437;90.1;20;11413498270;S
20241112;141437;90.1;10;11413498271;S
20241112;141437;90.1;60;11413498272;S
20241112;141650;90.16;10;11413516270;S
20241112;141650;90.14;10;11413516271;S
20241112;141650;90.12;10;11413516272;S
20241112;141650;90.1;10;11413516273;S
20241112;141650;90.1;10;11413516274;S
20241112;141650;90.1;240;11413516275;S
20241112;141650;90.08;10;11413516276;S
20241112;141657;90.28;10;11413516782;B
20241112;141821;90.18;10;11413524349;B
20241112;141821;90.2;120;11413524350;B
20241112;141821;90.26;180;11413524351;B
20241112;141904;90.26;10;11413527578;S
20241112;142100;90.24;40;11413545055;S
20241112;142100;90.1;10;11413545056;S
20241112;142100;90.1;70;11413545057;S
20241112;142100;90.08;110;11413545058;S
20241112;142100;90.08;40;11413545059;S
20241112;142100;90.08;70;11413545060;S
20241112;142100;90.06;10;11413545061;S
20241112;142100;90.06;10;11413545062;S
20241112;142100;90.06;1750;11413545063;S
20241112;142100;90.06;210;11413545064;B
20241112;142100;90.06;10;11413545118;B
20241112;142104;90.06;680;11413545746;B
20241112;142135;90.06;1000;11413550123;B
20241112;142242;90.02;100;11413561771;S
20241112;142242;90.02;70;11413561772;S
20241112;142327;90.06;10;11413565016;B
20241112;142340;90.02;140;11413565859;S
20241112;142441;90.06;40;11413569803;B
20241112;142530;90.06;300;11413572877;B
20241112;142727;90.02;10;11413581433;S
20241112;142737;90.06;40;11413582130;B
20241112;142830;90.06;30;11413585298;B
20241112;142903;90.06;10;11413587176;B
20241112;143015;90.02;10;11413592427;S
20241112;143137;90.02;250;11413597422;S
20241112;143149;90.06;10;11413598214;B
20241112;143245;90.02;10;11413603161;S
20241112;143401;90.02;20;11413608011;S
20241112;143401;90;200;11413608012;S
20241112;143401;90;100;11413608013;S
20241112;143401;90;300;11413608014;S
20241112;143401;90;210;11413608015;S
20241112;143458;90.06;10;11413612449;B
20241112;143639;90;190;11413620940;S
20241112;143639;90;10;11413620941;S
20241112;143639;89.98;30;11413620942;S
20241112;143639;89.96;10;11413620943;S
20241112;143639;89.96;630;11413620944;S
20241112;143639;89.94;130;11413620945;S
20241112;143650;90.06;20;11413621668;B
20241112;143853;90.06;150;11413629567;B
20241112;144001;90.06;120;11413633405;B
20241112;144143;90.06;40;11413639666;B
20241112;144439;89.98;10;11413650731;S
20241112;144704;90.06;10;11413660718;B
20241112;144934;90.06;110;11413673569;B
20241112;145051;90.06;10;11413679950;B
20241112;145202;90;10;11413684716;S
20241112;145431;90;10;11413697204;B
20241112;145431;90;10;11413697205;B
20241112;145550;90;380;11413703295;S
20241112;145550;89.98;20;11413703296;S
20241112;145550;89.98;40;11413703297;S
20241112;145550;89.98;40;11413703298;S
20241112;145550;89.98;140;11413703299;S
20241112;145550;89.96;140;11413703300;S
20241112;145550;89.94;70;11413703301;S
20241112;145550;89.94;10;11413703302;S
20241112;145550;89.94;100;11413703303;S
20241112;145550;89.94;10;11413703304;S
20241112;145550;89.94;320;11413703305;S
20241112;145550;89.92;1350;11413703306;S
20241112;145550;89.92;30;11413703307;S
20241112;145550;89.92;180;11413703308;S
20241112;145550;89.9;2140;11413703309;S
20241112;145550;89.9;150;11413703310;S
20241112;145550;89.9;10;11413703311;S
20241112;145550;89.9;10;11413703312;S
20241112;145550;89.9;10;11413703313;S
20241112;145550;89.88;300;11413703314;S
20241112;145550;89.88;200;11413703315;S
20241112;145550;89.86;300;11413703316;S
20241112;145550;89.84;60;11413703317;S
20241112;145550;89.82;10;11413703320;S
20241112;145550;89.82;20;11413703321;S
20241112;145550;89.82;170;11413703322;S
20241112;145609;89.98;90;11413704391;B
20241112;145609;89.98;110;11413704392;B
20241112;145728;90.02;20;11413711169;B
20241112;145728;90.04;30;11413711170;B
20241112;145731;89.98;20;11413711362;S
20241112;145731;89.9;80;11413711363;S
20241112;145731;89.88;180;11413711364;S
20241112;145731;89.88;80;11413711365;S
20241112;145731;89.84;110;11413711366;S
20241112;145731;89.84;70;11413711367;S
20241112;145731;89.82;100;11413711368;S
20241112;145731;89.82;450;11413711369;S
20241112;145731;89.8;10;11413711370;S
20241112;145731;89.8;1000;11413711371;S
20241112;145731;89.8;910;11413711372;S
20241112;145732;89.8;90;11413711410;S
20241112;145732;89.8;10;11413711411;S
20241112;145732;89.8;20;11413711412;S
20241112;145732;89.78;40;11413711413;S
20241112;145732;89.76;570;11413711414;S
20241112;145732;89.76;10;11413711415;S
20241112;145732;89.76;400;11413711416;S
20241112;145732;89.76;70;11413711417;B
20241112;145741;89.76;10;11413712262;B
20241112;145743;89.76;1670;11413712503;B
20241112;145744;89.76;20;11413712693;B
20241112;145745;89.76;90;11413712769;B
20241112;145815;89.76;10;11413715144;S
20241112;145815;89.76;20;11413715145;S
20241112;145815;89.74;10;11413715146;S
20241112;145815;89.74;20;11413715147;S
20241112;145815;89.74;20;11413715148;S
20241112;145815;89.74;20;11413715149;S
20241112;145815;89.72;30;11413715150;S
20241112;145829;89.9;30;11413716025;B
20241112;150012;89.9;10;11413723994;B
20241112;150015;89.92;10;11413724272;B
20241112;150046;89.94;10;11413727546;B
20241112;150149;89.94;150;11413732869;B
20241112;150217;89.94;30;11413734793;B
20241112;150440;89.94;10;11413746325;B
20241112;150450;89.94;10;11413747189;B
20241112;150704;89.78;20;11413764059;S
20241112;150704;89.78;220;11413764060;S
20241112;150704;89.76;500;11413764061;S
20241112;150704;89.76;50;11413764062;S
20241112;150704;89.76;10;11413764063;S
20241112;150704;89.74;1000;11413764064;S
20241112;150704;89.74;50;11413764065;S
20241112;150704;89.74;50;11413764066;S
20241112;150704;89.72;540;11413764067;S
20241112;150704;89.72;10;11413764068;S
20241112;150704;89.72;180;11413764069;S
20241112;150704;89.72;50;11413764070;S
20241112;150704;89.7;420;11413764071;S
20241112;150704;89.7;50;11413764072;S
20241112;150704;89.7;10;11413764073;S
20241112;150704;89.7;500;11413764074;S
20241112;150704;89.7;300;11413764075;S
20241112;150704;89.7;10;11413764077;B
20241112;150704;89.68;30;11413764137;B
20241112;150705;89.68;550;11413764172;B
20241112;150707;89.68;10;11413764356;B
20241112;150713;89.68;10;11413764722;B
20241112;150734;89.68;30;11413767453;B
20241112;150740;89.68;400;11413767796;B
20241112;150740;89.68;70;11413767797;B
20241112;150740;89.7;530;11413767798;B
20241112;150826;89.68;60;11413771368;B
20241112;150826;89.7;270;11413771369;B
20241112;150831;89.64;20;11413771740;S
20241112;150926;89.68;40;11413777079;B
20241112;150926;89.7;230;11413777080;B
20241112;150926;89.7;40;11413777081;B
20241112;150926;89.72;50;11413777082;B
20241112;151055;89.8;10;11413787602;B
20241112;151055;89.82;10;11413787603;B
20241112;151055;89.84;50;11413787604;B
20241112;151055;89.86;180;11413787605;B
20241112;151055;89.86;50;11413787606;B
20241112;151055;89.86;300;11413787607;B
20241112;151055;89.9;130;11413787608;B
20241112;151106;89.86;30;11413788617;B
20241112;151117;89.86;30;11413789795;B
20241112;151538;89.72;10;11413813433;S
20241112;151549;89.72;380;11413814100;S
20241112;151549;89.72;80;11413814101;S
20241112;151549;89.72;20;11413814102;S
20241112;151549;89.68;130;11413814103;S
20241112;151549;89.66;80;11413814104;S
20241112;151549;89.66;300;11413814105;S
20241112;151549;89.66;180;11413814106;S
20241112;151549;89.64;80;11413814107;S
20241112;151549;89.64;10;11413814108;S
20241112;151549;89.64;10;11413814109;S
20241112;151549;89.62;220;11413814110;S
20241112;151606;89.62;280;11413815135;S
20241112;151606;89.62;50;11413815136;S
20241112;151606;89.62;200;11413815137;S
20241112;151606;89.62;90;11413815138;S
20241112;151606;89.62;300;11413815139;S
20241112;151606;89.62;110;11413815140;S
20241112;151606;89.6;10;11413815141;S
20241112;151606;89.6;10;11413815142;S
20241112;151606;89.6;10;11413815143;S
20241112;151606;89.6;10;11413815144;S
20241112;151606;89.6;10;11413815145;S
20241112;151606;89.6;10;11413815146;S
20241112;151606;89.6;10;11413815147;S
20241112;151606;89.6;20;11413815148;S
20241112;151606;89.6;50;11413815149;S
20241112;151606;89.6;300;11413815150;S
20241112;151606;89.6;10;11413815151;S
20241112;151606;89.58;50;11413815152;S
20241112;151606;89.58;30;11413815153;S
20241112;151606;89.58;20;11413815154;S
20241112;151606;89.58;10;11413815155;S
20241112;151606;89.58;10;11413815156;S
20241112;151606;89.58;30;11413815157;S
20241112;151606;89.58;10;11413815158;S
20241112;151606;89.58;300;11413815159;S
20241112;151606;89.58;180;11413815160;S
20241112;151606;89.58;90;11413815161;S
20241112;151606;89.56;10;11413815162;S
20241112;151606;89.56;100;11413815163;S
20241112;151606;89.54;10;11413815164;S
20241112;151606;89.54;10;11413815165;S
20241112;151606;89.54;50;11413815166;S
20241112;151606;89.54;50;11413815167;S
20241112;151606;89.54;50;11413815168;S
20241112;151606;89.54;130;11413815169;S
20241112;151606;89.54;10;11413815170;S
20241112;151606;89.52;10;11413815171;S
20241112;151606;89.52;50;11413815172;S
20241112;151606;89.52;120;11413815173;S
20241112;151606;89.52;300;11413815174;S
20241112;151606;89.52;50;11413815175;S
20241112;151606;89.52;1110;11413815176;S
20241112;151606;89.5;860;11413815177;S
20241112;151606;89.5;30;11413815178;S
20241112;151606;89.5;10;11413815179;S
20241112;151606;89.5;10;11413815180;S
20241112;151606;89.5;50;11413815181;S
20241112;151606;89.5;10;11413815182;S
20241112;151606;89.5;10;11413815183;S
20241112;151606;89.5;1000;11413815184;S
20241112;151606;89.5;30;11413815185;S
20241112;151606;89.5;650;11413815186;S
20241112;151606;89.52;150;11413815187;S
20241112;151606;89.52;150;11413815188;S
20241112;151606;89.52;200;11413815189;S
20241112;151606;89.5;850;11413815190;S
20241112;151606;89.5;20;11413815191;S
20241112;151606;89.5;1420;11413815192;S
20241112;151607;89.52;20;11413815274;S
20241112;151619;89.6;10;11413816053;B
20241112;151619;89.66;10;11413816054;B
20241112;151619;89.7;30;11413816055;B
20241112;151629;89.52;50;11413816723;S
20241112;151629;89.52;30;11413816724;S
20241112;151629;89.5;1580;11413816725;S
20241112;151629;89.5;330;11413816726;S
20241112;151629;89.5;400;11413816727;S
20241112;151629;89.48;110;11413816728;S
20241112;151906;89.6;10;11413824914;B
20241112;152010;89.5;10;11413828953;S
20241112;152010;89.5;10;11413828954;S
20241112;152032;89.62;50;11413831488;B
20241112;152032;89.64;250;11413831489;B
20241112;152153;89.66;50;11413838823;B
20241112;152153;89.54;20;11413838852;S
20241112;152213;89.68;10;11413840164;B
20241112;152314;89.68;10;11413844481;B
20241112;152318;89.68;20;11413844830;B
20241112;152334;89.68;10;11413846063;B
20241112;152502;89.68;20;11413853160;B
20241112;152502;89.7;30;11413853161;B
20241112;152524;89.7;60;11413854662;B
20241112;152553;89.7;10;11413856325;B
20241112;152611;89.7;200;11413857364;B
20241112;152613;89.7;10;11413857487;B
20241112;152614;89.7;40;11413857581;B
20241112;152746;89.7;60;11413865380;B
20241112;152752;89.7;10;11413865730;B
20241112;152752;89.7;20;11413865754;B
20241112;153028;89.68;410;11413875304;B
20241112;153200;89.72;40;11413880378;B
20241112;153200;89.72;500;11413880379;B
20241112;153318;89.78;250;11413885425;B
20241112;153342;89.8;10;11413886763;B
20241112;153347;89.8;200;11413886981;B
20241112;153355;89.9;20;11413887459;B
20241112;153355;89.92;170;11413887467;B
20241112;153416;89.92;40;11413888487;B
20241112;153417;89.92;900;11413888525;B
20241112;153417;89.92;1180;11413888526;B
20241112;153417;89.92;60;11413888527;B
20241112;153417;89.92;10;11413888528;B
20241112;153417;89.94;300;11413888529;B
20241112;153417;89.94;180;11413888530;B
20241112;153417;89.94;60;11413888531;B
20241112;153417;89.96;300;11413888532;B
20241112;153417;89.98;300;11413888533;B
20241112;153417;89.98;160;11413888534;B
20241112;153417;90;10;11413888535;B
20241112;153417;90;1560;11413888536;B
20241112;153417;90.02;20;11413888537;B
20241112;153417;90.02;400;11413888538;B
20241112;153417;90.04;300;11413888539;B
20241112;153417;90.06;670;11413888540;B
20241112;153420;89.94;20;11413888716;B
20241112;153505;89.94;480;11413891143;B
20241112;153505;89.98;20;11413891144;B
20241112;153515;90.06;410;11413891826;B
20241112;153515;90.06;670;11413891827;B
20241112;153515;90.06;50;11413891828;B
20241112;153515;90.08;30;11413891829;B
20241112;153515;90.08;180;11413891830;B
20241112;153515;90.12;10;11413891831;B
20241112;153515;90.12;300;11413891832;B
20241112;153515;90.12;300;11413891833;B
20241112;153515;90.14;10;11413891834;B
20241112;153515;90.14;400;11413891835;B
20241112;153515;90.16;10;11413891836;B
20241112;153515;90.16;130;11413891837;B
20241112;153516;90.02;140;11413891869;S
20241112;153523;90;560;11413892361;B
20241112;153523;90.06;180;11413892362;B
20241112;153523;90.12;260;11413892363;B
20241112;153630;89.98;10;11413896599;S
20241112;153925;90.12;240;11413931888;B
20241112;154039;90.12;10;11413997126;B
20241112;154227;89.98;30;11414060418;S
20241112;154356;90;100;11414066471;S
20241112;154612;89.98;10;11414077265;S
20241112;154705;89.98;10;11414080919;S
20241112;154716;89.98;60;11414081932;S
20241112;154716;89.98;10;11414081933;S
20241112;154747;89.98;100;11414084477;B
20241112;154747;89.98;120;11414084478;B
20241112;155015;90;10;11414099993;B
20241112;155029;89.98;10;11414101141;B
20241112;155510;89.98;100;11414124791;B
20241112;155933;89.98;20;11414145844;B
20241112;155933;89.98;1250;11414145845;B
20241112;155933;89.98;180;11414145846;B
20241112;155933;90;160;11414145847;B
20241112;155933;90;50;11414145848;B
20241112;155933;90;300;11414145849;B
20241112;155933;90.02;40;11414145850;B
20241112;155943;90.04;10;11414146971;B
20241112;160105;90;10;11414154321;B
20241112;160305;90;10;11414164867;B
20241112;160305;90;10;11414164868;B
20241112;160402;89.86;10;11414170369;S
20241112;160402;89.84;70;11414170370;S
20241112;160655;89.86;10;11414189545;S
20241112;160655;89.84;30;11414189546;S
20241112;160655;89.84;10;11414189547;S
20241112;160655;89.84;50;11414189548;S
20241112;160719;89.78;100;11414191136;S
20241112;160750;89.74;10;11414193091;S
20241112;160750;89.72;10;11414193092;S
20241112;160750;89.72;10;11414193093;S
20241112;160750;89.7;1150;11414193094;S
20241112;160806;89.86;10;11414194229;B
20241112;160808;89.7;110;11414194384;S
20241112;160808;89.7;210;11414194385;S
20241112;160939;89.7;10;11414201288;S
20241112;160939;89.68;40;11414201289;S
20241112;160939;89.68;10;11414201290;S
20241112;161000;89.86;10;11414202825;B
20241112;161000;89.86;180;11414202826;B
20241112;161000;89.88;810;11414202827;B
20241112;161005;89.72;10;11414203258;S
20241112;161005;89.7;90;11414203259;S
20241112;161044;89.7;10;11414205850;S
20241112;161049;89.7;500;11414206179;S
20241112;161210;89.68;100;11414212140;S
20241112;161210;89.66;210;11414212141;S
20241112;161210;89.66;30;11414212142;S
20241112;161210;89.64;1560;11414212143;S
20241112;161210;89.64;180;11414212144;S
20241112;161210;89.62;20;11414212145;S
20241112;161235;89.78;10;11414214052;B
20241112;161235;89.8;30;11414214053;B
20241112;161235;89.8;30;11414214054;B
20241112;161235;89.82;930;11414214055;B
20241112;161521;89.84;10;11414232758;B
20241112;161534;89.68;10;11414233951;S
20241112;161534;89.66;30;11414233952;S
20241112;161534;89.66;30;11414233953;S
20241112;161534;89.66;110;11414233954;S
20241112;161620;89.66;160;11414237213;S
20241112;161620;89.66;10;11414237214;S
20241112;161620;89.66;10;11414237215;S
20241112;161620;89.64;820;11414237216;S
20241112;161717;89.66;110;11414240979;S
20241112;161717;89.64;390;11414240980;S
20241112;161742;89.78;10;11414242616;B
20241112;161818;89.66;10;11414244725;S
20241112;161818;89.64;20;11414244726;S
20241112;162100;89.64;40;11414261412;S
20241112;162205;89.64;200;11414270788;S
20241112;162351;89.76;10;11414277920;B
20241112;162425;89.76;10;11414279769;B
20241112;162559;89.66;10;11414286195;S
20241112;162559;89.66;10;11414286196;S
20241112;162640;89.78;10;11414289568;B
20241112;162816;89.66;100;11414300179;S
20241112;162816;89.66;20;11414300180;S
20241112;162816;89.66;10;11414300181;S
20241112;162816;89.64;50;11414300182;S
20241112;162907;89.78;40;11414304545;B
20241112;162907;89.78;10;11414304546;B
20241112;162907;89.8;50;11414304547;B
20241112;162939;89.78;50;11414307310;B
20241112;162955;89.8;50;11414308947;B
20241112;163015;89.8;10;11414310258;B
20241112;163454;89.78;50;11414332572;S
20241112;163511;89.8;30;11414333639;B
20241112;163718;89.78;20;11414342332;S
20241112;163718;89.72;50;11414342333;S
20241112;163718;89.7;300;11414342334;S
20241112;163718;89.7;50;11414342335;S
20241112;163718;89.7;60;11414342336;S
20241112;163718;89.68;50;11414342337;S
20241112;163718;89.68;300;11414342338;S
20241112;163718;89.68;10;11414342339;S
20241112;163718;89.68;50;11414342340;S
20241112;163718;89.68;180;11414342341;S
20241112;163718;89.68;160;11414342342;S
20241112;163718;89.66;1160;11414342343;S
20241112;163718;89.66;300;11414342344;S
20241112;163718;89.64;120;11414342345;S
20241112;163718;89.64;80;11414342346;S
20241112;163718;89.64;10;11414342347;S
20241112;163718;89.64;40;11414342348;S
20241112;163718;89.6;10;11414342349;S
20241112;163718;89.6;10;11414342350;S
20241112;163718;89.6;10;11414342351;S
20241112;163718;89.58;90;11414342352;S
20241112;163718;89.58;300;11414342353;S
20241112;163718;89.58;70;11414342354;S
20241112;163718;89.56;400;11414342355;S
20241112;163718;89.54;260;11414342356;S
20241112;163718;89.54;40;11414342357;S
20241112;163718;89.54;300;11414342358;S
20241112;163718;89.54;14000;11414342359;S
20241112;163718;89.52;20;11414342360;S
20241112;163718;89.52;80;11414342361;S
20241112;163718;89.54;20;11414342362;B
20241112;163718;89.52;300;11414342363;S
20241112;163718;89.52;300;11414342364;S
20241112;163718;89.52;300;11414342365;S
20241112;163718;89.52;300;11414342366;S
20241112;163718;89.52;300;11414342367;S
20241112;163718;89.54;50;11414342368;B
20241112;163718;89.52;300;11414342369;S
20241112;163718;89.54;1900;11414342370;B
20241112;163718;89.52;170;11414342371;S
20241112;163718;89.5;10;11414342374;S
20241112;163718;89.5;180;11414342375;S
20241112;163719;89.5;10;11414342382;S
20241112;163738;89.5;310;11414343403;S
20241112;163738;89.5;10;11414343404;S
20241112;163738;89.5;10;11414343405;S
20241112;163738;89.48;360;11414343406;S
20241112;163738;89.48;10;11414343407;S
20241112;163738;89.48;300;11414343408;S
20241112;163909;89.48;110;11414348280;S
20241112;163909;89.48;10;11414348281;S
20241112;163909;89.48;10;11414348282;S
20241112;164030;89.5;10;11414352727;B
20241112;164038;89.48;30;11414353166;S
20241112;164038;89.46;10;11414353167;S
20241112;164038;89.42;10;11414353168;S
20241112;164038;89.42;10;11414353169;S
20241112;164038;89.42;10;11414353170;S
20241112;164038;89.4;10;11414353171;S
20241112;164038;89.4;200;11414353172;S
20241112;164038;89.4;100;11414353173;S
20241112;164038;89.4;10;11414353174;S
20241112;164038;89.4;10;11414353175;S
20241112;164038;89.4;30;11414353176;S
20241112;164038;89.4;10;11414353177;S
20241112;164038;89.4;10;11414353178;S
20241112;164038;89.36;10;11414353179;S
20241112;164038;89.36;250;11414353180;S
20241112;164038;89.36;10;11414353181;S
20241112;164038;89.34;10;11414353182;S
20241112;164038;89.34;10;11414353183;S
20241112;164038;89.34;30;11414353184;S
20241112;164038;89.32;10;11414353185;S
20241112;164038;89.32;50;11414353186;S
20241112;164038;89.32;1110;11414353187;S
20241112;164038;89.32;140;11414353188;S
20241112;164038;89.3;10;11414353189;S
20241112;164038;89.3;10;11414353190;S
20241112;164038;89.3;50;11414353191;S
20241112;164038;89.3;660;11414353192;S
20241112;164038;89.3;10;11414353193;S
20241112;164038;89.3;10;11414353194;S
20241112;164038;89.3;1000;11414353195;S
20241112;164038;89.3;170;11414353196;S
20241112;164038;89.46;130;11414353197;B
20241112;164039;89.3;2050;11414353253;S
20241112;164039;89.3;1000;11414353316;S
20241112;164039;89.3;240;11414353317;S
20241112;164039;89.3;150;11414353323;S
20241112;164046;89.36;10;11414353655;S
20241112;164050;89.4;10;11414353983;B
20241112;164050;89.42;10;11414353984;B
20241112;164103;89.44;10;11414354915;B
20241112;164107;89.44;20;11414355148;B
20241112;164109;89.44;20;11414355247;B
20241112;164111;89.36;10;11414355346;S
20241112;164111;89.26;90;11414355347;S
20241112;164133;89.28;10;11414356766;S
20241112;164206;89.4;10;11414358908;B
20241112;164209;89.4;20;11414359146;B
20241112;164209;89.42;10;11414359147;B
20241112;164209;89.42;300;11414359148;B
20241112;164209;89.44;180;11414359149;B
20241112;164209;89.46;90;11414359150;B
20241112;164209;89.46;10;11414359163;B
20241112;164223;89.48;50;11414360016;B
20241112;164255;89.46;20;11414362112;B
20241112;164258;89.46;30;11414362325;B
20241112;164258;89.46;50;11414362326;B
20241112;164258;89.46;20;11414362327;B
20241112;164258;89.46;10;11414362344;B
20241112;164442;89.4;10;11414369271;S
20241112;164508;89.4;30;11414371097;S
20241112;164605;89.44;10;11414374339;B
20241112;164635;89.44;20;11414376181;B
20241112;164649;89.46;10;11414377199;B
20241112;164716;89.46;10;11414379373;B
20241112;164726;89.46;10;11414379980;B
20241112;164752;89.46;30;11414381619;B
20241112;164834;89.46;50;11414384403;B
20241112;164904;89.46;10;11414386590;B
20241112;164939;89.46;40;11414389359;B
20241112;164952;89.46;10;11414390110;B
20241112;165000;89.46;10;11414390676;B
20241112;165025;89.44;20;11414392154;B
20241112;165105;89.46;20;11414394599;B
20241112;165147;89.46;20;11414397026;B
20241112;165200;89.46;100;11414397930;B
20241112;165207;89.48;10;11414398413;B
20241112;165436;89.5;500;11414408494;B
20241112;165630;89.4;40;11414415938;S
20241112;165630;89.4;20;11414415939;S
20241112;165651;89.4;10;11414417566;S
20241112;165819;89.4;10;11414424336;S
20241112;170006;89.4;180;11414434279;S
20241112;170006;89.4;10;11414434280;S
20241112;170006;89.4;20;11414434281;S
20241112;170006;89.4;10;11414434282;S
20241112;170006;89.4;1000;11414434283;S
20241112;170006;89.4;20;11414434284;S
20241112;170006;89.32;50;11414434285;S
20241112;170006;89.32;50;11414434286;S
20241112;170006;89.32;20;11414434287;S
20241112;170006;89.32;150;11414434288;S
20241112;170006;89.3;10;11414434289;S
20241112;170006;89.3;10;11414434290;S
20241112;170006;89.3;10;11414434291;S
20241112;170006;89.3;30;11414434292;S
20241112;170006;89.3;30;11414434293;S
20241112;170006;89.3;30;11414434294;S
20241112;170006;89.3;510;11414434295;S
20241112;170006;89.3;20;11414434296;S
20241112;170006;89.3;150;11414434297;S
20241112;170006;89.28;10;11414434298;S
20241112;170006;89.28;10;11414434299;S
20241112;170006;89.28;10;11414434300;S
20241112;170006;89.28;250;11414434301;S
20241112;170006;89.28;1000;11414434302;S
20241112;170006;89.26;1410;11414434303;S
20241112;170012;89.26;280;11414434850;S
20241112;170012;89.26;20;11414434851;S
20241112;170021;89.28;20;11414435657;B
20241112;170022;89.28;10;11414435760;B
20241112;170023;89.28;10;11414435808;B
20241112;170024;89.28;10;11414435869;S
20241112;170024;89.26;80;11414435870;S
20241112;170111;89.4;10;11414439678;B
20241112;170133;89.44;60;11414441429;B
20241112;170159;89.42;10;11414443763;B
20241112;170248;89.42;40;11414447627;B
20241112;170248;89.44;120;11414447628;B
20241112;170248;89.44;20;11414447629;B
20241112;170248;89.44;20;11414447630;B
20241112;170248;89.44;20;11414447631;B
20241112;170306;89.44;10;11414448729;B
20241112;170401;89.42;50;11414452326;B
20241112;170401;89.42;650;11414452327;B
20241112;170450;89.3;50;11414456643;S
20241112;170450;89.3;10;11414456644;S
20241112;170450;89.3;20;11414456645;S
20241112;170450;89.3;50;11414456646;S
20241112;170450;89.28;20;11414456647;S
20241112;170450;89.28;50;11414456648;S
20241112;170450;89.28;290;11414456649;S
20241112;170723;89.42;50;11414469810;B
20241112;170723;89.42;100;11414469811;B
20241112;170752;89.44;20;11414471738;B
20241112;170752;89.44;20;11414471739;B
20241112;170752;89.48;210;11414471740;B
20241112;170753;89.48;90;11414471782;B
20241112;170753;89.48;160;11414471783;B
20241112;170809;89.44;40;11414472850;B
20241112;170921;89.48;10;11414477016;B
20241112;171129;89.42;20;11414485337;S
20241112;171230;89.42;330;11414489131;S
20241112;171230;89.42;10;11414489132;S
20241112;171230;89.42;160;11414489133;S
20241112;171231;89.42;200;11414489164;B
20241112;171319;89.4;40;11414491793;S
20241112;171319;89.34;10;11414491794;S
20241112;171319;89.32;10;11414491795;S
20241112;171319;89.3;10;11414491796;S
20241112;171319;89.3;100;11414491797;S
20241112;171319;89.28;50;11414491798;S
20241112;171319;89.28;10;11414491799;S
20241112;171319;89.28;20;11414491800;S
20241112;171319;89.28;20;11414491801;S
20241112;171319;89.28;60;11414491802;S
20241112;171322;89.38;40;11414491999;B
20241112;171322;89.4;120;11414492000;B
20241112;171348;89.36;10;11414493297;B
20241112;171422;89.3;10;11414495086;S
20241112;171454;89.28;10;11414497242;S
20241112;171454;89.28;50;11414497243;S
20241112;171454;89.26;10;11414497244;S
20241112;171454;89.26;20;11414497245;S
20241112;171454;89.26;20;11414497246;S
20241112;171454;89.26;10;11414497247;S
20241112;171454;89.26;10;11414497248;S
20241112;171454;89.26;20;11414497249;S
20241112;171454;89.26;610;11414497250;S
20241112;171457;89.26;10;11414497504;S
20241112;171508;89.36;50;11414498369;B
20241112;171536;89.36;60;11414500249;B
20241112;171718;89.28;480;11414507801;S
20241112;171739;89.22;150;11414509723;S
20241112;171739;89.22;50;11414509724;S
20241112;171739;89.22;100;11414509725;S
20241112;171739;89.22;150;11414509726;S
20241112;171739;89.2;200;11414509727;S
20241112;171739;89.2;10;11414509728;S
20241112;171739;89.2;190;11414509729;S
20241112;171739;89.2;110;11414509737;S
20241112;171740;89.2;200;11414509815;S
20241112;171740;89.2;30;11414509816;S
20241112;171740;89.2;100;11414509817;S
20241112;171740;89.2;10;11414509818;S
20241112;171740;89.2;150;11414509819;S
20241112;171740;89.2;660;11414509820;S
20241112;171740;89.2;30;11414509821;S
20241112;171740;89.2;10;11414509822;S
20241112;171740;89.18;50;11414509823;S
20241112;171740;89.16;1000;11414509824;S
20241112;171740;89.14;50;11414509825;S
20241112;171740;89.14;300;11414509826;S
20241112;171740;89.12;10;11414509827;S
20241112;171740;89.12;300;11414509828;S
20241112;171740;89.12;180;11414509829;S
20241112;171740;89.1;10;11414509830;S
20241112;171740;89.1;50;11414509831;S
20241112;171740;89.1;1000;11414509832;S
20241112;171740;89.1;100;11414509833;S
20241112;171740;89.1;10;11414509834;S
20241112;171740;89.1;10;11414509835;S
20241112;171740;89.1;180;11414509836;S
20241112;171740;89.08;300;11414509837;S
20241112;171740;89.06;180;11414509838;S
20241112;171740;89.06;170;11414509839;S
20241112;171740;89.06;10;11414509840;S
20241112;171740;89.04;200;11414509841;S
20241112;171740;89.04;90;11414509842;S
20241112;171740;89.02;10;11414509843;S
20241112;171740;89.02;100;11414509844;S
20241112;171740;89.02;30;11414509845;S
20241112;171740;89.02;10;11414509846;S
20241112;171740;89.02;300;11414509847;S
20241112;171740;89.02;450;11414509848;S
20241112;171740;89.02;10;11414509849;S
20241112;171740;89.02;150;11414509850;S
20241112;171740;89.02;10;11414509851;S
20241112;171740;89;200;11414509852;S
20241112;171740;89;10;11414509853;S
20241112;171740;89;10;11414509854;S
20241112;171740;89;1000;11414509855;S
20241112;171740;89;1000;11414509856;S
20241112;171740;89;1960;11414509857;S
20241112;171740;89;500;11414509858;S
20241112;171740;89;1650;11414509859;S
20241112;171740;89;100;11414509860;S
20241112;171740;89;50;11414509861;S
20241112;171740;89;10;11414509862;S
20241112;171740;89;200;11414509863;S
20241112;171740;89;50;11414509864;S
20241112;171740;89;10;11414509865;S
20241112;171740;89;10;11414509866;S
20241112;171740;89;20;11414509867;S
20241112;171740;89;50;11414509868;S
20241112;171740;89;10;11414509869;S
20241112;171740;89;10;11414509870;S
20241112;171740;89;10;11414509871;S
20241112;171740;89;10;11414509872;S
20241112;171740;89;10;11414509873;S
20241112;171740;89;10;11414509874;S
20241112;171740;89;1000;11414509875;S
20241112;171740;89;50;11414509876;S
20241112;171740;89;10;11414509877;S
20241112;171740;89;100;11414509878;S
20241112;171740;89;10;11414509879;S
20241112;171740;89;10;11414509880;S
20241112;171740;89;10;11414509881;S
20241112;171740;89;10;11414509882;S
20241112;171740;89;10;11414509883;S
20241112;171740;89;280;11414509884;B
20241112;171740;88.98;10;11414509896;S
20241112;171740;88.98;800;11414509897;S
20241112;171740;88.98;250;11414509911;S
20241112;171740;89;30;11414509915;B
20241112;171740;88.96;300;11414509916;B
20241112;171740;88.96;300;11414509917;B
20241112;171740;88.98;480;11414509918;B
20241112;171740;88.98;250;11414509919;B
20241112;171740;89;170;11414509920;B
20241112;171740;88.94;100;11414509921;S
20241112;171740;88.94;100;11414509922;S
20241112;171740;88.9;10;11414509923;S
20241112;171740;88.9;10;11414509924;S
20241112;171740;88.86;10;11414509925;S
20241112;171740;88.86;50;11414509926;S
20241112;171740;88.86;10;11414509927;S
20241112;171740;88.84;40;11414509928;S
20241112;171740;88.84;50;11414509929;S
20241112;171740;88.8;10;11414509930;S
20241112;171740;88.8;200;11414509931;S
20241112;171740;88.8;200;11414509932;S
20241112;171740;88.8;10;11414509933;S
20241112;171740;88.78;100;11414509934;S
20241112;171740;88.76;10;11414509935;S
20241112;171740;88.7;50;11414509936;S
20241112;171740;88.64;40;11414509937;S
20241112;171740;88.62;10;11414509938;S
20241112;171740;88.62;1110;11414509939;S
20241112;171740;88.6;10;11414509940;S
20241112;171740;88.6;30;11414509941;S
20241112;171740;88.6;1000;11414509942;S
20241112;171740;88.6;10;11414509943;S
20241112;171740;88.6;50;11414509944;S
20241112;171740;88.6;300;11414509945;S
20241112;171740;88.58;300;11414509946;S
20241112;171740;88.54;300;11414509947;S
20241112;171740;88.52;1320;11414509948;S
20241112;171740;88.52;60;11414509949;S
20241112;171740;88.84;300;11414509950;B
20241112;171740;88.86;50;11414509951;B
20241112;171740;88.5;190;11414509984;S
20241112;171740;88.48;50;11414509985;S
20241112;171740;88.48;180;11414509986;S
20241112;171740;88.48;80;11414509987;S
20241112;171740;88.46;300;11414509988;S
20241112;171740;88.44;280;11414509989;S
20241112;171740;88.44;80;11414509990;S
20241112;171740;88.42;40;11414509991;S
20241112;171740;88.62;10;11414509995;B
20241112;171740;88.64;20;11414509996;B
20241112;171740;88.66;20;11414509997;B
20241112;171740;88.66;50;11414509998;B
20241112;171741;88.44;200;11414510011;S
20241112;171741;88.42;260;11414510012;S
20241112;171741;88.42;20;11414510013;S
20241112;171741;88.4;10;11414510014;S
20241112;171741;88.4;500;11414510015;S
20241112;171741;88.4;10;11414510016;S
20241112;171741;88.68;10;11414510059;B
20241112;171741;88.4;70;11414510093;S
20241112;171741;88.4;230;11414510100;S
20241112;171741;88.4;180;11414510101;S
20241112;171741;88.38;10;11414510102;S
20241112;171741;88.38;50;11414510103;S
20241112;171741;88.36;300;11414510104;S
20241112;171741;88.36;50;11414510105;S
20241112;171741;88.34;10;11414510106;S
20241112;171741;88.34;120;11414510107;S
20241112;171741;88.32;50;11414510108;S
20241112;171741;88.66;50;11414510111;B
20241112;171741;88.66;30;11414510115;B
20241112;171741;88.36;40;11414510119;S
20241112;171741;88.68;10;11414510122;B
20241112;171741;88.68;10;11414510129;B
20241112;171741;88.54;110;11414510142;S
20241112;171741;88.68;30;11414510156;B
20241112;171741;88.68;120;11414510157;B
20241112;171741;88.68;180;11414510163;B
20241112;171741;88.72;100;11414510164;B
20241112;171741;88.72;120;11414510165;B
20241112;171741;88.54;170;11414510183;S
20241112;171741;88.54;50;11414510204;S
20241112;171741;88.54;170;11414510224;S
20241112;171745;88.6;20;11414510475;B
20241112;171754;88.6;50;11414511282;B
20241112;171754;88.62;10;11414511283;B
20241112;171754;88.64;60;11414511284;B
20241112;171754;88.66;110;11414511285;B
20241112;171754;88.66;70;11414511286;B
20241112;171754;88.66;100;11414511287;B
20241112;171754;88.66;300;11414511288;B
20241112;171754;88.68;180;11414511289;B
20241112;171754;88.68;60;11414511290;B
20241112;171807;88.68;200;11414512231;S
20241112;171815;88.78;20;11414512772;B
20241112;171817;88.78;2980;11414512883;S
20241112;171817;88.78;10;11414512884;S
20241112;171817;88.78;210;11414512885;S
20241112;171817;88.76;210;11414512886;S
20241112;171817;88.74;180;11414512887;S
20241112;171817;88.7;110;11414512888;S
20241112;171821;88.7;10;11414513239;B
20241112;171826;88.7;10;11414513477;B
20241112;171827;88.7;1000;11414513579;B
20241112;171834;88.7;400;11414514029;B
20241112;171834;88.7;30;11414514056;B
20241112;171835;88.7;4850;11414514159;B
20241112;171837;88.82;1520;11414514282;B
20241112;171837;88.82;300;11414514283;B
20241112;171837;88.84;400;11414514284;B
20241112;171837;88.84;300;11414514285;B
20241112;171837;88.86;300;11414514286;B
20241112;171837;88.86;180;11414514287;B
20241112;171837;88.88;200;11414514288;B
20241112;171837;88.88;10;11414514289;B
20241112;171837;88.9;300;11414514290;B
20241112;171837;88.92;490;11414514291;B
20241112;171837;88.92;150;11414514306;B
20241112;171838;88.92;70;11414514447;B
20241112;171838;88.94;1430;11414514448;B
20241112;171838;88.94;130;11414514449;B
20241112;171930;88.78;10;11414518446;S
20241112;171940;88.94;10;11414519047;B
20241112;171957;88.94;10;11414520214;B
20241112;171957;88.96;10;11414520215;B
20241112;171957;88.96;50;11414520216;B
20241112;172000;88.98;110;11414520415;B
20241112;172000;89;450;11414520416;B
20241112;172005;88.96;380;11414520687;S
20241112;172005;88.9;100;11414520688;S
20241112;172005;88.88;100;11414520689;S
20241112;172005;88.78;100;11414520690;S
20241112;172005;88.78;10;11414520691;S
20241112;172005;88.78;300;11414520692;S
20241112;172012;88.78;300;11414521147;B
20241112;172035;88.76;80;11414522868;S
20241112;172036;88.78;420;11414522950;B
20241112;172039;88.76;40;11414523097;S
20241112;172039;88.78;500;11414523160;B
20241112;172045;88.78;20;11414523502;B
20241112;172045;88.78;80;11414523503;B
20241112;172048;88.78;120;11414523687;B
20241112;172100;88.9;10;11414524519;B
20241112;172100;89;990;11414524520;B
20241112;172117;89;10;11414525706;B
20241112;172119;89;1000;11414525874;B
20241112;172121;89;880;11414525988;B
20241112;172127;89;1630;11414526295;B
20241112;172127;89;180;11414526296;B
20241112;172145;89;40;11414527545;B
20241112;172145;89;10;11414527546;B
20241112;172146;89;10;11414527649;B
20241112;172155;89;10;11414528183;B
20241112;172304;89;20;11414533103;B
20241112;172304;89;450;11414533104;B
20241112;172321;89;5610;11414534263;S
20241112;172328;88.88;20;11414534667;S
20241112;172348;89;450;11414536352;B
20241112;172348;89;50;11414536353;B
20241112;172436;89;370;11414546425;B
20241112;172436;89;10;11414546426;B
20241112;172436;89.02;120;11414546427;B
20241112;172458;89;10;11414556711;B
20241112;172543;88.9;20;11414579728;S
20241112;172543;88.9;30;11414579729;S
20241112;172601;89;20;11414588754;B
20241112;172608;89;30;11414592534;B
20241112;172610;89;170;11414593191;B
20241112;172610;89;20;11414593192;B
20241112;172701;89;10;11414611480;B
20241112;172726;89;190;11414613091;B
20241112;172730;88.9;30;11414613414;S
20241112;172730;88.88;180;11414613415;S
20241112;172730;88.88;20;11414613416;S
20241112;172730;88.88;30;11414613417;S
20241112;172730;88.86;180;11414613418;S
20241112;172730;88.86;60;11414613419;S
20241112;172730;88.84;1370;11414613420;S
20241112;172730;88.84;190;11414613421;S
20241112;172757;88.88;300;11414615124;S
20241112;172757;88.88;70;11414615125;S
20241112;172757;88.86;50;11414615126;S
20241112;172757;88.84;20;11414615127;S
20241112;172757;88.84;300;11414615128;S
20241112;172757;88.84;180;11414615129;S
20241112;172757;88.84;30;11414615130;S
20241112;172757;88.82;300;11414615131;S
20241112;172757;88.82;1250;11414615132;S
20241112;172804;88.84;300;11414615643;S
20241112;172804;88.84;300;11414615644;S
20241112;172804;88.84;80;11414615645;S
20241112;172804;88.82;310;11414615646;S
20241112;172804;88.82;80;11414615647;S
20241112;172804;88.82;20;11414615648;S
20241112;172804;88.82;180;11414615649;S
20241112;172804;88.8;10;11414615650;S
20241112;172804;88.8;10;11414615651;S
20241112;172804;88.8;10;11414615652;S
20241112;172804;88.8;1200;11414615653;S
20241112;172823;88.96;20;11414616807;B
20241112;172825;89;10;11414616920;B
20241112;172853;88.96;10;11414618530;B
20241112;172916;88.96;40;11414620056;B
20241112;172938;88.86;10;11414621573;S
20241112;173008;88.98;200;11414623460;B
20241112;173008;88.98;50;11414623461;B
20241112;173008;88.98;470;11414623462;B
20241112;173008;89;20;11414623463;B
20241112;173008;89;50;11414623464;B
20241112;173008;89.02;60;11414623465;B
20241112;173025;89;40;11414624455;B
20241112;173156;89;50;11414631017;B
20241112;173228;89;10;11414633089;B
20241112;173249;89;100;11414634419;B
20241112;173253;89;100;11414634659;B
20241112;173253;89.02;300;11414634670;B
20241112;173253;89.02;300;11414634671;B
20241112;173253;89.02;20;11414634672;B
20241112;173254;89.04;30;11414634697;S
20241112;173256;89.1;70;11414634863;B
20241112;173256;89.12;10;11414634864;B
20241112;173256;89.12;40;11414634865;B
20241112;173256;89.14;70;11414634866;B
20241112;173329;89.1;10;11414637152;B
20241112;173329;89.1;100;11414637153;B
20241112;173329;89.12;30;11414637154;B
20241112;173329;89.14;230;11414637155;B
20241112;173329;89.14;30;11414637156;B
20241112;173329;89.2;180;11414637157;B
20241112;173329;89.22;160;11414637158;B
20241112;173329;89.24;1110;11414637159;B
20241112;173329;89.24;150;11414637160;B
20241112;173406;89.24;70;11414639674;B
20241112;173414;89.08;60;11414640197;S
20241112;173414;89.08;90;11414640198;S
20241112;173505;89.08;10;11414643773;S
20241112;173505;89.06;50;11414643774;S
20241112;173515;89.16;150;11414644403;B
20241112;173517;89.16;10;11414644506;B
20241112;173521;89.16;50;11414644729;B
20241112;173524;89.16;20;11414644848;B
20241112;173739;89.16;10;11414655740;B
20241112;173744;89.16;10;11414656158;B
20241112;173836;89.04;70;11414660351;S
20241112;173836;89.04;170;11414660352;S
20241112;173836;89.02;90;11414660353;S
20241112;173836;89.02;50;11414660354;S
20241112;173836;89.02;70;11414660355;S
20241112;173836;89.02;180;11414660356;S
20241112;173836;89;100;11414660357;S
20241112;173836;89;60;11414660358;S
20241112;173836;89;10;11414660359;S
20241112;173836;89;1450;11414660360;S
20241112;173836;89;10;11414660361;S
20241112;173836;88.96;300;11414660362;S
20241112;173836;88.96;160;11414660363;S
20241112;173836;88.96;10;11414660364;S
20241112;173836;88.94;400;11414660365;S
20241112;173836;88.92;50;11414660366;S
20241112;173836;88.92;300;11414660367;S
20241112;173836;88.92;100;11414660368;S
20241112;173836;88.9;4000;11414660369;S
20241112;173836;88.9;10;11414660370;S
20241112;173836;88.9;2050;11414660371;S
20241112;173836;88.9;300;11414660372;S
20241112;173836;88.84;10;11414660373;S
20241112;173836;88.84;40;11414660374;S
20241112;173836;88.84;50;11414660375;S
20241112;173836;88.82;50;11414660376;S
20241112;173836;88.82;300;11414660377;S
20241112;173836;88.82;10;11414660378;S
20241112;173836;88.82;150;11414660379;S
20241112;173836;88.8;40;11414660380;S
20241112;173836;88.8;50;11414660381;S
20241112;173836;88.8;3450;11414660382;S
20241112;173836;88.8;910;11414660383;B
20241112;173850;88.94;30;11414661523;B
20241112;173936;88.94;380;11414665453;B
20241112;174003;88.94;40;11414667417;B
20241112;174040;88.94;20;11414670443;B
20241112;174205;88.9;10;11414676094;S
20241112;174205;88.88;10;11414676095;S
20241112;174315;88.9;1000;11414680567;S
20241112;174346;88.94;80;11414683485;B
20241112;174408;88.94;1000;11414684699;B
20241112;174432;88.94;10;11414686393;B
20241112;174450;88.94;30;11414687508;B
20241112;174458;88.94;20;11414687883;B
20241112;174521;88.94;50;11414689649;B
20241112;174531;88.88;50;11414690695;S
20241112;174535;88.88;10;11414690894;S
20241112;174544;88.94;100;11414691550;B
20241112;174544;88.94;190;11414691551;B
20241112;174636;88.94;10;11414694528;B
20241112;174651;88.94;90;11414695993;B
20241112;174651;88.94;110;11414695994;B
20241112;174803;88.94;100;11414700858;B
20241112;174803;88.94;900;11414700883;B
20241112;174822;89.02;10;11414702213;S
20241112;175010;89;20;11414711430;B
20241112;175012;89;30;11414711555;B
20241112;175028;89;390;11414713257;B
20241112;175031;89.02;60;11414713475;S
20241112;175031;89;1820;11414713476;S
20241112;175031;89;60;11414713477;S
20241112;175031;89;180;11414713478;S
20241112;175031;88.92;30;11414713479;S
20241112;175031;88.92;20;11414713480;S
20241112;175031;88.9;100;11414713481;S
20241112;175031;88.9;10;11414713482;S
20241112;175031;88.9;10;11414713483;S
20241112;175031;88.88;280;11414713484;S
20241112;175031;88.88;500;11414713485;S
20241112;175031;88.88;10;11414713486;S
20241112;175031;88.88;300;11414713487;S
20241112;175031;88.86;560;11414713488;S
20241112;175031;88.86;300;11414713489;S
20241112;175031;88.82;300;11414713490;S
20241112;175031;88.82;300;11414713491;S
20241112;175031;88.8;20;11414713492;S
20241112;175031;88.8;500;11414713493;S
20241112;175031;88.8;10;11414713494;S
20241112;175031;88.8;30;11414713495;S
20241112;175031;88.76;300;11414713496;S
20241112;175031;88.76;300;11414713497;S
20241112;175031;88.72;300;11414713498;S
20241112;175031;88.72;200;11414713499;S
20241112;175031;88.7;100;11414713500;S
20241112;175031;88.7;200;11414713501;S
20241112;175031;88.7;10;11414713502;S
20241112;175031;88.68;10;11414713503;S
20241112;175031;88.68;700;11414713504;S
20241112;175031;88.68;100;11414713505;S
20241112;175031;88.68;10;11414713506;S
20241112;175031;88.68;10;11414713507;S
20241112;175031;88.68;200;11414713508;S
20241112;175031;88.66;2160;11414713509;S
20241112;175032;88.86;170;11414713558;S
20241112;175032;88.66;1330;11414713559;S
20241112;175040;88.84;10;11414714348;B
20241112;175041;88.86;100;11414714388;B
20241112;175050;88.86;10;11414715284;B
20241112;175051;88.86;20;11414715426;B
20241112;175152;88.78;130;11414721911;S
20241112;175152;88.78;80;11414721912;S
20241112;175152;88.76;260;11414721913;S
20241112;175152;88.76;300;11414721914;S
20241112;175152;88.76;180;11414721915;S
20241112;175152;88.76;80;11414721916;S
20241112;175152;88.74;300;11414721917;S
20241112;175152;88.72;300;11414721918;S
20241112;175152;88.7;100;11414721919;S
20241112;175152;88.68;300;11414721920;S
20241112;175152;88.68;300;11414721921;S
20241112;175152;88.66;990;11414721922;S
20241112;175152;88.66;100;11414721923;S
20241112;175152;88.66;10;11414721924;S
20241112;175152;88.62;30;11414721925;S
20241112;175152;88.62;6540;11414721926;S
20241112;175152;88.64;300;11414721927;S
20241112;175152;88.62;500;11414721928;S
20241112;175152;88.62;300;11414721929;S
20241112;175153;88.6;10;11414722046;S
20241112;175153;88.6;120;11414722047;S
20241112;175154;88.72;10;11414722177;B
20241112;175154;88.78;20;11414722178;B
20241112;175203;88.78;100;11414723086;B
20241112;175203;88.78;350;11414723087;B
20241112;175203;88.8;300;11414723088;B
20241112;175203;88.8;300;11414723089;B
20241112;175203;88.8;350;11414723090;B
20241112;175203;88.82;180;11414723091;B
20241112;175203;88.84;300;11414723092;B
20241112;175203;88.86;300;11414723093;B
20241112;175203;88.88;300;11414723094;B
20241112;175203;88.9;50;11414723095;B
20241112;175203;88.92;50;11414723096;B
20241112;175203;88.98;160;11414723097;B
20241112;175203;88.98;300;11414723098;B
20241112;175203;88.98;300;11414723099;B
20241112;175203;89.04;300;11414723100;B
20241112;175203;89.1;1560;11414723101;B
20241112;175203;89.12;200;11414723102;B
20241112;175203;89.12;30;11414723103;B
20241112;175203;89.14;1170;11414723104;B
20241112;175204;89.04;20;11414723151;B
20241112;175204;89.08;140;11414723152;B
20241112;175233;88.72;160;11414727413;S
20241112;175233;88.72;40;11414727414;S
20241112;175240;88.92;10;11414728144;S
20241112;175343;88.78;50;11414733667;S
20241112;175343;88.78;50;11414733668;S
20241112;175343;88.78;30;11414733669;S
20241112;175343;88.78;180;11414733670;S
20241112;175343;88.76;30;11414733671;S
20241112;175343;88.74;10;11414733672;S
20241112;175343;88.72;100;11414733673;S
20241112;175343;88.7;1560;11414733674;S
20241112;175343;88.7;1170;11414733675;S
20241112;175343;88.68;100;11414733676;S
20241112;175343;88.68;500;11414733677;S
20241112;175343;88.64;200;11414733678;S
20241112;175343;88.64;300;11414733679;S
20241112;175343;88.64;100;11414733680;S
20241112;175343;88.64;10;11414733681;S
20241112;175343;88.62;1110;11414733682;S
20241112;175343;88.62;300;11414733683;S
20241112;175343;88.62;200;11414733684;S
20241112;175343;88.62;90;11414733685;S
20241112;175343;88.62;500;11414733686;S
20241112;175343;88.62;10;11414733687;S
20241112;175343;88.6;880;11414733688;S
20241112;175343;88.6;50;11414733689;S
20241112;175343;88.6;10;11414733690;S
20241112;175343;88.6;10;11414733691;S
20241112;175343;88.6;900;11414733692;S
20241112;175343;88.6;10;11414733693;S
20241112;175343;88.6;1650;11414733694;S
20241112;175343;88.6;350;11414733695;S
20241112;175343;88.6;40;11414733696;S
20241112;175343;88.54;20;11414733718;S
20241112;175343;88.54;10;11414733719;S
20241112;175343;88.54;140;11414733720;S
20241112;175356;88.72;10;11414736896;B
20241112;175356;88.72;100;11414736932;B
20241112;175356;88.74;300;11414736933;B
20241112;175356;88.74;120;11414736934;B
20241112;175356;88.76;300;11414736935;B
20241112;175356;88.78;300;11414736936;B
20241112;175356;88.78;180;11414736937;B
20241112;175356;88.78;120;11414736938;B
20241112;175356;88.82;220;11414736939;B
20241112;175407;88.76;10;11414737840;B
20241112;175407;88.78;90;11414737841;B
20241112;175414;88.78;100;11414738528;B
20241112;175436;88.78;500;11414740208;B
20241112;175444;88.84;10;11414740749;B
20241112;175444;88.86;870;11414740752;B
20241112;175444;88.86;130;11414740753;B
20241112;175444;88.88;300;11414740754;B
20241112;175444;88.88;300;11414740755;B
20241112;175444;88.9;130;11414740756;B
20241112;175444;88.9;180;11414740757;B
20241112;175444;88.94;300;11414740758;B
20241112;175444;88.94;890;11414740759;B
20241112;175444;88.96;340;11414740760;B
20241112;175444;88.96;300;11414740761;B
20241112;175444;88.98;10;11414740762;B
20241112;175444;88.98;160;11414740763;B
20241112;175444;89;300;11414740764;B
20241112;175444;89.04;770;11414740765;B
20241112;175444;89.06;100;11414740766;B
20241112;175444;89.06;400;11414740767;B
20241112;175444;89.06;200;11414740768;B
20241112;175444;89.08;1110;11414740769;B
20241112;175444;89.08;10;11414740770;B
20241112;175444;89.08;300;11414740771;B
20241112;175444;89.1;2800;11414740772;B
20241112;175444;89.08;190;11414740777;B
20241112;175517;88.98;10;11414743448;S
20241112;175517;88.96;100;11414743449;S
20241112;175517;88.94;1010;11414743450;S
20241112;175518;88.94;540;11414743555;S
20241112;175619;88.92;60;11414748091;B
20241112;175619;88.92;740;11414748092;S
20241112;175705;88.9;30;11414751231;B
20241112;175740;88.8;10;11414753660;S
20241112;175740;88.72;50;11414753661;S
20241112;175740;88.7;10;11414753662;S
20241112;175741;88.7;90;11414753683;S
20241112;175741;88.7;60;11414753684;S
20241112;175818;88.84;60;11414755980;B
20241112;175818;88.86;100;11414755981;B
20241112;175818;88.86;20;11414755982;B
20241112;175831;88.88;20;11414756807;B
20241112;175845;88.86;50;11414757829;B
20241112;175904;88.88;40;11414759244;B
20241112;175904;88.88;50;11414759245;B
20241112;175904;88.88;110;11414759246;B
20241112;175904;88.9;780;11414759247;B
20241112;175904;88.9;50;11414759248;B
20241112;175904;88.92;300;11414759249;B
20241112;175904;88.94;270;11414759250;B
20241112;175925;88.9;10;11414760722;B
20241112;175925;88.9;10;11414760723;B
20241112;180009;88.9;20;11414765114;B
20241112;180018;88.88;2600;11414765857;B
20241112;180021;88.9;60;11414766062;B
20241112;180024;88.88;560;11414766238;S
20241112;180028;88.88;560;11414766535;S
20241112;180030;88.88;560;11414766715;S
20241112;180033;88.88;560;11414766960;S
20241112;180033;88.88;20;11414766961;S
20241112;180136;88.9;80;11414773868;B
20241112;180147;88.9;10;11414775211;B
20241112;180151;88.9;160;11414775702;B
20241112;180151;88.9;90;11414775703;B
20241112;180157;88.9;50;11414776230;S
20241112;180213;88.88;510;11414777711;B
20241112;180216;88.94;200;11414778024;B
20241112;180222;88.88;90;11414778423;S
20241112;180310;88.88;470;11414784345;B
20241112;180317;88.88;50;11414784886;B
20241112;180317;88.88;950;11414784887;B
20241112;180331;88.88;30;11414786160;B
20241112;180400;88.84;100;11414788782;S
20241112;180400;88.84;20;11414788783;S
20241112;180400;88.82;10;11414788784;S
20241112;180407;88.84;50;11414789345;B
20241112;180407;88.86;850;11414789346;B
20241112;180438;88.82;290;11414792218;S
20241112;180455;88.82;510;11414793631;B
20241112;180505;88.78;10;11414794860;S
20241112;180505;88.78;40;11414794861;S
20241112;180550;88.82;40;11414814468;B
20241112;180648;88.82;10;11414820949;B
20241112;180705;88.82;150;11414822384;B
20241112;180706;88.84;650;11414822484;B
20241112;180706;88.86;350;11414822485;B
20241112;180726;88.86;10;11414824530;B
20241112;180742;88.86;10;11414826875;B
20241112;180747;88.86;300;11414827289;B
20241112;180754;88.88;10;11414827963;B
20241112;180755;88.88;200;11414827996;B
20241112;180757;88.86;200;11414828118;S
20241112;180757;88.86;120;11414828119;S
20241112;180804;88.82;350;11414828417;S
20241112;180804;88.8;10;11414828418;S
20241112;180804;88.8;450;11414828419;S
20241112;180804;88.8;1000;11414828420;S
20241112;180804;88.8;20;11414828421;S
20241112;180804;88.8;110;11414828422;S
20241112;180804;88.78;40;11414828423;S
20241112;180804;88.78;10;11414828424;S
20241112;180804;88.78;110;11414828425;S
20241112;180804;88.76;50;11414828426;S
20241112;180804;88.76;220;11414828427;S
20241112;180804;88.74;150;11414828428;S
20241112;180804;88.74;100;11414828429;S
20241112;180804;88.74;20;11414828430;S
20241112;180804;88.72;100;11414828431;S
20241112;180804;88.7;10;11414828432;S
20241112;180804;88.7;10;11414828433;S
20241112;180804;88.7;1290;11414828434;S
20241112;180804;88.68;500;11414828435;S
20241112;180804;88.64;10;11414828436;S
20241112;180804;88.64;160;11414828437;S
20241112;180804;88.62;300;11414828438;S
20241112;180804;88.62;190;11414828439;S
20241112;180804;88.62;1560;11414828440;S
20241112;180804;88.62;1110;11414828441;S
20241112;180804;88.6;10;11414828442;S
20241112;180804;88.6;10;11414828443;S
20241112;180804;88.6;2000;11414828444;S
20241112;180804;88.6;300;11414828445;S
20241112;180804;88.6;10;11414828446;S
20241112;180804;88.6;40;11414828447;S
20241112;180804;88.6;30;11414828448;S
20241112;180804;88.6;40;11414828449;S
20241112;180804;88.58;10;11414828450;S
20241112;180804;88.56;100;11414828451;S
20241112;180804;88.56;10;11414828452;S
20241112;180804;88.56;10;11414828453;S
20241112;180804;88.56;400;11414828454;S
20241112;180804;88.54;200;11414828455;S
20241112;180804;88.54;300;11414828456;S
20241112;180804;88.52;500;11414828457;S
20241112;180804;88.52;300;11414828458;S
20241112;180804;88.52;100;11414828459;S
20241112;180804;88.52;200;11414828460;S
20241112;180804;88.52;30;11414828461;S
20241112;180804;88.5;10;11414828462;S
20241112;180804;88.5;660;11414828463;S
20241112;180804;88.5;80;11414828464;S
20241112;180804;88.5;1000;11414828465;S
20241112;180804;88.5;50;11414828466;S
20241112;180804;88.5;1000;11414828467;S
20241112;180804;88.5;40;11414828468;S
20241112;180804;88.5;10;11414828469;S
20241112;180804;88.5;100;11414828470;S
20241112;180804;88.5;500;11414828471;S
20241112;180804;88.5;10;11414828472;S
20241112;180804;88.5;10;11414828473;S
