<DATE>;<TIME>;<LAST>;<VOL>;<ID>;<OPER>
20241225;095951;0.747;200000;11821328570;B
20241225;095951;0.747;1000;11821328571;S
20241225;095951;0.747;2000;11821328572;B
20241225;095951;0.747;6000;11821328573;S
20241225;095951;0.747;10000;11821328574;S
20241225;095951;0.747;1000;11821328575;B
20241225;095951;0.747;7000;11821328576;B
20241225;095951;0.747;1000;11821328577;B
20241225;095951;0.747;11000;11821328578;B
20241225;095951;0.747;1000;11821328579;S
20241225;095951;0.747;1000;11821328580;S
20241225;095951;0.747;1000;11821328581;B
20241225;095951;0.747;6000;11821328582;S
20241225;095951;0.747;7000;11821328583;S
20241225;095951;0.747;1000;11821328584;S
20241225;095951;0.747;1000;11821328585;S
20241225;095951;0.747;2000;11821328586;S
20241225;095951;0.747;5000;11821328587;S
20241225;095951;0.747;5000;11821328588;S
20241225;095951;0.747;3000;11821328589;S
20241225;095951;0.747;1000;11821328590;S
20241225;095951;0.747;1000;11821328591;B
20241225;095951;0.747;1000;11821328592;B
20241225;095951;0.747;2000;11821328593;S
20241225;095951;0.747;10000;11821328594;B
20241225;095951;0.747;10000;11821328595;B
20241225;095951;0.747;31000;11821328596;B
20241225;095951;0.747;10000;11821328597;B
20241225;095951;0.747;9000;11821328598;B
20241225;095951;0.747;1000;11821328599;S
20241225;095951;0.747;1000;11821328600;S
20241225;095951;0.747;1000;11821328601;S
20241225;095951;0.747;1000;11821328602;S
20241225;095951;0.747;1000;11821328603;S
20241225;095951;0.747;1000;11821328604;S
20241225;095951;0.747;1000;11821328605;S
20241225;095951;0.747;1000;11821328606;S
20241225;095951;0.747;1000;11821328607;S
20241225;095951;0.747;1000;11821328608;S
20241225;095951;0.747;1000;11821328609;S
20241225;095951;0.747;5000;11821328610;S
20241225;095951;0.747;1000;11821328611;S
20241225;095951;0.747;1000;11821328612;S
20241225;095951;0.747;100000;11821328613;S
20241225;095951;0.747;1000;11821328614;S
20241225;095951;0.747;1000;11821328615;S
20241225;095951;0.747;71000;11821328616;B
20241225;095951;0.747;59000;11821328617;B
20241225;100000;0.747;10000;11821330710;B
20241225;100001;0.7464;3000;11821331722;S
20241225;100001;0.7462;2000;11821331723;S
20241225;100001;0.7455;9000;11821331724;S
20241225;100001;0.7454;5000;11821331725;S
20241225;100001;0.7454;1000;11821331726;S
20241225;100001;0.7453;33000;11821331727;S
20241225;100001;0.747;5000;11821332119;B
20241225;100002;0.747;15000;11821332763;B
20241225;100002;0.746;2000;11821333029;B
20241225;100003;0.746;1000;11821333531;B
20241225;100003;0.746;10000;11821333747;B
20241225;100003;0.746;1000;11821333803;B
20241225;100005;0.746;23000;11821335543;B
20241225;100006;0.747;1000;11821337454;B
20241225;100007;0.747;1000;11821338093;B
20241225;100008;0.747;63000;11821339680;B
20241225;100008;0.747;1000;11821339681;B
20241225;100008;0.7477;4000;11821339682;B
20241225;100008;0.7481;101000;11821339683;B
20241225;100008;0.7482;70000;11821339684;B
20241225;100008;0.7485;101000;11821339685;B
20241225;100008;0.7486;20000;11821339686;B
20241225;100008;0.7487;33000;11821339687;B
20241225;100008;0.7488;50000;11821339688;B
20241225;100008;0.7488;57000;11821339689;B
20241225;100008;0.7487;5000;11821340379;B
20241225;100008;0.7487;30000;11821340496;B
20241225;100009;0.7462;12000;11821341509;S
20241225;100010;0.748;23000;11821341806;B
20241225;100010;0.748;30000;11821341807;B
20241225;100010;0.7468;2000;11821341923;S
20241225;100010;0.7468;1000;11821341972;S
20241225;100010;0.7485;53000;11821342026;B
20241225;100010;0.7485;27000;11821342258;B
20241225;100010;0.7486;4000;11821342259;B
20241225;100010;0.7486;2000;11821342260;B
20241225;100010;0.7487;134000;11821342261;B
20241225;100010;0.7488;300000;11821342262;B
20241225;100010;0.7489;100000;11821342263;B
20241225;100010;0.749;132000;11821342264;B
20241225;100013;0.749;8000;11821345393;B
20241225;100013;0.749;1000;11821345408;B
20241225;100013;0.7471;1000;11821345530;S
20241225;100013;0.7488;1000;11821345995;B
20241225;100013;0.7488;75000;11821345998;B
20241225;100013;0.7488;4000;11821346004;B
20241225;100013;0.7489;5000;11821346005;B
20241225;100013;0.749;17000;11821346006;B
20241225;100013;0.749;8000;11821346009;B
20241225;100013;0.749;40000;11821346011;B
20241225;100013;0.747;1000;11821346241;S
20241225;100015;0.7472;57000;11821347081;S
20241225;100015;0.7468;5000;11821347082;S
20241225;100015;0.7461;71000;11821347083;S
20241225;100016;0.7485;1000;11821347811;B
20241225;100016;0.7485;9000;11821347812;B
20241225;100017;0.7472;1000;11821348266;S
20241225;100017;0.7464;9000;11821348267;S
20241225;100017;0.7484;24000;11821348280;B
20241225;100017;0.7484;6000;11821348281;B
20241225;100019;0.7485;10000;11821349617;B
20241225;100019;0.7485;20000;11821349618;B
20241225;100019;0.7486;9000;11821349622;B
20241225;100025;0.7486;1000;11821352198;S
20241225;100026;0.748;100000;11821352619;S
20241225;100026;0.7475;16000;11821352620;S
20241225;100026;0.7475;2000;11821352621;S
20241225;100026;0.7475;24000;11821352622;S
20241225;100026;0.7474;158000;11821352623;S
20241225;100027;0.7485;3000;11821353124;B
20241225;100027;0.7485;2000;11821353125;B
20241225;100029;0.7474;44000;11821354040;S
20241225;100029;0.7474;54000;11821354041;S
20241225;100029;0.7473;80000;11821354042;S
20241225;100029;0.7473;2000;11821354043;S
20241225;100029;0.7472;20000;11821354044;S
20241225;100033;0.7485;20000;11821355219;B
20241225;100033;0.7486;47000;11821355220;B
20241225;100034;0.7486;15000;11821355369;B
20241225;100034;0.7486;20000;11821355447;B
20241225;100034;0.7473;82000;11821355488;S
20241225;100034;0.7472;20000;11821355489;S
20241225;100034;0.7471;182000;11821355490;S
20241225;100034;0.7471;16000;11821355491;B
20241225;100036;0.7484;20000;11821356182;B
20241225;100036;0.7486;80000;11821356183;B
20241225;100038;0.7474;9000;11821356748;S
20241225;100041;0.7474;1000;11821357746;S
20241225;100042;0.7474;1000;11821358281;S
20241225;100042;0.7474;49000;11821358282;S
20241225;100044;0.7484;2000;11821359231;B
20241225;100045;0.7484;22000;11821359656;B
20241225;100045;0.7485;40000;11821359657;B
20241225;100045;0.7486;38000;11821359658;S
20241225;100045;0.7475;2000;11821359679;S
20241225;100045;0.7475;80000;11821359680;S
20241225;100045;0.7474;71000;11821359681;S
20241225;100045;0.7474;48000;11821359682;S
20241225;100046;0.7476;1000;11821359900;S
20241225;100046;0.7475;80000;11821359901;S
20241225;100046;0.7474;102000;11821359902;S
20241225;100046;0.7473;180000;11821359903;S
20241225;100046;0.7473;1000;11821359904;S
20241225;100046;0.7472;136000;11821359905;S
20241225;100047;0.7472;2000;11821360022;S
20241225;100047;0.7472;622000;11821360430;S
20241225;100048;0.7472;240000;11821360579;S
20241225;100048;0.7472;3000;11821360580;S
20241225;100048;0.7471;175000;11821360581;B
20241225;100049;0.747;1000;11821360982;S
20241225;100049;0.747;3000;11821360983;S
20241225;100049;0.7467;16000;11821360984;S
20241225;100049;0.7467;4000;11821361095;S
20241225;100049;0.7467;2000;11821361096;S
20241225;100049;0.7466;3000;11821361097;S
20241225;100049;0.7466;80000;11821361098;S
20241225;100049;0.7465;533000;11821361099;S
20241225;100050;0.7465;200000;11821361292;S
20241225;100050;0.7476;1000;11821361397;B
20241225;100051;0.7465;50000;11821361539;S
20241225;100054;0.7475;1000;11821362320;B
20241225;100056;0.7465;8000;11821362963;S
20241225;100057;0.7467;10000;11821363346;B
20241225;100057;0.7466;1000;11821363451;S
20241225;100057;0.7465;9000;11821363452;S
20241225;100057;0.7469;1000;11821363453;B
20241225;100058;0.7465;200000;11821363559;S
20241225;100058;0.7465;150000;11821363698;S
20241225;100058;0.7467;15000;11821363733;B
20241225;100058;0.7467;35000;11821363769;B
20241225;100058;0.7468;36000;11821363770;B
20241225;100100;0.7465;250000;11821364198;S
20241225;100100;0.7465;100000;11821364263;S
20241225;100100;0.7465;5000;11821364264;S
20241225;100100;0.7464;1000;11821364311;S
20241225;100100;0.7464;2000;11821364313;S
20241225;100100;0.746;1000;11821364314;S
20241225;100100;0.7456;1000;11821364315;S
20241225;100100;0.7456;5000;11821364316;S
20241225;100100;0.7455;13000;11821364317;S
20241225;100100;0.7455;1000;11821364318;S
20241225;100100;0.7455;36000;11821364319;S
20241225;100100;0.7454;1000;11821364320;S
20241225;100100;0.7454;29000;11821364321;S
20241225;100103;0.7456;50000;11821365336;S
20241225;100103;0.7457;1000;11821365454;S
20241225;100103;0.7455;31000;11821365455;S
20241225;100103;0.7454;51000;11821365456;S
20241225;100103;0.7452;10000;11821365457;S
20241225;100103;0.7452;6000;11821365458;S
20241225;100103;0.7452;1000;11821365459;S
20241225;100103;0.7452;150000;11821365460;S
20241225;100103;0.7452;5000;11821365461;S
20241225;100103;0.7452;20000;11821365462;S
20241225;100103;0.7451;1000;11821365463;S
20241225;100103;0.7451;24000;11821365464;S
20241225;100103;0.7454;5000;11821365538;S
20241225;100103;0.7466;2000;11821365547;B
20241225;100103;0.7454;5000;11821365548;S
20241225;100105;0.7467;6000;11821365964;B
20241225;100106;0.7459;3000;11821366483;S
20241225;100106;0.7454;1000;11821366484;S
20241225;100106;0.7453;18000;11821366485;S
20241225;100106;0.7453;2000;11821366486;S
20241225;100106;0.7452;6000;11821366487;S
20241225;100106;0.7452;80000;11821366488;S
20241225;100106;0.7451;190000;11821366489;S
20241225;100108;0.7464;20000;11821366944;B
20241225;100108;0.7465;45000;11821366945;B
20241225;100109;0.7464;1000;11821367306;B
20241225;100109;0.7465;1000;11821367307;B
20241225;100110;0.7466;1000;11821367768;B
20241225;100111;0.7466;1000;11821367893;B
20241225;100111;0.7466;1000;11821367959;B
20241225;100111;0.7466;1000;11821368070;B
20241225;100111;0.7466;1000;11821368125;B
20241225;100111;0.746;3000;11821368314;S
20241225;100111;0.7456;24000;11821368315;S
20241225;100111;0.7454;5000;11821368316;S
20241225;100111;0.7453;80000;11821368317;S
20241225;100111;0.7453;1000;11821368318;S
20241225;100111;0.7452;45000;11821368319;S
20241225;100111;0.7451;336000;11821368320;S
20241225;100111;0.7451;1000000;11821368321;S
20241225;100111;0.7451;6000;11821368322;S
20241225;100111;0.7451;2000;11821368323;S
20241225;100111;0.7451;4000;11821368324;S
20241225;100111;0.745;2000;11821368325;S
20241225;100111;0.745;4000;11821368326;S
20241225;100111;0.745;4000;11821368327;S
20241225;100111;0.745;20000;11821368328;S
20241225;100111;0.745;10000;11821368329;S
20241225;100111;0.745;7000;11821368330;S
20241225;100111;0.745;144000;11821368331;S
20241225;100111;0.745;134000;11821368332;S
20241225;100111;0.745;1000;11821368333;S
20241225;100111;0.745;2000;11821368334;S
20241225;100111;0.745;707000;11821368335;S
20241225;100111;0.7463;1000;11821368403;B
20241225;100112;0.7462;1000;11821368505;B
20241225;100112;0.7451;1000;11821368521;S
20241225;100112;0.745;240000;11821368615;S
20241225;100112;0.7459;1000;11821368641;B
20241225;100112;0.745;10000;11821368710;S
20241225;100112;0.7458;1000;11821368729;B
20241225;100112;0.745;452000;11821368732;S
20241225;100112;0.745;1000;11821368733;S
20241225;100112;0.745;1000;11821368734;S
20241225;100112;0.7449;3000;11821368735;S
20241225;100112;0.7448;1000;11821368736;S
20241225;100112;0.7448;1000;11821368737;S
20241225;100112;0.7447;1000;11821368738;S
20241225;100112;0.7447;1000;11821368739;S
20241225;100112;0.7447;5000;11821368740;S
20241225;100112;0.7445;34000;11821368741;B
20241225;100112;0.745;100000;11821368743;B
20241225;100112;0.7444;1000;11821368755;S
20241225;100112;0.7444;10000;11821368756;S
20241225;100112;0.7444;1000;11821368757;S
20241225;100112;0.7442;10000;11821368758;S
20241225;100112;0.7441;3000;11821368759;S
20241225;100112;0.744;1000;11821368760;S
20241225;100112;0.744;1000;11821368761;S
20241225;100112;0.744;1000;11821368762;S
20241225;100112;0.7438;26000;11821368763;S
20241225;100112;0.7438;16000;11821368764;S
20241225;100112;0.7438;4000;11821368765;S
20241225;100112;0.7438;1000;11821368766;S
20241225;100112;0.7437;15000;11821368767;S
20241225;100112;0.7432;40000;11821368768;S
20241225;100112;0.7432;10000;11821368769;S
20241225;100112;0.7432;9000;11821368770;S
20241225;100112;0.7432;41000;11821368771;S
20241225;100112;0.7449;10000;11821368817;B
20241225;100112;0.7446;22000;11821368820;B
20241225;100112;0.7442;1000;11821368880;B
20241225;100112;0.7431;10000;11821368897;S
20241225;100112;0.7431;10000;11821368898;S
20241225;100112;0.743;20000;11821368899;S
20241225;100112;0.743;1000;11821368900;S
20241225;100112;0.743;1000;11821368901;S
20241225;100112;0.743;280000;11821368902;S
20241225;100112;0.7428;6000;11821368903;S
20241225;100112;0.7428;1000;11821368904;S
20241225;100112;0.7426;1000;11821368905;S
20241225;100112;0.7426;6000;11821368906;S
20241225;100112;0.7424;3000;11821368907;S
20241225;100112;0.7422;10000;11821368908;S
20241225;100112;0.7421;2000;11821368909;S
20241225;100112;0.7421;5000;11821368910;S
20241225;100112;0.7421;70000;11821368911;S
20241225;100112;0.7421;124000;11821368912;S
20241225;100112;0.7421;776000;11821368914;S
20241225;100112;0.742;30000;11821368915;S
20241225;100112;0.742;30000;11821368916;S
20241225;100112;0.742;153000;11821368917;S
20241225;100112;0.7421;8000;11821368933;S
20241225;100112;0.742;10000;11821368934;S
20241225;100113;0.742;50000;11821368990;S
20241225;100113;0.7428;1000;11821369175;B
20241225;100113;0.7425;1000;11821369209;S
20241225;100113;0.742;25000;11821369210;S
20241225;100113;0.7428;1000;11821369211;B
20241225;100113;0.742;112000;11821369214;S
20241225;100113;0.7418;3000;11821369215;S
20241225;100113;0.7416;5000;11821369216;S
20241225;100113;0.7415;1000;11821369217;S
20241225;100113;0.7415;1000;11821369218;S
20241225;100113;0.7414;4000;11821369219;S
20241225;100113;0.7414;2000;11821369220;S
20241225;100113;0.7413;18000;11821369221;S
20241225;100113;0.7412;10000;11821369222;S
20241225;100113;0.7412;64000;11821369223;S
20241225;100113;0.7412;1000;11821369226;S
20241225;100113;0.7411;2000;11821369227;S
20241225;100113;0.741;77000;11821369228;S
20241225;100113;0.7428;50000;11821369233;B
20241225;100113;0.7428;150000;11821369239;B
20241225;100113;0.7429;1000;11821369256;B
20241225;100113;0.7429;1000;11821369278;B
20241225;100113;0.7429;2000;11821369303;B
20241225;100113;0.742;1000;11821369308;S
20241225;100113;0.7411;29000;11821369309;S
20241225;100113;0.7428;31000;11821369316;B
20241225;100113;0.7429;20000;11821369317;B
20241225;100113;0.7429;20000;11821369318;B
20241225;100113;0.7429;29000;11821369319;B
20241225;100113;0.7429;1000;11821369327;B
20241225;100113;0.7413;20000;11821369338;S
20241225;100113;0.7411;202000;11821369339;S
20241225;100113;0.741;73000;11821369340;S
20241225;100113;0.7409;365000;11821369341;S
20241225;100113;0.7427;1000;11821369348;B
20241225;100113;0.742;1000;11821369373;S
20241225;100113;0.7408;2000;11821369374;S
20241225;100113;0.7408;2000;11821369398;S
20241225;100113;0.7408;4000;11821369399;S
20241225;100113;0.7408;1000;11821369431;S
20241225;100113;0.7422;1000;11821369454;B
20241225;100113;0.7412;1000;11821369459;B
20241225;100113;0.7408;149000;11821369471;S
20241225;100113;0.7407;10000;11821369472;S
20241225;100113;0.7412;10000;11821369473;B
20241225;100113;0.7412;49000;11821369474;B
20241225;100113;0.7416;51000;11821369475;B
20241225;100113;0.7416;4000;11821369507;B
20241225;100113;0.741;2000;11821369518;B
20241225;100113;0.7408;24000;11821369522;S
20241225;100113;0.7407;15000;11821369523;S
20241225;100113;0.7409;10000;11821369573;S
20241225;100113;0.7407;25000;11821369574;S
20241225;100113;0.7406;1000;11821369575;S
20241225;100113;0.7404;1000;11821369576;S
20241225;100113;0.7404;19000;11821369577;S
20241225;100113;0.7403;1000;11821369578;S
20241225;100113;0.7403;5000;11821369579;S
20241225;100113;0.7402;10000;11821369580;S
20241225;100113;0.7402;1000;11821369581;S
20241225;100113;0.7402;2000;11821369582;S
20241225;100113;0.7401;2000;11821369583;S
20241225;100113;0.7401;1000;11821369584;S
20241225;100113;0.7401;4000;11821369585;S
20241225;100113;0.7401;100000;11821369586;S
20241225;100113;0.7401;200000;11821369587;S
20241225;100113;0.7401;435000;11821369588;S
20241225;100113;0.74;30000;11821369589;S
20241225;100113;0.74;1000;11821369590;S
20241225;100113;0.74;10000;11821369591;S
20241225;100113;0.74;2000;11821369592;S
20241225;100113;0.74;1000;11821369593;S
20241225;100113;0.74;1000;11821369594;S
20241225;100113;0.74;1000;11821369595;S
20241225;100113;0.74;135000;11821369596;S
20241225;100113;0.74;2000;11821369597;S
20241225;100113;0.7415;7000;11821369598;S
20241225;100113;0.7416;1000;11821369632;B
20241225;100113;0.74;3000;11821369639;S
20241225;100113;0.74;1000;11821369640;S
20241225;100113;0.74;32000;11821369641;S
20241225;100113;0.741;4000;11821369645;S
20241225;100113;0.74;2000;11821369646;S
20241225;100113;0.74;16000;11821369647;S
20241225;100113;0.74;1000;11821369648;S
20241225;100113;0.74;30000;11821369649;S
20241225;100113;0.74;30000;11821369650;S
20241225;100113;0.74;9000;11821369651;S
20241225;100113;0.74;1000;11821369652;S
20241225;100113;0.74;2000;11821369653;S
20241225;100113;0.7416;5000;11821369657;B
20241225;100114;0.7416;1000;11821369681;B
20241225;100114;0.7412;1000;11821369738;S
20241225;100114;0.7415;24000;11821369753;B
20241225;100114;0.7415;20000;11821369754;B
20241225;100114;0.7416;38000;11821369755;B
20241225;100114;0.7418;1000;11821369756;B
20241225;100114;0.7428;1000;11821369905;B
20241225;100114;0.7428;1000;11821369935;B
20241225;100114;0.742;2000;11821369965;S
20241225;100114;0.7428;78000;11821369972;B
20241225;100114;0.7428;22000;11821369973;B
20241225;100114;0.7421;5000;11821369988;S
20241225;100114;0.7421;17000;11821370016;S
20241225;100114;0.7421;10000;11821370017;S
20241225;100114;0.742;56000;11821370018;S
20241225;100114;0.742;84000;11821370041;S
20241225;100114;0.7428;1000;11821370072;B
20241225;100114;0.7421;1000;11821370083;S
20241225;100114;0.742;49000;11821370084;S
20241225;100114;0.742;1000;11821370131;S
20241225;100114;0.742;40000;11821370151;S
20241225;100114;0.742;3000;11821370152;S
20241225;100114;0.742;1000;11821370153;S
20241225;100115;0.742;27000;11821370195;S
20241225;100115;0.742;365000;11821370226;S
20241225;100115;0.742;1000;11821370246;S
20241225;100115;0.742;30000;11821370264;S
20241225;100115;0.742;15000;11821370287;S
20241225;100115;0.7424;1000;11821370329;B
20241225;100115;0.742;50000;11821370347;S
20241225;100115;0.742;25000;11821370355;S
20241225;100115;0.7424;1000;11821370396;B
20241225;100115;0.7423;1000;11821370411;B
20241225;100115;0.742;168000;11821370502;S
20241225;100115;0.7414;1000;11821370503;S
20241225;100115;0.7413;1000;11821370504;S
20241225;100115;0.7413;20000;11821370505;S
20241225;100115;0.7412;10000;11821370506;S
20241225;100115;0.742;1000;11821370561;B
20241225;100116;0.7412;4000;11821370803;S
20241225;100116;0.7421;1000;11821370894;B
20241225;100116;0.7412;17000;11821371002;S
20241225;100116;0.742;1000;11821371004;B
20241225;100116;0.742;1000;11821371073;B
20241225;100117;0.7419;1000;11821371414;B
20241225;100117;0.7419;1000;11821371451;B
20241225;100117;0.7419;1000;11821371508;B
20241225;100117;0.7412;35000;11821371588;S
20241225;100117;0.7412;5000;11821371589;S
20241225;100117;0.7412;2000;11821371590;S
20241225;100117;0.7412;3000;11821371591;S
20241225;100117;0.741;5000;11821371592;S
20241225;100118;0.7419;1000;11821371628;B
20241225;100118;0.7419;1000;11821371713;B
20241225;100118;0.7419;1000;11821371763;B
20241225;100118;0.7418;1000;11821371918;B
20241225;100119;0.7417;1000;11821372020;B
20241225;100119;0.7411;100000;11821372113;S
20241225;100119;0.741;34000;11821372114;S
20241225;100119;0.7417;1000;11821372165;B
20241225;100120;0.7419;1000;11821372421;B
20241225;100120;0.7418;1000;11821372549;B
20241225;100120;0.7419;1000;11821372606;B
20241225;100120;0.7419;1000;11821372704;B
20241225;100121;0.7419;1000;11821373014;B
20241225;100121;0.7419;1000;11821373047;B
20241225;100122;0.7418;1000;11821373120;B
20241225;100122;0.7418;1000;11821373128;B
20241225;100122;0.7419;1000;11821373384;B
20241225;100123;0.7419;6000;11821373581;B
20241225;100123;0.7419;1000;11821373646;B
20241225;100123;0.7419;1000;11821373968;B
20241225;100125;0.7417;1000;11821374368;B
20241225;100125;0.7416;5000;11821374546;B
20241225;100126;0.7415;17000;11821374999;S
20241225;100127;0.7415;3000;11821375331;B
20241225;100128;0.7415;60000;11821375559;B
20241225;100128;0.7415;80000;11821375560;S
20241225;100128;0.7416;5000;11821375581;B
20241225;100128;0.7416;15000;11821375655;B
20241225;100128;0.7417;1000;11821375718;B
20241225;100129;0.7417;32000;11821375965;B
20241225;100129;0.7417;80000;11821375966;B
20241225;100129;0.7416;1000;11821376059;S
20241225;100129;0.7415;160000;11821376060;S
20241225;100129;0.7415;50000;11821376061;S
20241225;100129;0.7413;1000;11821376062;S
20241225;100129;0.7412;3000;11821376063;S
20241225;100129;0.7412;3000;11821376064;S
20241225;100129;0.7412;3000;11821376065;S
20241225;100129;0.7412;3000;11821376066;S
20241225;100129;0.7412;3000;11821376067;S
20241225;100129;0.7412;50000;11821376068;S
20241225;100129;0.7412;5000;11821376069;S
20241225;100129;0.7411;5000;11821376070;S
20241225;100129;0.741;61000;11821376071;S
20241225;100129;0.741;5000;11821376072;S
20241225;100129;0.741;1000;11821376078;B
20241225;100129;0.741;1000;11821376088;B
20241225;100129;0.7409;5000;11821376097;S
20241225;100129;0.7408;1000;11821376098;S
20241225;100129;0.7408;4000;11821376160;S
20241225;100129;0.7407;5000;11821376161;S
20241225;100129;0.7406;6000;11821376162;S
20241225;100129;0.7406;3000;11821376163;S
20241225;100129;0.7405;32000;11821376164;S
20241225;100130;0.741;300000;11821376287;B
20241225;100130;0.741;1000;11821376357;B
20241225;100131;0.7409;2000;11821376526;B
20241225;100131;0.7409;2000;11821376529;B
20241225;100131;0.7409;2000;11821376533;B
20241225;100131;0.7409;2000;11821376535;B
20241225;100131;0.7406;61000;11821376536;S
20241225;100131;0.7405;249000;11821376537;S
20241225;100131;0.7405;5000;11821376538;S
20241225;100131;0.7404;5000;11821376539;S
20241225;100131;0.7403;1000;11821376540;S
20241225;100131;0.7402;5000;11821376541;S
20241225;100131;0.7402;134000;11821376542;S
20241225;100131;0.7401;16000;11821376543;S
20241225;100131;0.7401;2000;11821376544;S
20241225;100131;0.7401;5000;11821376545;S
20241225;100131;0.7401;150000;11821376546;S
20241225;100131;0.7401;6000;11821376547;S
20241225;100131;0.74;1000;11821376548;S
20241225;100131;0.74;50000;11821376549;S
20241225;100131;0.74;1000;11821376550;S
20241225;100131;0.74;2000;11821376551;S
20241225;100131;0.74;5000;11821376552;S
20241225;100131;0.74;1000;11821376553;S
20241225;100131;0.74;250000;11821376554;S
20241225;100131;0.74;100000;11821376555;S
20241225;100131;0.74;2000;11821376556;S
20241225;100131;0.74;2000;11821376557;S
20241225;100131;0.74;500000;11821376558;S
20241225;100131;0.74;1000;11821376559;S
20241225;100131;0.74;1000;11821376560;S
20241225;100131;0.74;1000;11821376561;S
20241225;100131;0.74;1000;11821376562;S
20241225;100131;0.74;1000;11821376563;S
20241225;100131;0.74;9000;11821376564;S
20241225;100131;0.74;200000;11821376565;S
20241225;100131;0.74;1000;11821376566;S
20241225;100131;0.74;4000;11821376567;S
20241225;100131;0.74;2000;11821376568;S
20241225;100131;0.74;1000;11821376569;S
20241225;100131;0.74;10000;11821376570;S
20241225;100131;0.74;10000;11821376571;S
20241225;100131;0.74;1000;11821376572;S
20241225;100131;0.74;10000;11821376573;S
20241225;100131;0.74;70000;11821376574;S
20241225;100131;0.74;4000;11821376575;S
20241225;100131;0.74;10000;11821376576;S
20241225;100131;0.74;5000;11821376577;S
20241225;100131;0.74;1000;11821376578;S
20241225;100131;0.74;50000;11821376579;S
20241225;100131;0.74;1000;11821376580;S
20241225;100131;0.74;16000;11821376581;S
20241225;100131;0.7399;1000;11821376582;S
20241225;100131;0.7399;2000;11821376583;S
20241225;100131;0.7397;4000;11821376584;S
20241225;100131;0.7396;12000;11821376585;S
20241225;100131;0.7395;2000;11821376586;S
20241225;100131;0.7395;70000;11821376587;S
20241225;100131;0.7392;10000;11821376588;S
20241225;100131;0.7389;2000;11821376589;S
20241225;100131;0.7388;1000;11821376590;S
20241225;100131;0.7385;19000;11821376591;S
20241225;100131;0.7384;50000;11821376592;S
20241225;100131;0.7382;2000;11821376593;S
20241225;100131;0.7382;10000;11821376594;S
20241225;100131;0.7382;70000;11821376595;S
20241225;100131;0.7381;80000;11821376596;S
20241225;100131;0.7381;2000;11821376597;S
20241225;100131;0.738;100000;11821376598;S
20241225;100131;0.738;5000;11821376599;S
20241225;100131;0.738;2000;11821376600;S
20241225;100131;0.738;100000;11821376601;S
20241225;100131;0.738;500000;11821376602;S
20241225;100131;0.7379;90000;11821376603;S
20241225;100131;0.7379;150000;11821376604;S
20241225;100131;0.7378;80000;11821376605;S
20241225;100131;0.7376;1000;11821376606;S
20241225;100131;0.7376;100000;11821376607;S
20241225;100131;0.7376;5000;11821376608;S
20241225;100131;0.7375;5000;11821376609;S
20241225;100131;0.7374;1000;11821376610;S
20241225;100131;0.7374;50000;11821376611;S
20241225;100131;0.7374;5000;11821376612;S
20241225;100131;0.7374;150000;11821376613;S
20241225;100131;0.7374;5000;11821376614;S
20241225;100131;0.7374;4000;11821376615;S
20241225;100131;0.7373;10000;11821376616;S
20241225;100131;0.7373;337000;11821376617;S
20241225;100131;0.7375;134000;11821376656;S
20241225;100131;0.7374;27000;11821376657;S
20241225;100131;0.7373;7000;11821376658;S
20241225;100131;0.7402;1000;11821376785;S
20241225;100131;0.7402;4000;11821376789;S
20241225;100131;0.7375;13000;11821376790;S
20241225;100131;0.7373;3000;11821376791;S
20241225;100131;0.7405;1000;11821376886;B
20241225;100131;0.74;33000;11821376893;S
20241225;100131;0.7394;1000;11821376894;S
20241225;100131;0.7387;41000;11821376895;S
20241225;100131;0.7387;50000;11821376897;S
20241225;100131;0.7389;10000;11821376898;S
20241225;100131;0.7387;9000;11821376899;S
20241225;100131;0.7384;1000;11821376900;S
20241225;100131;0.7378;10000;11821376901;S
20241225;100131;0.7376;10000;11821376902;S
20241225;100131;0.7376;1000;11821376903;S
20241225;100131;0.7375;27000;11821376904;S
20241225;100131;0.7374;134000;11821376905;S
20241225;100131;0.7373;243000;11821376906;S
20241225;100132;0.7385;3000;11821376928;S
20241225;100132;0.7385;17000;11821376935;B
20241225;100132;0.7405;83000;11821376936;B
20241225;100132;0.7384;811000;11821377031;B
20241225;100132;0.738;5000;11821377044;S
20241225;100132;0.7377;17000;11821377045;S
20241225;100132;0.739;1000;11821377099;B
20241225;100132;0.7389;20000;11821377137;B
20241225;100132;0.7392;70000;11821377138;B
20241225;100132;0.7394;110000;11821377139;B
20241225;100133;0.7394;3000;11821377177;B
20241225;100133;0.7394;10000;11821377308;B
20241225;100133;0.7394;27000;11821377515;B
20241225;100133;0.7399;5000;11821377582;B
20241225;100133;0.74;95000;11821377583;B
20241225;100134;0.7384;7000;11821377737;S
20241225;100134;0.7384;5000;11821377738;S
20241225;100134;0.7383;21000;11821377739;S
20241225;100134;0.7383;15000;11821377780;S
20241225;100135;0.7383;60000;11821378002;S
20241225;100135;0.7383;83000;11821378003;S
20241225;100135;0.7383;5000;11821378004;S
20241225;100135;0.7382;100000;11821378005;S
20241225;100135;0.7382;5000;11821378006;S
20241225;100135;0.7378;30000;11821378007;S
20241225;100135;0.7378;20000;11821378008;S
20241225;100135;0.7376;100000;11821378009;S
20241225;100135;0.7376;200000;11821378010;S
20241225;100135;0.7375;1000;11821378011;S
20241225;100135;0.7373;1720000;11821378012;S
20241225;100135;0.7372;2000;11821378013;S
20241225;100135;0.7372;10000;11821378014;S
20241225;100135;0.737;1000;11821378015;S
20241225;100135;0.7367;1000;11821378016;S
20241225;100135;0.7364;5000;11821378017;S
20241225;100135;0.7364;220000;11821378018;S
20241225;100135;0.7362;10000;11821378019;S
20241225;100135;0.7362;70000;11821378020;S
20241225;100135;0.736;50000;11821378021;S
20241225;100135;0.736;1000;11821378022;S
20241225;100135;0.736;500000;11821378023;S
20241225;100135;0.7356;50000;11821378024;S
20241225;100135;0.7356;250000;11821378025;S
20241225;100135;0.7354;6000;11821378026;S
20241225;100135;0.7352;3000;11821378027;S
20241225;100135;0.7352;36000;11821378028;S
20241225;100135;0.7352;36000;11821378029;S
20241225;100135;0.7352;10000;11821378030;S
20241225;100135;0.7351;1000;11821378031;S
20241225;100135;0.7351;100000;11821378032;S
20241225;100135;0.7351;100000;11821378033;S
20241225;100135;0.735;53000;11821378034;S
20241225;100135;0.735;10000;11821378035;S
20241225;100135;0.735;6000;11821378036;S
20241225;100135;0.735;2000;11821378037;S
20241225;100135;0.735;5000;11821378038;S
20241225;100135;0.735;1000;11821378039;S
20241225;100135;0.735;1000;11821378040;S
20241225;100135;0.735;136000;11821378041;S
20241225;100135;0.7399;111000;11821378097;S
20241225;100135;0.739;1000;11821378120;S
20241225;100135;0.7384;1000;11821378148;S
20241225;100135;0.7379;1000;11821378149;S
20241225;100136;0.7379;9000;11821378225;S
20241225;100136;0.7369;251000;11821378226;S
20241225;100136;0.7365;1000;11821378227;S
20241225;100136;0.7364;16000;11821378228;S
20241225;100136;0.7359;3000;11821378229;B
20241225;100136;0.7399;1000;11821378230;B
20241225;100136;0.7368;22000;11821378244;B
20241225;100136;0.7364;1000;11821378296;S
20241225;100136;0.7356;1000;11821378297;S
20241225;100136;0.7356;18000;11821378298;S
20241225;100136;0.7355;1000;11821378299;S
20241225;100136;0.7355;1000;11821378300;S
20241225;100136;0.7354;108000;11821378301;S
20241225;100136;0.7354;5000;11821378302;S
20241225;100136;0.7354;25000;11821378303;S
20241225;100136;0.7381;2000;11821378323;B
20241225;100136;0.7381;1000;11821378330;B
20241225;100136;0.7355;1000;11821378331;S
20241225;100136;0.7379;150000;11821378351;B
20241225;100136;0.737;1000;11821378380;B
20241225;100136;0.7377;2000;11821378393;S
20241225;100136;0.7362;48000;11821378394;S
20241225;100136;0.7362;8000;11821378441;S
20241225;100136;0.7362;5000;11821378458;S
20241225;100137;0.7376;1000;11821378481;B
20241225;100137;0.7362;2000;11821378504;S
20241225;100137;0.7366;200000;11821378627;B
20241225;100137;0.7382;12000;11821378711;B
20241225;100138;0.738;1000;11821378824;B
20241225;100138;0.738;5000;11821378849;B
20241225;100138;0.7379;20000;11821379041;S
20241225;100138;0.7363;164000;11821379042;S
20241225;100138;0.7363;134000;11821379043;S
20241225;100138;0.7362;4000;11821379044;S
20241225;100138;0.7362;1000;11821379045;S
20241225;100138;0.7362;40000;11821379046;S
20241225;100138;0.7362;2000;11821379047;S
20241225;100138;0.7362;50000;11821379048;S
20241225;100138;0.7358;5000;11821379049;S
20241225;100138;0.7357;5000;11821379050;S
20241225;100138;0.7357;50000;11821379051;S
20241225;100138;0.7356;25000;11821379052;S
20241225;100138;0.7355;5000;11821379053;S
20241225;100138;0.7355;200000;11821379054;S
20241225;100138;0.7354;65000;11821379055;S
20241225;100138;0.7354;111000;11821379056;S
20241225;100138;0.7352;1000;11821379057;S
20241225;100138;0.7352;7000;11821379058;S
20241225;100138;0.7352;622000;11821379059;S
20241225;100138;0.7351;25000;11821379060;S
20241225;100138;0.735;64000;11821379061;S
20241225;100138;0.735;50000;11821379062;S
20241225;100138;0.735;8000;11821379063;S
20241225;100138;0.735;8000;11821379064;S
20241225;100138;0.735;2000;11821379065;S
20241225;100138;0.735;60000;11821379066;S
20241225;100138;0.735;1000;11821379067;S
20241225;100138;0.735;11000;11821379068;S
20241225;100138;0.735;1000000;11821379069;S
20241225;100138;0.7349;2000;11821379070;S
20241225;100138;0.7346;1000;11821379071;S
20241225;100138;0.7344;4000;11821379072;S
20241225;100138;0.7343;285000;11821379073;S
20241225;100138;0.7342;100000;11821379074;S
20241225;100138;0.7342;50000;11821379075;S
20241225;100138;0.7342;188000;11821379076;S
20241225;100138;0.7342;10000;11821379077;S
20241225;100138;0.7342;70000;11821379078;S
20241225;100138;0.7341;550000;11821379079;S
20241225;100138;0.7379;10000;11821379099;S
20241225;100138;0.7379;5000;11821379110;B
20241225;100139;0.7379;1000;11821379199;B
20241225;100139;0.7379;7000;11821379319;B
20241225;100139;0.7359;5000;11821379399;S
20241225;100139;0.7346;134000;11821379400;S
20241225;100139;0.7346;13000;11821379401;S
20241225;100140;0.7355;3000;11821379583;S
20241225;100140;0.7354;100000;11821379584;S
20241225;100140;0.7353;97000;11821379585;B
20241225;100140;0.7364;1000;11821379609;B
20241225;100140;0.7364;5000;11821379617;B
20241225;100141;0.7363;2000;11821379830;B
20241225;100141;0.7363;20000;11821379831;B
20241225;100141;0.7365;78000;11821379832;B
20241225;100141;0.7364;11000;11821379874;S
20241225;100141;0.7348;5000;11821379875;S
20241225;100141;0.7347;1000;11821379876;S
20241225;100141;0.7346;1000;11821379877;S
20241225;100141;0.7346;134000;11821379878;S
20241225;100141;0.7346;1000;11821379879;S
20241225;100141;0.7346;84000;11821379880;S
20241225;100141;0.7345;63000;11821379881;S
20241225;100141;0.736;1000;11821379976;S
20241225;100141;0.735;25000;11821379977;S
20241225;100141;0.7347;1000;11821379978;S
20241225;100141;0.7346;73000;11821379979;S
20241225;100142;0.7347;5000;11821380020;S
20241225;100142;0.7346;10000;11821380021;S
20241225;100142;0.7364;11000;11821380070;S
20241225;100142;0.7363;1000;11821380130;B
20241225;100142;0.7363;20000;11821380182;B
20241225;100143;0.7364;12000;11821380342;B
20241225;100143;0.7363;13000;11821380383;S
20241225;100143;0.7347;2000;11821380384;S
20241225;100143;0.7346;124000;11821380385;S
20241225;100143;0.7346;21000;11821380386;S
20241225;100143;0.7345;105000;11821380387;S
20241225;100143;0.7365;1000;11821380415;B
20241225;100144;0.7363;1000;11821380742;B
20241225;100145;0.7364;1000;11821380888;B
20241225;100145;0.7364;12000;11821380971;B
20241225;100145;0.7365;24000;11821380972;B
20241225;100145;0.7366;2000;11821380997;B
20241225;100145;0.7366;50000;11821381156;B
20241225;100146;0.7366;136000;11821381181;B
20241225;100146;0.7376;1000;11821381182;B
20241225;100146;0.738;6000;11821381183;B
20241225;100146;0.7381;200000;11821381184;B
20241225;100146;0.7382;220000;11821381185;B
20241225;100146;0.7388;37000;11821381186;B
20241225;100146;0.7364;86000;11821381215;S
20241225;100146;0.7366;2000;11821381296;S
20241225;100146;0.7387;35000;11821381299;S
20241225;100147;0.7386;1000;11821381700;B
20241225;100147;0.7387;12000;11821381701;B
20241225;100147;0.7388;13000;11821381702;B
20241225;100147;0.7389;4000;11821381703;B
20241225;100147;0.7389;1000;11821381768;B
20241225;100148;0.7374;202000;11821381865;S
20241225;100148;0.7374;134000;11821381866;S
20241225;100148;0.7373;50000;11821381867;S
20241225;100148;0.7371;30000;11821381868;S
20241225;100148;0.737;30000;11821381869;S
20241225;100148;0.737;5000;11821381870;S
20241225;100148;0.7369;881000;11821381871;S
20241225;100148;0.7368;250000;11821381872;S
20241225;100148;0.7366;500000;11821381873;S
20241225;100148;0.7366;500000;11821381874;S
20241225;100148;0.7366;20000;11821381875;S
20241225;100148;0.7364;6000;11821381876;S
20241225;100148;0.7364;5000;11821381877;S
20241225;100148;0.7364;136000;11821381878;S
20241225;100148;0.7362;251000;11821381879;S
20241225;100148;0.739;1000;11821381979;B
20241225;100150;0.7377;10000;11821382301;S
20241225;100150;0.7377;40000;11821382438;S
20241225;100150;0.7377;5000;11821382439;S
20241225;100150;0.7376;5000;11821382440;S
20241225;100150;0.7374;10000;11821382441;S
20241225;100150;0.7388;1000;11821382456;B
20241225;100150;0.7388;71000;11821382457;B
20241225;100151;0.7387;1000;11821382673;B
20241225;100152;0.7385;20000;11821382760;B
20241225;100152;0.7387;11000;11821382843;B
20241225;100152;0.7387;30000;11821382844;B
20241225;100152;0.7389;30000;11821382845;B
20241225;100152;0.739;11000;11821382846;B
20241225;100152;0.7391;6000;11821382847;B
20241225;100152;0.7395;112000;11821382848;B
20241225;100152;0.7385;1000;11821382914;B
20241225;100153;0.7377;8000;11821383052;S
20241225;100154;0.7391;1000;11821383192;B
20241225;100154;0.739;1000;11821383356;B
20241225;100154;0.7392;49000;11821383357;B
20241225;100154;0.7395;7000;11821383358;B
20241225;100154;0.7395;33000;11821383359;B
20241225;100155;0.7396;1000;11821383571;B
20241225;100155;0.7393;1000;11821383588;S
20241225;100155;0.7379;2000;11821383589;S
20241225;100156;0.739;1000;11821383703;B
20241225;100156;0.739;1000;11821383705;B
20241225;100156;0.7389;1000;11821383863;B
20241225;100157;0.739;1000;11821384030;B
20241225;100158;0.7381;4000;11821384160;S
20241225;100158;0.7381;6000;11821384161;S
20241225;100158;0.7381;1000;11821384162;S
20241225;100158;0.7388;1000;11821384215;B
20241225;100158;0.739;1000;11821384228;B
20241225;100200;0.7388;1000;11821384693;B
20241225;100200;0.7389;4000;11821384694;B
20241225;100200;0.7389;25000;11821384696;B
20241225;100200;0.7389;1000;11821384707;B
20241225;100200;0.739;1000;11821384708;B
20241225;100200;0.739;13000;11821384725;B
20241225;100200;0.739;2000;11821384803;B
20241225;100200;0.7391;65000;11821384804;B
20241225;100200;0.7384;1000;11821384875;S
20241225;100200;0.7383;1000;11821384876;S
20241225;100200;0.7382;5000;11821384877;S
20241225;100200;0.7382;24000;11821384878;S
20241225;100200;0.7381;29000;11821384879;S
20241225;100201;0.739;1000;11821385004;B
20241225;100201;0.739;1000;11821385005;B
20241225;100201;0.7389;9000;11821385008;B
20241225;100201;0.7389;15000;11821385019;B
20241225;100201;0.739;1000;11821385020;B
20241225;100201;0.739;9000;11821385026;B
20241225;100201;0.739;18000;11821385036;B
20241225;100201;0.7391;2000;11821385037;B
20241225;100201;0.7391;1000;11821385038;B
20241225;100201;0.7381;134000;11821385076;S
20241225;100201;0.7381;46000;11821385077;S
20241225;100202;0.7389;1000;11821385162;B
20241225;100202;0.7389;46000;11821385283;B
20241225;100202;0.7389;21000;11821385284;B
20241225;100202;0.7389;1000;11821385345;B
20241225;100203;0.7389;147000;11821385376;B
20241225;100203;0.7389;52000;11821385377;B
20241225;100203;0.739;1000;11821385378;B
20241225;100203;0.739;133000;11821385379;B
20241225;100203;0.7389;1000;11821385532;B
20241225;100204;0.7383;17000;11821385674;S
20241225;100204;0.7382;13000;11821385675;S
20241225;100204;0.7389;13000;11821385765;B
20241225;100204;0.739;35000;11821385766;B
20241225;100204;0.739;25000;11821385767;B
20241225;100204;0.739;50000;11821385768;B
20241225;100204;0.7392;27000;11821385769;B
20241225;100205;0.7392;73000;11821385842;B
20241225;100205;0.7392;1000;11821385843;B
20241225;100205;0.7394;28000;11821385844;B
20241225;100205;0.7394;108000;11821385854;B
20241225;100205;0.7384;50000;11821385892;S
20241225;100205;0.7382;202000;11821385893;S
20241225;100205;0.7382;134000;11821385894;S
20241225;100205;0.7381;14000;11821385895;S
20241225;100205;0.7385;24000;11821385934;S
20241225;100205;0.7382;66000;11821385935;S
20241225;100206;0.7392;1000;11821386241;B
20241225;100206;0.7392;1000;11821386242;B
20241225;100206;0.7393;44000;11821386243;B
20241225;100206;0.7393;10000;11821386246;B
20241225;100208;0.7394;2000;11821386576;B
20241225;100208;0.7394;10000;11821386613;B
20241225;100208;0.7393;1000;11821386737;B
20241225;100208;0.7394;9000;11821386738;B
20241225;100209;0.7386;1000;11821386951;S
20241225;100209;0.7384;50000;11821386952;S
20241225;100209;0.7382;27000;11821386953;S
20241225;100209;0.7382;54000;11821386954;S
20241225;100209;0.7382;2000;11821386955;S
20241225;100209;0.7381;43000;11821386956;S
20241225;100210;0.7381;7000;11821387020;S
20241225;100211;0.7391;19000;11821387340;B
20241225;100211;0.7382;19000;11821387354;S
20241225;100211;0.7381;1000;11821387355;S
20241225;100212;0.7385;5000;11821387610;S
20241225;100212;0.7381;148000;11821387611;S
20241225;100212;0.7381;1000;11821387612;S
20241225;100212;0.738;100000;11821387613;S
20241225;100212;0.738;25000;11821387614;S
20241225;100212;0.7379;7000;11821387615;S
20241225;100212;0.7379;5000;11821387616;S
20241225;100212;0.7378;9000;11821387617;S
20241225;100212;0.7382;10000;11821387653;B
20241225;100213;0.7388;1000;11821387710;B
20241225;100213;0.7387;10000;11821387854;B
20241225;100213;0.7388;10000;11821387855;B
20241225;100214;0.738;1000;11821388021;S
20241225;100214;0.7378;11000;11821388022;S
20241225;100214;0.7377;50000;11821388023;S
20241225;100214;0.7377;3000;11821388024;S
20241225;100214;0.7377;100000;11821388025;S
20241225;100214;0.7376;11000;11821388026;S
20241225;100214;0.7375;6000;11821388027;S
20241225;100214;0.7375;5000;11821388028;S
20241225;100214;0.7374;202000;11821388029;S
20241225;100214;0.7374;120000;11821388030;S
20241225;100214;0.7373;214000;11821388031;S
20241225;100214;0.7373;5000;11821388032;S
20241225;100214;0.7373;5000;11821388033;S
20241225;100214;0.737;200000;11821388034;S
20241225;100214;0.737;5000;11821388035;S
20241225;100214;0.7368;1000;11821388036;S
20241225;100214;0.7368;5000;11821388037;S
20241225;100214;0.7366;213000;11821388038;S
20241225;100214;0.7366;2000;11821388039;S
20241225;100214;0.7366;3000;11821388040;S
20241225;100214;0.7366;2000;11821388041;S
20241225;100214;0.7365;30000;11821388042;S
20241225;100214;0.7363;7000;11821388043;S
20241225;100214;0.7363;7000;11821388044;S
20241225;100214;0.7363;7000;11821388045;S
20241225;100214;0.7363;10000;11821388046;S
20241225;100214;0.7363;441000;11821388047;S
20241225;100214;0.7362;749000;11821388048;S
20241225;100214;0.7362;113000;11821388049;S
20241225;100214;0.736;20000;11821388050;S
20241225;100214;0.736;50000;11821388051;S
20241225;100214;0.736;2000;11821388052;S
20241225;100214;0.7361;30000;11821388055;S
20241225;100215;0.7382;20000;11821388140;B
20241225;100215;0.7384;116000;11821388141;B
20241225;100216;0.7379;100000;11821388429;B
20241225;100216;0.7378;1000;11821388490;B
20241225;100216;0.7379;102000;11821388491;B
20241225;100216;0.738;50000;11821388492;B
20241225;100216;0.738;60000;11821388493;S
20241225;100216;0.738;1000;11821388502;S
20241225;100216;0.7381;20000;11821388614;B
20241225;100217;0.7379;1000;11821388769;B
20241225;100217;0.738;1000;11821388770;B
20241225;100217;0.7381;3000;11821388771;B
20241225;100218;0.7381;7000;11821388979;B
20241225;100218;0.7381;43000;11821388980;B
20241225;100218;0.7381;43000;11821389031;B
20241225;100218;0.7382;107000;11821389032;B
20241225;100219;0.7382;6000;11821389072;B
20241225;100221;0.7382;13000;11821389632;S
20241225;100221;0.7385;1000;11821389668;B
20241225;100221;0.7385;99000;11821389669;B
20241225;100222;0.7386;1000;11821389837;B
20241225;100223;0.7384;1000;11821390027;B
20241225;100223;0.7386;4000;11821390028;B
20241225;100223;0.7382;7000;11821390047;S
20241225;100224;0.7385;1000;11821390162;B
20241225;100224;0.7386;4000;11821390163;B
20241225;100224;0.7382;384000;11821390210;S
20241225;100224;0.7386;5000;11821390280;B
20241225;100224;0.7386;5000;11821390334;B
20241225;100225;0.7385;1000;11821390463;B
20241225;100225;0.7386;2000;11821390523;B
20241225;100226;0.7382;20000;11821390720;S
20241225;100226;0.7385;1000;11821390741;B
20241225;100227;0.7385;20000;11821390959;B
20241225;100227;0.7386;79000;11821390960;B
20241225;100227;0.7388;134000;11821390961;B
20241225;100227;0.7389;136000;11821390962;B
20241225;100227;0.7389;131000;11821390963;B
20241225;100228;0.7386;50000;11821390990;B
20241225;100229;0.7386;125000;11821391231;B
20241225;100229;0.7386;20000;11821391292;B
20241225;100229;0.7386;67000;11821391309;B
20241225;100229;0.7386;98000;11821391336;B
20241225;100229;0.7383;134000;11821391362;S
20241225;100229;0.7383;202000;11821391363;S
20241225;100229;0.7383;120000;11821391364;S
20241225;100229;0.7382;76000;11821391365;S
20241225;100229;0.7382;13000;11821391366;S
20241225;100229;0.7382;14000;11821391367;S
20241225;100229;0.7382;1000;11821391368;S
20241225;100229;0.7381;6000;11821391369;S
20241225;100229;0.7381;434000;11821391370;S
20241225;100230;0.7387;15000;11821391477;B
20241225;100232;0.7384;1000;11821391904;B
20241225;100232;0.7385;4000;11821391905;B
20241225;100232;0.7381;300000;11821391933;S
20241225;100232;0.7384;120000;11821391935;B
20241225;100232;0.7385;80000;11821391936;B
20241225;100232;0.7385;1000;11821391943;B
20241225;100234;0.7382;9000;11821392406;S
20241225;100234;0.7385;1000;11821392413;B
20241225;100235;0.7382;1000;11821392734;S
20241225;100235;0.7381;266000;11821392735;S
20241225;100235;0.738;1000;11821392859;B
20241225;100236;0.7378;10000;11821392924;S
20241225;100236;0.7378;1000;11821392925;S
20241225;100236;0.7378;51000;11821392926;S
20241225;100238;0.738;2000;11821393215;S
20241225;100238;0.7381;150000;11821393221;B
20241225;100240;0.738;5000;11821393602;B
20241225;100240;0.738;45000;11821393603;B
20241225;100240;0.7381;1000;11821393716;B
20241225;100242;0.7378;19000;11821394004;S
20241225;100242;0.7368;20000;11821394005;S
20241225;100242;0.7367;46000;11821394006;S
20241225;100242;0.7367;15000;11821394007;S
20241225;100242;0.7366;5000;11821394008;S
20241225;100242;0.7366;20000;11821394009;S
20241225;100242;0.738;5000;11821394089;B
20241225;100242;0.738;40000;11821394104;B
20241225;100245;0.7367;45000;11821394662;S
20241225;100245;0.7366;20000;11821394663;S
20241225;100246;0.7376;1000;11821394831;B
20241225;100246;0.7377;13000;11821394873;B
20241225;100247;0.7377;2000;11821394918;B
20241225;100247;0.7377;4000;11821394933;B
20241225;100247;0.7377;15000;11821394941;B
20241225;100247;0.7377;16000;11821394943;B
20241225;100247;0.7377;1000;11821394962;B
20241225;100248;0.7366;10000;11821395125;S
20241225;100248;0.7365;10000;11821395126;S
20241225;100248;0.7365;200000;11821395127;S
20241225;100248;0.7362;202000;11821395128;S
20241225;100248;0.7362;1000;11821395129;S
20241225;100248;0.7361;17000;11821395130;S
20241225;100248;0.7361;13000;11821395136;S
20241225;100249;0.7375;50000;11821395246;B
20241225;100252;0.7366;89000;11821395803;B
20241225;100254;0.7373;1000;11821396138;B
20241225;100254;0.7366;5000;11821396146;S
20241225;100255;0.7374;20000;11821396308;B
20241225;100255;0.7375;20000;11821396309;B
20241225;100255;0.7368;1000;11821396310;S
20241225;100255;0.7366;69000;11821396311;S
20241225;100255;0.7375;4000;11821396357;B
20241225;100256;0.7373;2000;11821396371;S
20241225;100256;0.7374;3000;11821396503;B
20241225;100259;0.7374;10000;11821397052;B
20241225;100259;0.7367;4000;11821397080;S
20241225;100300;0.7374;7000;11821397123;B
20241225;100300;0.7374;1000;11821397124;B
20241225;100300;0.7375;92000;11821397125;B
20241225;100301;0.7368;1000;11821397433;S
20241225;100301;0.7367;1000;11821397434;S
20241225;100301;0.7366;10000;11821397435;S
20241225;100303;0.737;50000;11821397885;S
20241225;100303;0.7366;27000;11821397886;S
20241225;100303;0.7366;1000;11821397887;S
20241225;100303;0.7363;1000;11821397888;S
20241225;100303;0.7363;1000;11821397889;S
20241225;100303;0.7362;20000;11821397890;S
20241225;100303;0.7362;1000;11821397891;S
20241225;100303;0.7362;5000;11821397892;S
20241225;100303;0.736;18000;11821397893;S
20241225;100303;0.736;5000;11821397894;S
20241225;100303;0.736;10000;11821397895;S
20241225;100303;0.736;1000;11821397896;S
20241225;100303;0.736;1000;11821397897;S
20241225;100303;0.7359;34000;11821397898;S
20241225;100303;0.737;2000;11821397947;S
20241225;100303;0.7359;5000;11821397948;S
20241225;100303;0.7358;132000;11821397949;S
20241225;100303;0.7357;20000;11821397950;S
20241225;100303;0.7356;51000;11821397951;S
20241225;100303;0.7356;120000;11821397952;S
20241225;100303;0.7355;3000;11821397953;S
20241225;100304;0.7367;1000;11821398015;S
20241225;100304;0.7355;2000;11821398016;S
20241225;100304;0.7355;3000;11821398022;S
20241225;100304;0.7355;3000;11821398028;S
20241225;100304;0.7355;3000;11821398039;S
20241225;100304;0.7367;1000;11821398209;B
20241225;100304;0.7368;9000;11821398210;B
20241225;100306;0.7367;1000;11821398364;B
20241225;100307;0.737;20000;11821398634;B
20241225;100307;0.7372;39000;11821398635;B
20241225;100307;0.7373;41000;11821398636;B
20241225;100309;0.737;213000;11821398863;S
20241225;100310;0.737;1000;11821399024;B
20241225;100310;0.7363;1000;11821399027;S
20241225;100310;0.7362;1000;11821399028;S
20241225;100310;0.7362;33000;11821399029;S
20241225;100310;0.7361;50000;11821399030;S
20241225;100310;0.7361;20000;11821399031;S
20241225;100310;0.736;7000;11821399032;S
20241225;100310;0.736;1100000;11821399033;S
20241225;100310;0.736;100000;11821399034;S
20241225;100310;0.7356;20000;11821399035;S
20241225;100310;0.7355;56000;11821399036;S
20241225;100310;0.7354;50000;11821399037;S
20241225;100310;0.7353;10000;11821399038;S
20241225;100310;0.7353;6000;11821399039;S
20241225;100310;0.7352;7000;11821399040;S
20241225;100310;0.7352;5000;11821399041;S
20241225;100310;0.7352;5000;11821399042;S
20241225;100310;0.7352;5000;11821399043;S
20241225;100310;0.735;1000;11821399044;S
20241225;100310;0.735;111000;11821399045;S
20241225;100310;0.735;1000;11821399046;S
20241225;100310;0.735;8000;11821399047;S
20241225;100310;0.735;1000;11821399048;S
20241225;100310;0.735;25000;11821399049;S
20241225;100310;0.735;213000;11821399050;S
20241225;100310;0.735;2000;11821399051;S
20241225;100310;0.735;1000;11821399052;S
20241225;100310;0.735;1000;11821399053;S
20241225;100310;0.7349;7000;11821399054;S
20241225;100310;0.7349;2000;11821399055;S
20241225;100310;0.7348;1000;11821399056;S
20241225;100310;0.7347;150000;11821399057;S
20241225;100310;0.7346;2000;11821399074;S
20241225;100310;0.7346;5000;11821399092;S
20241225;100310;0.7346;7000;11821399093;S
20241225;100310;0.7346;7000;11821399094;S
20241225;100310;0.7346;48000;11821399095;S
20241225;100310;0.7364;1000;11821399237;S
20241225;100312;0.7363;20000;11821399471;B
20241225;100312;0.7363;20000;11821399472;B
20241225;100312;0.7364;10000;11821399473;B
20241225;100312;0.7359;1000;11821399646;B
20241225;100312;0.7359;50000;11821399659;B
20241225;100312;0.7359;6000;11821399683;B
20241225;100312;0.7359;1000;11821399709;B
20241225;100313;0.7349;1000;11821399884;S
20241225;100314;0.7357;1000;11821400057;B
20241225;100314;0.7359;79000;11821400058;B
20241225;100314;0.7359;50000;11821400062;B
20241225;100316;0.7359;2000;11821400468;B
20241225;100317;0.736;13000;11821400497;B
20241225;100317;0.736;100000;11821400558;B
20241225;100317;0.736;13000;11821400598;B
20241225;100318;0.736;13000;11821400726;B
20241225;100318;0.736;13000;11821400848;B
20241225;100318;0.736;13000;11821400984;B
20241225;100319;0.736;40000;11821401039;B
20241225;100319;0.736;45000;11821401043;B
20241225;100319;0.7365;1000;11821401058;B
20241225;100319;0.7369;2000;11821401182;B
20241225;100319;0.737;3000;11821401183;B
20241225;100320;0.737;2000;11821401200;B
20241225;100320;0.7366;13000;11821401303;S
20241225;100320;0.7361;31000;11821401304;S
20241225;100320;0.7361;158000;11821401322;S
20241225;100320;0.736;455000;11821401323;S
20241225;100320;0.7355;100000;11821401324;S
20241225;100320;0.7351;1000;11821401325;S
20241225;100320;0.735;1000;11821401326;S
20241225;100320;0.735;3000;11821401327;S
20241225;100320;0.7348;30000;11821401328;S
20241225;100320;0.7347;10000;11821401329;S
20241225;100320;0.7347;20000;11821401330;S
20241225;100320;0.7346;2000;11821401331;S
20241225;100320;0.7346;4000;11821401332;S
20241225;100320;0.7346;4000;11821401333;S
20241225;100320;0.7346;4000;11821401334;S
20241225;100320;0.7346;3000;11821401335;S
20241225;100320;0.7346;3000;11821401336;S
20241225;100320;0.7346;3000;11821401337;S
20241225;100320;0.7346;3000;11821401338;S
20241225;100320;0.7346;3000;11821401339;S
20241225;100320;0.7346;1000;11821401340;S
20241225;100320;0.7346;1000;11821401341;S
20241225;100320;0.7346;1000;11821401342;S
20241225;100320;0.7346;130000;11821401343;S
20241225;100320;0.7346;1000;11821401344;S
20241225;100320;0.7345;130000;11821401345;S
20241225;100320;0.7345;100000;11821401346;S
20241225;100320;0.7345;2000;11821401347;S
20241225;100320;0.7345;150000;11821401348;S
20241225;100320;0.7345;40000;11821401349;S
20241225;100320;0.7344;2000;11821401350;S
20241225;100320;0.7344;1000;11821401351;S
20241225;100320;0.7344;10000;11821401352;S
20241225;100320;0.7344;50000;11821401353;S
20241225;100320;0.7344;150000;11821401354;S
20241225;100320;0.7342;67000;11821401355;S
20241225;100320;0.7342;20000;11821401356;S
20241225;100320;0.7342;20000;11821401357;S
20241225;100320;0.7342;50000;11821401358;S
20241225;100320;0.7342;25000;11821401359;S
20241225;100320;0.7341;6000;11821401360;S
20241225;100320;0.7341;60000;11821401361;S
20241225;100320;0.7341;111000;11821401362;S
20241225;100320;0.7341;4000;11821401363;S
20241225;100320;0.734;25000;11821401364;S
20241225;100320;0.7339;20000;11821401365;S
20241225;100320;0.7338;16000;11821401366;S
20241225;100320;0.734;1000;11821401432;S
20241225;100320;0.734;5000;11821401464;S
20241225;100321;0.7359;202000;11821401657;B
20241225;100321;0.7359;123000;11821401658;B
20241225;100322;0.7347;100000;11821401795;B
20241225;100322;0.7357;1000;11821401796;B
20241225;100324;0.7356;3000;11821402018;B
20241225;100324;0.7357;9000;11821402019;B
20241225;100324;0.7357;20000;11821402020;B
20241225;100324;0.7358;20000;11821402021;B
20241225;100324;0.7358;1000;11821402022;B
20241225;100324;0.7359;72000;11821402023;B
20241225;100324;0.7344;5000;11821402176;S
20241225;100324;0.7343;3000;11821402177;S
20241225;100324;0.7343;20000;11821402178;S
20241225;100324;0.7342;5000;11821402179;S
20241225;100324;0.7341;17000;11821402180;S
20241225;100324;0.7358;20000;11821402200;B
20241225;100324;0.7359;7000;11821402201;B
20241225;100324;0.7359;46000;11821402202;B
20241225;100324;0.736;1000;11821402203;B
20241225;100324;0.736;133000;11821402204;B
20241225;100324;0.7363;30000;11821402205;B
20241225;100324;0.7365;120000;11821402206;B
20241225;100324;0.7366;23000;11821402207;B
20241225;100325;0.7357;1000;11821402269;S
20241225;100326;0.7355;1000;11821402546;B
20241225;100327;0.7348;1000;11821402559;S
20241225;100327;0.7348;49000;11821402560;S
20241225;100327;0.735;8000;11821402582;B
20241225;100327;0.7357;4000;11821402670;B
20241225;100327;0.736;1000;11821402671;B
20241225;100328;0.736;1000;11821402825;B
20241225;100328;0.7354;1000;11821402893;B
20241225;100329;0.7352;3000;11821402999;S
20241225;100330;0.7349;1000;11821403211;S
20241225;100330;0.7359;1000;11821403268;B
20241225;100330;0.736;3000;11821403269;B
20241225;100330;0.7362;5000;11821403270;B
20241225;100331;0.7349;2000;11821403294;S
20241225;100331;0.7367;49000;11821403369;B
20241225;100331;0.7368;1000;11821403370;B
20241225;100332;0.7349;2000;11821403657;S
20241225;100332;0.7356;2000;11821403677;B
20241225;100332;0.7356;198000;11821403693;B
20241225;100332;0.7366;149000;11821403694;B
20241225;100333;0.735;2000;11821403748;S
20241225;100333;0.735;1000;11821403749;S
20241225;100333;0.735;5000;11821403750;S
20241225;100333;0.735;20000;11821403751;S
20241225;100333;0.7349;5000;11821403752;S
20241225;100333;0.7349;3000;11821403753;S
20241225;100333;0.7346;202000;11821403754;S
20241225;100333;0.7346;202000;11821403755;S
20241225;100333;0.7345;120000;11821403756;S
20241225;100333;0.7343;5000;11821403757;S
20241225;100333;0.7341;20000;11821403758;S
20241225;100333;0.734;1000;11821403759;S
20241225;100333;0.734;15000;11821403760;S
20241225;100333;0.7339;2000;11821403761;S
20241225;100333;0.7339;3000;11821403762;S
20241225;100333;0.7339;57000;11821403763;S
20241225;100333;0.7338;136000;11821403764;S
20241225;100333;0.7338;200000;11821403765;S
20241225;100333;0.7338;1000;11821403766;S
20241225;100333;0.736;50000;11821403772;B
20241225;100333;0.7359;1000;11821403804;B
20241225;100334;0.7359;1000;11821403831;B
20241225;100334;0.734;1000;11821404020;S
20241225;100334;0.7339;3000;11821404021;S
20241225;100334;0.7353;5000;11821404060;B
20241225;100334;0.7355;3000;11821404061;B
20241225;100334;0.7355;57000;11821404062;B
20241225;100335;0.7355;2000;11821404071;B
20241225;100335;0.7355;96000;11821404141;B
20241225;100335;0.7355;202000;11821404142;B
20241225;100335;0.7355;134000;11821404143;B
20241225;100335;0.7356;1000;11821404149;B
20241225;100335;0.7356;19000;11821404169;B
20241225;100335;0.7356;200000;11821404170;B
20241225;100335;0.7356;19000;11821404171;B
20241225;100336;0.7357;3000;11821404421;B
20241225;100336;0.7357;150000;11821404422;B
20241225;100336;0.7361;60000;11821404423;B
20241225;100337;0.7366;1000;11821404522;B
20241225;100337;0.7366;15000;11821404523;B
20241225;100337;0.7368;16000;11821404524;B
20241225;100337;0.7367;10000;11821404574;S
20241225;100338;0.7368;2000;11821404623;B
20241225;100339;0.7368;26000;11821404886;B
20241225;100339;0.7369;20000;11821404887;B
20241225;100339;0.7369;2000;11821404888;B
20241225;100339;0.737;100000;11821404889;B
20241225;100339;0.7372;120000;11821404890;B
20241225;100339;0.7373;81000;11821404891;B
20241225;100339;0.7374;20000;11821404892;B
20241225;100339;0.7374;45000;11821404893;B
20241225;100339;0.7375;86000;11821404894;B
20241225;100339;0.7374;1000;11821405066;B
20241225;100339;0.7375;44000;11821405067;B
20241225;100339;0.7375;110000;11821405068;B
20241225;100340;0.7369;1000;11821405138;S
20241225;100340;0.7375;1000;11821405254;B
20241225;100341;0.7371;4000;11821405368;S
20241225;100342;0.7374;1000;11821405642;B
20241225;100342;0.7371;50000;11821405651;S
20241225;100342;0.737;1000;11821405652;S
20241225;100342;0.7369;7000;11821405653;S
20241225;100342;0.7368;50000;11821405654;S
20241225;100342;0.7368;37000;11821405655;S
20241225;100342;0.7373;10000;11821405668;B
20241225;100343;0.7371;1000;11821405801;S
20241225;100344;0.7374;1000;11821405930;B
20241225;100344;0.7375;10000;11821405931;B
20241225;100344;0.7368;13000;11821406004;S
20241225;100344;0.7364;1000;11821406005;S
20241225;100344;0.7363;16000;11821406006;S
20241225;100344;0.7363;1000;11821406027;S
20241225;100345;0.7363;150000;11821406044;S
20241225;100345;0.7373;1000;11821406145;B
20241225;100345;0.7373;14000;11821406146;B
20241225;100346;0.7372;6000;11821406364;S
20241225;100346;0.7373;5000;11821406403;B
20241225;100346;0.7373;5000;11821406441;B
20241225;100346;0.7373;1000;11821406442;B
20241225;100346;0.7374;6000;11821406443;B
20241225;100348;0.7371;3000;11821406863;S
20241225;100348;0.7368;1000;11821406864;S
20241225;100348;0.7368;300000;11821406865;S
20241225;100348;0.7367;52000;11821406866;S
20241225;100348;0.7365;1000;11821406867;S
20241225;100348;0.7363;202000;11821406868;S
20241225;100348;0.7362;135000;11821406869;S
20241225;100348;0.736;1000;11821406870;S
20241225;100348;0.7358;41000;11821406871;S
20241225;100348;0.7358;101000;11821406872;S
20241225;100348;0.7371;16000;11821406886;S
20241225;100349;0.7358;5000;11821407181;S
20241225;100349;0.7371;3000;11821407215;B
20241225;100350;0.737;1000;11821407458;B
20241225;100350;0.7371;3000;11821407459;B
20241225;100352;0.7369;1000;11821407843;B
20241225;100352;0.7369;69000;11821407844;B
20241225;100354;0.737;10000;11821408129;B
20241225;100355;0.7369;15000;11821408479;B
20241225;100357;0.7369;2000;11821408861;B
20241225;100359;0.7369;1000;11821409536;B
20241225;100402;0.7362;1000;11821410228;S
20241225;100402;0.7359;5000;11821410229;S
20241225;100402;0.7359;2000;11821410230;S
20241225;100403;0.7368;1000;11821410563;B
20241225;100403;0.7369;14000;11821410564;B
20241225;100404;0.7369;1000;11821410596;B
20241225;100404;0.7369;15000;11821410652;B
20241225;100404;0.737;72000;11821410653;B
20241225;100404;0.737;12000;11821410654;B
20241225;100404;0.7372;20000;11821410655;B
20241225;100404;0.7372;6000;11821410656;B
20241225;100404;0.7373;1000;11821410657;B
20241225;100404;0.7374;24000;11821410658;B
20241225;100404;0.7364;2000;11821410792;S
20241225;100405;0.7364;24000;11821410800;S
20241225;100405;0.7364;10000;11821410801;S
20241225;100405;0.7363;66000;11821410802;S
20241225;100405;0.7363;3000;11821410809;S
20241225;100405;0.7362;140000;11821410810;S
20241225;100405;0.7361;9000;11821410811;S
20241225;100405;0.7361;1000;11821410899;B
20241225;100405;0.7361;10000;11821410981;B
20241225;100407;0.7357;2000;11821411395;S
20241225;100407;0.7357;24000;11821411396;S
20241225;100407;0.7357;20000;11821411397;S
20241225;100407;0.7357;120000;11821411398;S
20241225;100407;0.7356;18000;11821411399;S
20241225;100407;0.7361;1000;11821411423;B
20241225;100408;0.7361;2000;11821411547;B
20241225;100409;0.7361;15000;11821411757;B
20241225;100409;0.7356;12000;11821411786;S
20241225;100409;0.7356;31000;11821411787;S
20241225;100409;0.7355;380000;11821411788;S
20241225;100410;0.736;202000;11821411964;B
20241225;100410;0.7361;142000;11821411965;B
20241225;100410;0.7361;1000;11821412224;B
20241225;100412;0.7361;703000;11821412392;B
20241225;100412;0.736;29000;11821412530;S
20241225;100412;0.737;4000;11821412639;B
20241225;100412;0.7372;2000;11821412640;B
20241225;100412;0.7372;120000;11821412641;B
20241225;100412;0.7372;20000;11821412642;B
20241225;100412;0.7373;202000;11821412643;B
20241225;100412;0.7374;30000;11821412644;B
20241225;100414;0.737;3000;11821413046;B
20241225;100414;0.7374;2000;11821413047;B
20241225;100415;0.7368;1000;11821413215;S
20241225;100415;0.7367;1000;11821413216;S
20241225;100415;0.7365;3000;11821413217;S
20241225;100415;0.737;1000;11821413225;S
20241225;100418;0.7369;2000;11821414073;B
20241225;100418;0.7366;10000;11821414203;S
20241225;100418;0.7365;24000;11821414204;S
20241225;100418;0.7364;54000;11821414205;S
20241225;100418;0.7363;62000;11821414206;S
20241225;100418;0.7363;5000;11821414218;S
20241225;100419;0.7369;1000;11821414431;B
20241225;100421;0.7364;1000;11821414784;S
20241225;100421;0.7363;19000;11821414785;S
20241225;100422;0.7368;1000;11821414970;B
20241225;100422;0.7369;55000;11821414981;B
20241225;100422;0.7368;47000;11821414993;S
20241225;100423;0.7369;41000;11821415135;B
20241225;100423;0.7369;48000;11821415136;B
20241225;100423;0.737;7000;11821415137;B
20241225;100423;0.7373;4000;11821415138;B
20241225;100424;0.7373;30000;11821415251;B
20241225;100426;0.7368;3000;11821415777;S
20241225;100427;0.7371;10000;11821415799;B
20241225;100427;0.7372;1000;11821415800;B
20241225;100427;0.7372;1000;11821415801;B
20241225;100427;0.7373;55000;11821415802;B
20241225;100427;0.7374;133000;11821415803;B
20241225;100428;0.7374;10000;11821416068;B
20241225;100429;0.7374;50000;11821416297;B
20241225;100429;0.7374;100000;11821416331;B
20241225;100430;0.7374;10000;11821416588;B
20241225;100431;0.737;1000;11821416727;S
20241225;100431;0.737;1000;11821416728;S
20241225;100431;0.7369;202000;11821416729;S
20241225;100431;0.7368;66000;11821416730;S
20241225;100431;0.7373;2000;11821416775;B
20241225;100431;0.7373;1000;11821416780;B
20241225;100432;0.7373;6000;11821417024;B
20241225;100433;0.7369;1000;11821417189;S
20241225;100435;0.7372;1000;11821417512;B
20241225;100435;0.7373;79000;11821417513;B
20241225;100435;0.7373;1000;11821417632;B
20241225;100436;0.7373;1000;11821417807;B
20241225;100436;0.7373;10000;11821417893;B
20241225;100436;0.7374;165000;11821417894;B
20241225;100436;0.7374;6000;11821417895;B
20241225;100437;0.7374;119000;11821417964;S
20241225;100437;0.7372;4000;11821417965;S
20241225;100437;0.737;77000;11821417966;B
20241225;100438;0.737;20000;11821418054;B
20241225;100438;0.737;5000;11821418284;B
20241225;100438;0.737;1000;11821418305;B
20241225;100440;0.737;31000;11821418444;B
20241225;100440;0.737;1000;11821418506;B
20241225;100440;0.737;20000;11821418510;B
20241225;100440;0.737;10000;11821418631;B
20241225;100440;0.737;10000;11821418662;B
20241225;100440;0.737;2000;11821418664;B
20241225;100441;0.737;50000;11821418762;B
20241225;100442;0.737;50000;11821418850;B
20241225;100442;0.7369;20000;11821418912;S
20241225;100443;0.737;4000;11821419129;B
20241225;100443;0.737;96000;11821419130;B
20241225;100444;0.737;800000;11821419268;B
20241225;100444;0.737;100000;11821419322;B
20241225;100445;0.737;100000;11821419620;B
20241225;100445;0.737;10000;11821419641;B
20241225;100446;0.737;2000;11821419769;B
20241225;100446;0.737;88000;11821419921;B
20241225;100446;0.737;10000;11821419922;B
20241225;100447;0.737;1000;11821420056;B
20241225;100447;0.737;19000;11821420057;B
20241225;100447;0.737;100000;11821420058;B
20241225;100447;0.737;1000;11821420157;B
20241225;100448;0.737;1000;11821420239;B
20241225;100450;0.737;98000;11821420625;B
20241225;100450;0.737;36000;11821420712;B
20241225;100450;0.737;30000;11821420790;B
20241225;100450;0.737;4000;11821420791;B
20241225;100450;0.737;30000;11821420822;B
20241225;100450;0.737;3000;11821420823;B
20241225;100451;0.737;347000;11821420912;B
20241225;100451;0.737;100000;11821420913;B
20241225;100452;0.737;50000;11821421044;B
20241225;100452;0.737;49000;11821421051;B
20241225;100452;0.7369;150000;11821421086;B
20241225;100453;0.737;3000;11821421203;B
20241225;100454;0.737;7000;11821421437;B
20241225;100454;0.737;2000;11821421445;B
20241225;100454;0.737;100000;11821421472;B
20241225;100455;0.737;100000;11821421639;B
20241225;100455;0.737;1000;11821421716;B
20241225;100456;0.737;5000;11821421788;B
20241225;100456;0.737;550000;11821421844;B
20241225;100456;0.737;33000;11821421849;B
20241225;100457;0.737;1000;11821421957;B
20241225;100457;0.7369;5000;11821422023;S
20241225;100457;0.737;230000;11821422038;B
20241225;100457;0.737;20000;11821422039;B
20241225;100457;0.737;69000;11821422040;B
20241225;100458;0.737;13000;11821422180;B
20241225;100459;0.737;87000;11821422299;B
20241225;100500;0.737;100000;11821422576;B
20241225;100500;0.737;286000;11821422577;B
20241225;100500;0.737;4000;11821422725;B
20241225;100500;0.737;10000;11821422755;B
20241225;100501;0.737;100000;11821422835;B
20241225;100501;0.737;33000;11821422920;B
20241225;100502;0.737;10000;11821422934;B
20241225;100502;0.7369;25000;11821423002;S
20241225;100502;0.7368;15000;11821423003;S
20241225;100504;0.737;1000;11821423324;B
20241225;100504;0.737;2000;11821423485;B
20241225;100504;0.737;54000;11821423536;B
20241225;100504;0.737;6000;11821423537;B
20241225;100505;0.7369;24000;11821423603;S
20241225;100505;0.7368;68000;11821423604;S
20241225;100505;0.7368;2000;11821423605;S
20241225;100505;0.7368;6000;11821423606;S
20241225;100505;0.7368;1000;11821423616;S
20241225;100507;0.737;4000;11821424066;B
20241225;100507;0.737;5000;11821424067;B
20241225;100508;0.737;4000;11821424166;B
20241225;100510;0.737;109000;11821424560;B
20241225;100510;0.737;60000;11821424561;B
20241225;100511;0.737;20000;11821424885;B
20241225;100512;0.737;962000;11821425195;B
20241225;100512;0.7372;40000;11821425197;B
20241225;100512;0.7372;150000;11821425202;B
20241225;100514;0.7371;150000;11821425516;B
20241225;100514;0.7372;10000;11821425517;B
20241225;100514;0.7372;22000;11821425518;B
20241225;100514;0.7373;268000;11821425519;B
20241225;100514;0.737;38000;11821425593;S
20241225;100514;0.737;4000;11821425594;S
20241225;100514;0.737;20000;11821425595;S
20241225;100514;0.7368;38000;11821425596;S
20241225;100514;0.7372;113000;11821425597;B
20241225;100514;0.7373;152000;11821425598;B
20241225;100515;0.737;25000;11821425732;B
20241225;100515;0.737;25000;11821425733;B
20241225;100515;0.7371;22000;11821425734;B
20241225;100515;0.7373;80000;11821425735;B
20241225;100515;0.7374;300000;11821425736;B
20241225;100515;0.7375;448000;11821425737;B
20241225;100515;0.7375;3000;11821425858;B
20241225;100517;0.7375;298000;11821426289;B
20241225;100517;0.7376;24000;11821426290;B
20241225;100517;0.7378;10000;11821426291;B
20241225;100517;0.7378;300000;11821426292;B
20241225;100517;0.738;20000;11821426293;B
20241225;100517;0.738;10000;11821426294;B
20241225;100517;0.738;500000;11821426295;B
20241225;100517;0.738;7000;11821426296;B
20241225;100517;0.738;831000;11821426297;B
20241225;100517;0.738;169000;11821426298;B
20241225;100517;0.7374;21000;11821426324;S
20241225;100517;0.7374;4000;11821426325;B
20241225;100518;0.7373;1000;11821426357;S
20241225;100518;0.7374;25000;11821426507;B
20241225;100519;0.7373;1000;11821426659;S
20241225;100523;0.738;1000;11821427377;B
20241225;100524;0.7376;1000;11821427728;S
20241225;100524;0.7375;9000;11821427729;S
20241225;100524;0.7375;13000;11821427730;S
20241225;100524;0.7374;49000;11821427731;S
20241225;100524;0.7373;28000;11821427732;S
20241225;100525;0.7373;1000;11821427975;S
20241225;100526;0.7375;10000;11821428040;B
20241225;100527;0.7375;1000;11821428325;B
20241225;100528;0.7375;5000;11821428432;B
20241225;100529;0.7374;2000;11821428874;S
20241225;100530;0.7375;9000;11821428895;B
20241225;100530;0.7377;9000;11821428896;B
20241225;100530;0.7377;16000;11821429126;B
20241225;100530;0.738;49000;11821429127;B
20241225;100530;0.7382;25000;11821429128;B
20241225;100530;0.7382;2000;11821429129;B
20241225;100530;0.7382;24000;11821429130;B
20241225;100530;0.7382;53000;11821429131;S
20241225;100532;0.7376;100000;11821429553;S
20241225;100534;0.7382;100000;11821429814;B
20241225;100534;0.7383;150000;11821429815;B
20241225;100534;0.7383;2000;11821429899;B
20241225;100534;0.7383;5000;11821429946;B
20241225;100536;0.7375;40000;11821430256;S
20241225;100537;0.7375;1000;11821430528;S
20241225;100538;0.7377;1000;11821430606;S
20241225;100538;0.7375;9000;11821430607;S
20241225;100539;0.738;1000;11821430902;B
20241225;100539;0.738;4000;11821430903;B
20241225;100540;0.7375;5000;11821430966;S
20241225;100540;0.7379;1000;11821431130;B
20241225;100543;0.738;36000;11821431633;B
20241225;100543;0.738;133000;11821431634;B
20241225;100543;0.738;200000;11821431684;B
20241225;100543;0.738;10000;11821431703;B
20241225;100543;0.738;100000;11821431720;B
20241225;100543;0.738;10000;11821431724;B
20241225;100544;0.738;100000;11821432152;B
20241225;100548;0.738;12000;11821432741;B
20241225;100548;0.7381;135000;11821432742;B
20241225;100548;0.7381;9000;11821432743;B
20241225;100548;0.7383;55000;11821432744;B
20241225;100548;0.7385;110000;11821432745;B
20241225;100548;0.7386;3000;11821432746;B
20241225;100548;0.7386;2000;11821432747;B
20241225;100548;0.7387;272000;11821432748;B
20241225;100548;0.7387;111000;11821432749;B
20241225;100548;0.7388;25000;11821432750;B
20241225;100548;0.739;100000;11821432751;B
20241225;100548;0.739;4000;11821432752;B
20241225;100548;0.739;2000;11821432753;B
20241225;100548;0.7394;4000;11821432754;B
20241225;100548;0.7394;29000;11821432755;B
20241225;100548;0.7395;22000;11821432756;B
20241225;100548;0.7396;2000;11821432757;B
20241225;100548;0.7397;303000;11821432758;B
20241225;100549;0.7388;2000;11821433065;S
20241225;100550;0.7388;22000;11821433359;S
20241225;100550;0.7387;51000;11821433360;S
20241225;100550;0.7386;250000;11821433361;S
20241225;100550;0.7385;2000;11821433362;S
20241225;100550;0.7384;1000;11821433363;S
20241225;100550;0.7382;70000;11821433364;S
20241225;100550;0.7381;104000;11821433365;S
20241225;100551;0.7395;1000;11821433407;B
20241225;100553;0.7383;1000;11821433760;S
20241225;100553;0.7383;201000;11821433926;S
20241225;100553;0.7382;202000;11821433927;S
20241225;100553;0.7382;51000;11821433928;S
20241225;100553;0.7382;250000;11821433929;S
20241225;100553;0.7381;161000;11821433930;S
20241225;100553;0.7377;120000;11821433931;S
20241225;100553;0.7377;20000;11821433932;S
20241225;100553;0.7376;10000;11821433933;S
20241225;100553;0.7376;30000;11821433934;S
20241225;100553;0.7375;1000;11821433935;S
20241225;100553;0.7375;1000;11821433936;S
20241225;100553;0.7375;2000;11821433937;S
20241225;100553;0.7375;2000;11821433938;S
20241225;100553;0.7374;18000;11821433939;S
20241225;100553;0.7374;3000;11821433940;S
20241225;100553;0.7374;25000;11821433941;S
20241225;100553;0.7374;1000;11821433942;S
20241225;100553;0.7374;10000;11821433943;S
20241225;100553;0.7374;10000;11821433944;S
20241225;100553;0.7373;1000;11821433945;S
20241225;100553;0.7373;1000;11821433946;S
20241225;100553;0.7372;50000;11821433947;S
20241225;100553;0.7371;1000;11821433948;S
20241225;100553;0.7371;25000;11821433949;S
20241225;100553;0.7371;28000;11821433950;S
20241225;100553;0.737;1000;11821433951;S
20241225;100553;0.737;20000;11821433952;S
20241225;100553;0.737;10000;11821433953;S
20241225;100553;0.737;250000;11821433954;S
20241225;100553;0.7369;495000;11821433955;S
20241225;100555;0.7378;1000;11821434335;B
20241225;100557;0.7378;23000;11821434718;B
20241225;100557;0.7379;2000;11821434719;B
20241225;100558;0.7371;2000;11821435028;S
20241225;100558;0.737;50000;11821435029;S
20241225;100558;0.7369;5000;11821435030;S
20241225;100558;0.7369;16000;11821435031;S
20241225;100559;0.7377;58000;11821435064;B
20241225;100559;0.7379;90000;11821435065;B
20241225;100601;0.7377;30000;11821435510;B
20241225;100601;0.7379;10000;11821435511;B
20241225;100601;0.7379;57000;11821435512;B
20241225;100601;0.738;20000;11821435513;B
20241225;100601;0.738;73000;11821435514;S
20241225;100602;0.7375;3000;11821435590;B
20241225;100602;0.7375;1000;11821435797;B
20241225;100603;0.7374;1000;11821436066;B
20241225;100603;0.7374;99000;11821436067;B
20241225;100605;0.7374;1000;11821436457;B
20241225;100605;0.7375;1000;11821436499;B
20241225;100605;0.7375;2000;11821436521;B
20241225;100606;0.7375;1000;11821436684;B
20241225;100606;0.7375;60000;11821436708;B
20241225;100607;0.7374;163000;11821436879;S
20241225;100608;0.7374;25000;11821436999;S
20241225;100608;0.7375;10000;11821437062;B
20241225;100609;0.7374;76000;11821437383;S
20241225;100609;0.7373;37000;11821437384;S
20241225;100609;0.7371;1000;11821437385;S
20241225;100609;0.737;242000;11821437386;S
20241225;100609;0.7375;265000;11821437425;B
20241225;100610;0.737;250000;11821437502;S
20241225;100610;0.737;250000;11821437636;S
20241225;100610;0.737;129000;11821437637;S
20241225;100610;0.737;6000;11821437638;S
20241225;100611;0.7374;1000;11821437791;B
20241225;100611;0.7375;19000;11821437792;B
20241225;100612;0.7375;2000;11821438018;B
20241225;100613;0.7375;1000;11821438024;B
20241225;100614;0.7375;35000;11821438290;B
20241225;100614;0.7377;6000;11821438291;B
20241225;100614;0.738;2000;11821438292;B
20241225;100614;0.738;27000;11821438293;B
20241225;100614;0.7385;3000;11821438294;B
20241225;100614;0.7386;134000;11821438295;B
20241225;100614;0.7386;202000;11821438296;B
20241225;100614;0.7387;2000;11821438297;B
20241225;100614;0.7387;120000;11821438298;B
20241225;100614;0.7387;70000;11821438299;B
20241225;100614;0.7392;2000;11821438300;B
20241225;100614;0.7392;202000;11821438301;B
20241225;100614;0.7393;195000;11821438302;B
20241225;100614;0.7378;7000;11821438388;S
20241225;100615;0.7388;40000;11821438505;B
20241225;100615;0.738;1000;11821438532;S
20241225;100615;0.7379;34000;11821438533;S
20241225;100615;0.7378;65000;11821438534;S
20241225;100617;0.7387;1000;11821438879;B
20241225;100618;0.7381;100000;11821439119;S
20241225;100620;0.7376;1000;11821439657;S
20241225;100621;0.7376;56000;11821439669;S
20241225;100621;0.7376;94000;11821439670;S
20241225;100622;0.7386;3000;11821439935;B
20241225;100622;0.7386;1000;11821439936;B
20241225;100622;0.7386;4000;11821439937;B
20241225;100622;0.7387;7000;11821439938;B
20241225;100623;0.7385;3000;11821440149;B
20241225;100624;0.7376;2000;11821440247;S
20241225;100625;0.7384;2000;11821440412;B
20241225;100625;0.7377;10000;11821440567;S
20241225;100625;0.7376;10000;11821440568;S
20241225;100625;0.7375;80000;11821440569;S
20241225;100626;0.7383;6000;11821440603;B
20241225;100626;0.7384;2000;11821440604;B
20241225;100626;0.7384;2000;11821440605;B
20241225;100631;0.7377;4000;11821441521;S
20241225;100631;0.7373;12000;11821441522;S
20241225;100631;0.7372;1000;11821441523;S
20241225;100631;0.7372;20000;11821441524;S
20241225;100631;0.7371;57000;11821441525;S
20241225;100631;0.7371;9000;11821441526;S
20241225;100631;0.7371;112000;11821441527;S
20241225;100631;0.737;100000;11821441528;S
20241225;100631;0.737;1000;11821441529;S
20241225;100631;0.737;20000;11821441530;S
20241225;100631;0.737;1000;11821441531;S
20241225;100631;0.737;70000;11821441532;S
20241225;100631;0.737;120000;11821441533;S
20241225;100631;0.7369;10000;11821441534;S
20241225;100631;0.7369;20000;11821441535;S
20241225;100631;0.7369;5000;11821441536;S
20241225;100631;0.7368;50000;11821441537;S
20241225;100631;0.7368;75000;11821441538;S
20241225;100631;0.7368;10000;11821441539;S
20241225;100631;0.7368;37000;11821441540;S
20241225;100631;0.7368;10000;11821441541;S
20241225;100631;0.7367;1000;11821441542;S
20241225;100631;0.7367;10000;11821441543;S
20241225;100631;0.7367;1000;11821441544;S
20241225;100631;0.7367;20000;11821441545;S
20241225;100631;0.7364;100000;11821441546;S
20241225;100631;0.7364;10000;11821441547;S
20241225;100631;0.7363;1000;11821441548;S
20241225;100631;0.7363;50000;11821441549;S
20241225;100631;0.7362;2000;11821441550;S
20241225;100631;0.7362;1000;11821441551;S
20241225;100631;0.7362;100000;11821441552;S
20241225;100631;0.7362;50000;11821441553;S
20241225;100631;0.7362;130000;11821441554;S
20241225;100631;0.7361;44000;11821441555;S
20241225;100631;0.7361;736000;11821441556;S
20241225;100632;0.737;1000;11821441659;S
20241225;100632;0.7363;36000;11821441660;S
20241225;100632;0.7374;1000;11821441709;B
20241225;100633;0.7374;1000;11821441816;B
20241225;100633;0.7363;1000;11821441862;S
20241225;100634;0.737;200000;11821442090;S
20241225;100636;0.7368;2000;11821442480;B
20241225;100636;0.7369;20000;11821442481;B
20241225;100636;0.737;65000;11821442482;B
20241225;100636;0.737;13000;11821442484;S
20241225;100637;0.7369;9000;11821442582;B
20241225;100637;0.7369;2000;11821442645;B
20241225;100637;0.7363;1000;11821442682;S
20241225;100637;0.7362;65000;11821442683;S
20241225;100637;0.7361;34000;11821442684;S
20241225;100639;0.7369;3000;11821443045;B
20241225;100640;0.7369;7000;11821443139;B
20241225;100640;0.7369;1000;11821443140;B
20241225;100640;0.737;42000;11821443141;B
20241225;100642;0.7371;1000;11821443460;B
20241225;100643;0.7371;1000;11821443674;B
20241225;100644;0.7371;2000;11821443735;B
20241225;100644;0.7363;1000;11821443740;S
20241225;100644;0.7362;4000;11821443741;S
20241225;100644;0.7362;60000;11821443805;S
20241225;100644;0.7362;1000;11821443806;S
20241225;100644;0.7361;230000;11821443807;S
20241225;100644;0.7361;1000;11821443808;S
20241225;100644;0.7361;10000;11821443809;S
20241225;100644;0.7361;1000;11821443810;S
20241225;100644;0.7361;1000;11821443811;S
20241225;100644;0.7361;10000;11821443812;S
20241225;100644;0.7361;25000;11821443813;S
20241225;100644;0.736;2000;11821443814;S
20241225;100644;0.736;60000;11821443815;S
20241225;100644;0.736;25000;11821443816;S
20241225;100644;0.736;74000;11821443817;S
20241225;100645;0.736;176000;11821443894;S
20241225;100645;0.736;74000;11821443895;S
20241225;100645;0.7369;1000;11821443911;B
20241225;100645;0.7369;21000;11821443912;S
20241225;100645;0.7369;50000;11821443964;B
20241225;100645;0.7361;24000;11821443965;S
20241225;100645;0.736;71000;11821443966;S
20241225;100645;0.7359;20000;11821443967;S
20241225;100645;0.7359;65000;11821443968;S
20241225;100645;0.7358;10000;11821443969;S
20241225;100645;0.7358;1000;11821443970;S
20241225;100645;0.7358;100000;11821443971;S
20241225;100645;0.7356;20000;11821443972;S
20241225;100645;0.7355;69000;11821443973;S
20241225;100645;0.7356;56000;11821443976;S
20241225;100647;0.7364;1000;11821444309;B
20241225;100647;0.7364;24000;11821444310;B
20241225;100647;0.7365;66000;11821444311;B
20241225;100647;0.7365;1000;11821444312;B
20241225;100647;0.7367;8000;11821444313;B
20241225;100650;0.7357;1000;11821444696;S
20241225;100650;0.7356;10000;11821444756;S
20241225;100650;0.7356;6000;11821444757;S
20241225;100651;0.7362;1000;11821444978;S
20241225;100651;0.7357;18000;11821445000;S
20241225;100651;0.7356;1000;11821445001;S
20241225;100651;0.7356;62000;11821445002;S
20241225;100651;0.7364;1000;11821445033;B
20241225;100651;0.7366;5000;11821445034;B
20241225;100652;0.736;50000;11821445227;S
20241225;100652;0.7356;5000;11821445228;S
20241225;100652;0.7356;45000;11821445229;B
20241225;100653;0.7355;15000;11821445306;S
20241225;100654;0.7355;5000;11821445384;S
20241225;100654;0.7355;45000;11821445496;S
20241225;100655;0.7355;5000;11821445572;S
20241225;100655;0.7355;30000;11821445598;S
20241225;100658;0.7356;1000;11821446060;S
20241225;100658;0.7355;19000;11821446061;S
20241225;100658;0.7355;25000;11821446062;S
20241225;100658;0.7355;1000;11821446063;S
20241225;100658;0.7355;70000;11821446064;S
20241225;100658;0.7355;100000;11821446065;S
20241225;100658;0.7355;1000;11821446066;S
20241225;100658;0.7354;10000;11821446067;S
20241225;100658;0.7354;100000;11821446068;S
20241225;100658;0.7352;3000;11821446069;S
20241225;100658;0.7352;1000;11821446070;S
20241225;100658;0.7351;10000;11821446071;S
20241225;100658;0.7351;6000;11821446072;S
20241225;100658;0.7351;60000;11821446073;S
20241225;100658;0.7351;1000;11821446074;S
20241225;100658;0.735;20000;11821446075;S
20241225;100658;0.735;1000;11821446076;S
20241225;100658;0.735;5000;11821446077;S
20241225;100658;0.735;1000;11821446078;S
20241225;100658;0.735;3000;11821446079;S
20241225;100658;0.735;1000;11821446080;S
20241225;100658;0.735;20000;11821446081;S
20241225;100658;0.735;30000;11821446082;S
20241225;100658;0.735;790000;11821446083;S
20241225;100658;0.735;3000;11821446084;S
20241225;100658;0.735;450000;11821446085;S
20241225;100658;0.735;190000;11821446086;S
20241225;100658;0.735;2000;11821446087;S
20241225;100658;0.735;10000;11821446088;S
20241225;100658;0.735;66000;11821446089;S
20241225;100658;0.7351;4000;11821446092;S
20241225;100659;0.7359;69000;11821446106;B
20241225;100659;0.736;14000;11821446107;B
20241225;100659;0.7363;17000;11821446108;B
20241225;100659;0.7351;3000;11821446147;S
20241225;100700;0.7356;12000;11821446209;S
20241225;100702;0.7356;18000;11821446641;S
20241225;100702;0.7355;32000;11821446642;S
20241225;100702;0.736;1000;11821446694;B
20241225;100702;0.736;3000;11821446695;B
20241225;100705;0.7359;5000;11821447093;B
20241225;100705;0.7359;1000;11821447139;B
20241225;100707;0.736;3000;11821447319;S
20241225;100711;0.7361;20000;11821448772;B
20241225;100711;0.7362;68000;11821448803;B
20241225;100711;0.7362;50000;11821448804;B
20241225;100711;0.7364;11000;11821448805;B
20241225;100711;0.7366;71000;11821448806;B
20241225;100712;0.7366;9000;11821448819;B
20241225;100713;0.7362;13000;11821449226;S
20241225;100713;0.7361;7000;11821449227;S
20241225;100715;0.7367;14000;11821449443;B
20241225;100715;0.7367;1000;11821449495;B
20241225;100716;0.7367;1000;11821449592;B
20241225;100716;0.7367;1000;11821449757;B
20241225;100719;0.7362;1000;11821450138;S
20241225;100719;0.7361;8000;11821450139;S
20241225;100720;0.7366;1000;11821450183;B
20241225;100720;0.7361;15000;11821450286;S
20241225;100720;0.7361;5000;11821450287;S
20241225;100722;0.7363;10000;11821450580;B
20241225;100722;0.7361;14000;11821450584;S
20241225;100722;0.7361;211000;11821450596;S
20241225;100722;0.7361;1000;11821450597;S
20241225;100722;0.7361;18000;11821450598;S
20241225;100722;0.736;47000;11821450599;S
20241225;100722;0.7358;2000;11821450600;S
20241225;100722;0.7357;80000;11821450601;S
20241225;100722;0.7356;3000;11821450602;S
20241225;100722;0.7356;65000;11821450603;S
20241225;100722;0.7355;68000;11821450604;S
20241225;100722;0.7355;2000;11821450605;S
20241225;100722;0.7355;1000;11821450606;S
20241225;100722;0.7352;30000;11821450607;S
20241225;100722;0.7351;393000;11821450608;S
20241225;100722;0.7351;50000;11821450609;S
20241225;100722;0.735;27000;11821450610;S
20241225;100722;0.735;1000;11821450611;S
20241225;100722;0.735;1000;11821450612;S
20241225;100725;0.7357;1000;11821451205;B
20241225;100725;0.7358;7000;11821451206;B
20241225;100725;0.7358;30000;11821451207;B
20241225;100725;0.7359;62000;11821451208;B
20241225;100726;0.7357;1000;11821451354;S
20241225;100726;0.7352;5000;11821451355;S
20241225;100726;0.7351;1000;11821451356;S
20241225;100726;0.7351;24000;11821451357;S
20241225;100726;0.735;101000;11821451358;S
20241225;100726;0.735;50000;11821451359;S
20241225;100726;0.735;62000;11821451360;S
20241225;100726;0.7358;6000;11821451410;B
20241225;100726;0.7359;64000;11821451411;B
20241225;100726;0.7362;30000;11821451412;B
20241225;100727;0.736;1000;11821451674;S
20241225;100727;0.7359;3000;11821451692;S
20241225;100728;0.7357;2000;11821451856;S
20241225;100729;0.7359;1000;11821452099;B
20241225;100729;0.7362;31000;11821452100;B
20241225;100729;0.7362;11000;11821452101;B
20241225;100729;0.7363;20000;11821452102;B
20241225;100729;0.7363;37000;11821452103;B
20241225;100730;0.7362;29000;11821452323;B
20241225;100732;0.7362;7000;11821452610;B
20241225;100732;0.7363;27000;11821452611;B
20241225;100732;0.7363;216000;11821452624;S
20241225;100732;0.7357;8000;11821452625;S
20241225;100732;0.7356;63000;11821452626;S
20241225;100732;0.7353;20000;11821452627;S
20241225;100732;0.7352;4000;11821452628;S
20241225;100732;0.7351;30000;11821452629;S
20241225;100732;0.735;157000;11821452630;S
20241225;100732;0.735;2000;11821452631;S
20241225;100734;0.7359;1000;11821452958;B
20241225;100735;0.7358;1000;11821453244;B
20241225;100735;0.7359;1000;11821453245;B
20241225;100736;0.7359;5000;11821453385;B
20241225;100737;0.7352;1000;11821453631;S
20241225;100737;0.7351;6000;11821453632;S
20241225;100737;0.7351;134000;11821453633;S
20241225;100737;0.735;25000;11821453634;S
20241225;100737;0.735;100000;11821453635;S
20241225;100737;0.735;1000;11821453636;S
20241225;100738;0.7357;65000;11821453766;B
20241225;100738;0.7358;30000;11821453767;B
20241225;100738;0.7359;5000;11821453768;B
20241225;100740;0.7356;1000;11821454132;B
20241225;100740;0.7357;197000;11821454133;B
20241225;100740;0.7358;2000;11821454134;B
20241225;100740;0.736;25000;11821454244;B
20241225;100741;0.736;119000;11821454288;B
20241225;100741;0.736;1000;11821454289;B
20241225;100741;0.736;20000;11821454290;B
20241225;100741;0.7361;60000;11821454291;B
20241225;100742;0.7361;1000;11821454538;B
20241225;100742;0.7357;1000;11821454605;S
20241225;100742;0.7353;1000;11821454606;S
20241225;100742;0.7352;1000;11821454607;S
20241225;100742;0.7352;116000;11821454608;S
20241225;100742;0.7351;202000;11821454609;S
20241225;100742;0.7351;29000;11821454610;S
20241225;100743;0.736;20000;11821454654;B
20241225;100746;0.7359;10000;11821455475;S
20241225;100747;0.736;9000;11821455780;B
20241225;100748;0.7352;1000;11821455820;S
20241225;100748;0.7351;10000;11821455821;S
20241225;100748;0.736;40000;11821455868;B
20241225;100749;0.736;18000;11821456033;B
20241225;100749;0.736;82000;11821456034;B
20241225;100749;0.7353;1000;11821456164;S
20241225;100749;0.7353;7000;11821456165;S
20241225;100749;0.7353;31000;11821456206;S
20241225;100749;0.7352;69000;11821456207;S
20241225;100752;0.7358;1000;11821456707;B
20241225;100753;0.7359;1000;11821456852;B
20241225;100753;0.7359;1000;11821457069;B
20241225;100755;0.7354;4000;11821457444;S
20241225;100755;0.7354;48000;11821457447;S
20241225;100755;0.7354;13000;11821457448;S
20241225;100755;0.7354;19000;11821457449;S
20241225;100755;0.7353;1000;11821457450;S
20241225;100755;0.7353;119000;11821457451;S
20241225;100755;0.7354;6000;11821457468;S
20241225;100756;0.7359;5000;11821457660;B
20241225;100757;0.7353;1000;11821457827;S
20241225;100757;0.7352;2000;11821457828;S
20241225;100757;0.7352;1000;11821457829;S
20241225;100757;0.7351;8000;11821457830;S
20241225;100758;0.7351;1000;11821457872;S
20241225;100758;0.7355;3000;11821457945;S
20241225;100758;0.7358;2000;11821458002;B
20241225;100758;0.7359;1000;11821458003;B
20241225;100759;0.7357;1000;11821458034;B
20241225;100759;0.736;10000;11821458035;B
20241225;100759;0.736;200000;11821458036;B
20241225;100759;0.7361;39000;11821458037;B
20241225;100759;0.7361;100000;11821458038;B
20241225;100759;0.7361;3000;11821458039;B
20241225;100759;0.7361;51000;11821458040;B
20241225;100759;0.7362;1000;11821458041;B
20241225;100759;0.7363;4000;11821458042;B
20241225;100759;0.7364;66000;11821458043;B
20241225;100759;0.7362;30000;11821458201;S
20241225;100800;0.7364;4000;11821458252;B
20241225;100800;0.7365;20000;11821458381;B
20241225;100801;0.7358;1000;11821458399;S
20241225;100802;0.7363;12000;11821458701;B
20241225;100802;0.7363;38000;11821458754;S
20241225;100802;0.7358;24000;11821458755;S
20241225;100802;0.7355;47000;11821458756;S
20241225;100802;0.7353;6000;11821458757;S
20241225;100802;0.7353;9000;11821458758;S
20241225;100802;0.7365;1000;11821458764;B
20241225;100804;0.7359;100000;11821459236;S
20241225;100804;0.7356;50000;11821459237;S
20241225;100804;0.7352;15000;11821459238;S
20241225;100804;0.7352;3000;11821459239;S
20241225;100804;0.7352;11000;11821459240;S
20241225;100804;0.7352;21000;11821459241;B
20241225;100804;0.7363;2000;11821459269;B
20241225;100805;0.7352;1000;11821459428;S
20241225;100806;0.7363;7000;11821459612;B
20241225;100806;0.7363;14000;11821459613;B
20241225;100806;0.7364;4000;11821459614;B
20241225;100806;0.7364;51000;11821459615;B
20241225;100806;0.7365;1000;11821459616;B
20241225;100806;0.7365;20000;11821459617;B
20241225;100806;0.7368;2000;11821459618;B
20241225;100806;0.7369;202000;11821459619;B
20241225;100806;0.737;130000;11821459620;B
20241225;100806;0.7374;2000;11821459621;B
20241225;100806;0.7374;120000;11821459622;B
20241225;100806;0.7375;100000;11821459623;B
20241225;100806;0.7379;202000;11821459624;B
20241225;100806;0.738;210000;11821459625;B
20241225;100806;0.7382;29000;11821459626;B
20241225;100806;0.7383;134000;11821459627;B
20241225;100806;0.7384;772000;11821459628;B
20241225;100807;0.7379;1000;11821459784;B
20241225;100807;0.7385;3000;11821459785;B
20241225;100807;0.7386;28000;11821459786;B
20241225;100807;0.7387;2000;11821459787;B
20241225;100807;0.7387;3000;11821459788;B
20241225;100807;0.7387;10000;11821459789;B
20241225;100807;0.7388;18000;11821459790;B
20241225;100807;0.739;100000;11821459791;B
20241225;100807;0.739;191000;11821459792;B
20241225;100808;0.7373;1000;11821460087;S
20241225;100808;0.7373;20000;11821460088;S
20241225;100808;0.7372;79000;11821460089;S
20241225;100809;0.7386;2000;11821460211;B
20241225;100810;0.7374;2000;11821460608;S
20241225;100812;0.7374;1000;11821461043;S
20241225;100815;0.7382;1000;11821461419;B
20241225;100815;0.7382;1000;11821461420;B
20241225;100815;0.7383;3000;11821461421;B
20241225;100817;0.7383;76000;11821461741;B
20241225;100817;0.7383;2000;11821461742;B
20241225;100817;0.7384;300000;11821461743;B
20241225;100817;0.7385;9000;11821461744;B
20241225;100817;0.7386;1000;11821461745;B
20241225;100817;0.7387;25000;11821461746;B
20241225;100817;0.7389;20000;11821461747;B
20241225;100817;0.739;309000;11821461748;B
20241225;100817;0.7391;200000;11821461749;B
20241225;100817;0.7392;2000;11821461750;B
20241225;100817;0.7392;50000;11821461751;B
20241225;100817;0.7396;111000;11821461752;B
20241225;100817;0.7396;200000;11821461753;B
20241225;100817;0.7396;100000;11821461754;B
20241225;100817;0.7397;197000;11821461755;B
20241225;100817;0.7397;2000;11821461756;B
20241225;100817;0.7398;2000;11821461757;B
20241225;100817;0.7399;134000;11821461758;B
20241225;100817;0.74;1500000;11821461759;B
20241225;100817;0.74;10000;11821461760;B
20241225;100817;0.74;50000;11821461761;B
20241225;100817;0.74;347000;11821461762;B
20241225;100817;0.74;35000;11821461763;B
20241225;100817;0.74;1000;11821461764;B
20241225;100817;0.74;1100000;11821461765;B
20241225;100817;0.74;75000;11821461766;B
20241225;100817;0.7404;3000;11821461767;B
20241225;100817;0.7409;2000;11821461768;B
20241225;100817;0.741;1000;11821461769;B
20241225;100817;0.7415;13000;11821461770;B
20241225;100817;0.7416;4000;11821461771;B
20241225;100817;0.7416;119000;11821461772;B
20241225;100817;0.7415;1000;11821461788;B
20241225;100817;0.7398;10000;11821461861;B
20241225;100818;0.739;24000;11821461984;S
20241225;100818;0.738;16000;11821461985;S
20241225;100818;0.7391;2000;11821462014;B
20241225;100818;0.7392;8000;11821462015;B
20241225;100818;0.7392;2000;11821462037;B
20241225;100818;0.7392;2000;11821462083;B
20241225;100819;0.7392;2000;11821462152;B
20241225;100819;0.7391;2000;11821462216;B
20241225;100819;0.7391;2000;11821462237;B
20241225;100819;0.7391;2000;11821462277;B
20241225;100820;0.7391;2000;11821462298;B
20241225;100820;0.7391;8000;11821462320;B
20241225;100820;0.7392;6000;11821462341;B
20241225;100820;0.7394;4000;11821462342;B
20241225;100820;0.7397;2000;11821462365;B
20241225;100820;0.7394;1000;11821462380;S
20241225;100820;0.7398;2000;11821462391;B
20241225;100820;0.7398;2000;11821462463;B
20241225;100821;0.7398;20000;11821462479;B
20241225;100821;0.7398;40000;11821462500;B
20241225;100821;0.7398;150000;11821462609;B
20241225;100822;0.7398;26000;11821462761;B
20241225;100825;0.7398;1000;11821463672;S
20241225;100826;0.7398;1000;11821463704;S
20241225;100826;0.7395;1000;11821463705;S
20241225;100827;0.74;3000;11821463851;B
20241225;100828;0.7399;26000;11821464143;B
20241225;100828;0.74;7000;11821464144;B
20241225;100829;0.7401;1000;11821464281;B
20241225;100830;0.7401;2000;11821464447;B
20241225;100830;0.7403;2000;11821464478;B
20241225;100831;0.74;1000;11821464562;S
20241225;100831;0.7399;3000;11821464563;S
20241225;100831;0.7398;15000;11821464564;S
20241225;100831;0.7397;63000;11821464565;S
20241225;100831;0.7395;20000;11821464566;S
20241225;100831;0.7393;51000;11821464567;S
20241225;100831;0.7399;2000;11821464654;B
20241225;100831;0.74;145000;11821464655;B
20241225;100831;0.7403;63000;11821464656;B
20241225;100831;0.7404;50000;11821464657;B
20241225;100831;0.7404;2000;11821464658;B
20241225;100831;0.7408;8000;11821464659;B
20241225;100831;0.7408;2000;11821464660;B
20241225;100831;0.7413;11000;11821464661;B
20241225;100831;0.7413;3000;11821464662;B
20241225;100831;0.7414;51000;11821464663;B
20241225;100831;0.7414;4000;11821464664;B
20241225;100833;0.7413;2000;11821464908;B
20241225;100833;0.7413;2000;11821464925;B
20241225;100834;0.7401;10000;11821465076;S
20241225;100835;0.7405;2000;11821465402;B
20241225;100835;0.7413;16000;11821465403;B
20241225;100835;0.7415;50000;11821465404;B
20241225;100835;0.7415;22000;11821465405;B
20241225;100836;0.7403;134000;11821465420;S
20241225;100836;0.7402;57000;11821465421;S
20241225;100836;0.7402;202000;11821465422;S
20241225;100836;0.7401;107000;11821465423;S
20241225;100836;0.7414;202000;11821465516;B
20241225;100836;0.7414;134000;11821465517;B
20241225;100836;0.7415;18000;11821465518;B
20241225;100836;0.7415;1000;11821465519;B
20241225;100836;0.7415;57000;11821465520;B
20241225;100836;0.7416;150000;11821465521;B
20241225;100836;0.7417;18000;11821465522;B
20241225;100836;0.7417;107000;11821465523;B
20241225;100836;0.7418;10000;11821465524;B
20241225;100836;0.7418;7000;11821465525;B
20241225;100836;0.7418;100000;11821465526;B
20241225;100836;0.7419;2000;11821465527;B
20241225;100836;0.7419;6000;11821465528;B
20241225;100836;0.7419;111000;11821465529;B
20241225;100836;0.7419;150000;11821465530;B
20241225;100836;0.742;254000;11821465531;B
20241225;100836;0.7421;23000;11821465532;B
20241225;100837;0.7414;50000;11821465597;B
20241225;100837;0.7421;535000;11821465598;B
20241225;100837;0.7427;1000;11821465599;B
20241225;100837;0.7429;3000;11821465600;B
20241225;100837;0.743;20000;11821465601;B
20241225;100837;0.7432;134000;11821465602;B
20241225;100837;0.7433;200000;11821465603;B
20241225;100837;0.7434;57000;11821465604;B
20241225;100838;0.7433;2000;11821465869;B
20241225;100838;0.7434;43000;11821465870;B
20241225;100838;0.7435;90000;11821465871;B
20241225;100839;0.7435;200000;11821465932;B
20241225;100839;0.7435;30000;11821466001;B
20241225;100839;0.7423;2000;11821466113;S
20241225;100840;0.7419;1000;11821466146;S
20241225;100840;0.7433;2000;11821466169;B
20241225;100840;0.7433;134000;11821466170;B
20241225;100840;0.7434;50000;11821466171;B
20241225;100840;0.7435;14000;11821466172;B
20241225;100842;0.7433;2000;11821466454;B
20241225;100842;0.7433;2000;11821466455;B
20241225;100842;0.7435;6000;11821466456;B
20241225;100842;0.7422;50000;11821466523;S
20241225;100842;0.7419;134000;11821466524;S
20241225;100842;0.7419;202000;11821466525;S
20241225;100842;0.7418;66000;11821466526;S
20241225;100842;0.7417;2000;11821466527;S
20241225;100842;0.7417;2000;11821466528;S
20241225;100842;0.7417;44000;11821466529;S
20241225;100844;0.7422;1000;11821466743;B
20241225;100845;0.7422;1000;11821466991;B
20241225;100845;0.7422;2000;11821466992;B
20241225;100845;0.7422;2000;11821466993;B
20241225;100845;0.7422;2000;11821466994;B
20241225;100845;0.7424;3000;11821466995;B
20241225;100846;0.7415;2000;11821467134;S
20241225;100846;0.7412;67000;11821467135;S
20241225;100846;0.7411;20000;11821467136;S
20241225;100846;0.7411;11000;11821467137;S
20241225;100848;0.7423;10000;11821467407;B
20241225;100848;0.7422;2000;11821467456;B
20241225;100850;0.7423;14000;11821467767;B
20241225;100850;0.7424;63000;11821467768;B
20241225;100850;0.7426;44000;11821467769;B
20241225;100850;0.7426;2000;11821467770;B
20241225;100850;0.7426;2000;11821467771;B
20241225;100850;0.7427;45000;11821467772;B
20241225;100850;0.7431;2000;11821467773;B
20241225;100850;0.7431;20000;11821467774;B
20241225;100850;0.7432;8000;11821467775;B
20241225;100851;0.743;8000;11821467979;B
20241225;100851;0.7415;8000;11821468108;S
20241225;100851;0.7414;10000;11821468109;S
20241225;100851;0.7414;2000;11821468110;S
20241225;100851;0.7414;24000;11821468111;S
20241225;100851;0.7414;20000;11821468112;S
20241225;100851;0.7413;1000;11821468113;S
20241225;100851;0.7413;123000;11821468114;S
20241225;100852;0.7423;2000;11821468367;S
20241225;100852;0.7425;8000;11821468448;B
20241225;100853;0.7417;2000;11821468653;B
20241225;100853;0.7425;12000;11821468654;B
20241225;100853;0.7426;134000;11821468655;B
20241225;100853;0.7426;26000;11821468656;B
20241225;100854;0.7417;2000;11821468795;B
20241225;100854;0.7425;1000;11821468796;B
20241225;100854;0.7425;20000;11821468797;B
20241225;100854;0.7426;176000;11821468798;B
20241225;100854;0.7426;101000;11821468799;B
20241225;100854;0.7424;2000;11821468900;B
20241225;100855;0.7414;20000;11821468979;S
20241225;100855;0.7413;20000;11821468980;S
20241225;100855;0.7417;2000;11821469061;B
20241225;100855;0.7417;2000;11821469062;B
20241225;100855;0.7423;1000;11821469063;B
20241225;100856;0.7417;2000;11821469152;S
20241225;100856;0.7417;2000;11821469211;S
20241225;100856;0.7417;2000;11821469279;S
20241225;100857;0.7423;10000;11821469428;B
20241225;100857;0.7423;40000;11821469429;B
20241225;100857;0.7423;94000;11821469441;B
20241225;100857;0.7424;65000;11821469442;B
20241225;100857;0.7424;100000;11821469443;B
20241225;100857;0.7425;41000;11821469444;B
20241225;100859;0.7418;2000;11821469672;B
20241225;100859;0.7424;2000;11821469690;B
20241225;100859;0.7418;2000;11821469751;B
20241225;100859;0.7424;23000;11821469752;B
20241225;100859;0.7424;25000;11821469753;B
20241225;100900;0.7418;2000;11821469953;B
20241225;100900;0.7418;1000;11821469954;B
20241225;100904;0.7416;67000;11821470676;S
20241225;100904;0.7416;3000;11821470677;S
20241225;100904;0.7415;500000;11821470678;S
20241225;100904;0.7415;5000;11821470679;S
20241225;100904;0.7415;21000;11821470680;S
20241225;100904;0.7414;120000;11821470681;S
20241225;100904;0.7413;700000;11821470682;S
