<DATE>;<TIME>;<LAST>;<VOL>;<ID>;<OPER>
20240524;095940;237.46;10;10462374355;B
20240524;095940;237.46;10;10462374356;B
20240524;095940;237.46;10;10462374357;B
20240524;095940;237.46;20;10462374358;B
20240524;095940;237.46;10;10462374359;B
20240524;095940;237.46;10;10462374360;S
20240524;095940;237.46;10;10462374361;B
20240524;095940;237.46;10;10462374362;B
20240524;095940;237.46;190;10462374363;B
20240524;095940;237.46;30;10462374364;B
20240524;095940;237.46;20;10462374365;B
20240524;095940;237.46;10;10462374366;B
20240524;095940;237.46;20;10462374367;B
20240524;095940;237.46;300;10462374368;S
20240524;095940;237.46;40;10462374369;B
20240524;095940;237.46;10;10462374370;S
20240524;095940;237.46;20;10462374371;S
20240524;095940;237.46;10;10462374372;B
20240524;095940;237.46;110;10462374373;B
20240524;095940;237.46;110;10462374374;B
20240524;095940;237.46;80;10462374375;B
20240524;095940;237.46;30;10462374376;B
20240524;095940;237.46;90;10462374377;B
20240524;095940;237.46;10;10462374378;B
20240524;095940;237.46;70;10462374379;B
20240524;095940;237.46;200;10462374380;S
20240524;100001;237.19;60;10462379166;S
20240524;100002;237.33;20;10462379791;B
20240524;100002;237.2;10;10462380060;S
20240524;100003;237.19;10;10462380676;S
20240524;100004;237.19;140;10462381014;S
20240524;100004;237.19;20;10462381015;S
20240524;100004;237.19;30;10462381016;S
20240524;100004;237.09;20;10462381017;S
20240524;100004;237.09;210;10462381051;S
20240524;100004;237.23;10;10462381110;B
20240524;100004;237.23;70;10462381111;B
20240524;100004;237.24;20;10462381232;B
20240524;100004;237.05;10;10462381468;S
20240524;100005;237.24;20;10462381501;B
20240524;100005;237.24;10;10462381502;B
20240524;100005;237.05;40;10462381505;S
20240524;100005;237.21;10;10462381679;B
20240524;100005;237.21;20;10462382014;B
20240524;100005;237.06;210;10462382112;S
20240524;100005;237.06;300;10462382114;S
20240524;100005;237.05;100;10462382115;S
20240524;100006;237.21;10;10462383343;B
20240524;100006;237.06;10;10462383587;S
20240524;100006;237.2;10;10462383945;B
20240524;100006;237.2;20;10462383947;B
20240524;100006;237.06;10;10462383948;S
20240524;100006;237.05;80;10462383949;S
20240524;100006;237.2;200;10462384006;B
20240524;100007;237.18;10;10462384492;B
20240524;100007;237.2;70;10462384493;B
20240524;100007;237.07;30;10462384497;S
20240524;100007;237.06;10;10462384498;S
20240524;100009;237.21;30;10462385770;B
20240524;100010;237.21;110;10462386067;B
20240524;100010;237.21;10;10462386124;B
20240524;100010;237.21;40;10462386290;B
20240524;100010;237.19;10;10462386393;S
20240524;100010;237.21;120;10462386398;B
20240524;100013;237.1;30;10462387299;S
20240524;100013;237.1;90;10462387300;S
20240524;100013;237.09;50;10462387301;S
20240524;100013;237.09;50;10462387302;S
20240524;100013;237.03;180;10462387303;S
20240524;100015;237.19;10;10462387848;B
20240524;100015;237.2;50;10462387849;B
20240524;100015;237.2;50;10462387850;B
20240524;100015;237.21;40;10462387851;B
20240524;100015;237.18;30;10462387980;S
20240524;100015;237.21;70;10462387981;B
20240524;100015;237.21;190;10462387982;B
20240524;100015;237.21;190;10462387983;B
20240524;100015;237.21;40;10462387984;B
20240524;100015;237.22;90;10462387985;B
20240524;100015;237.22;100;10462387986;B
20240524;100015;237.18;40;10462388064;S
20240524;100016;237.24;200;10462388308;B
20240524;100017;237.23;80;10462388441;S
20240524;100017;237.23;20;10462388443;S
20240524;100017;237.24;10;10462388540;B
20240524;100017;237.24;10;10462388641;B
20240524;100020;237.24;10;10462389451;B
20240524;100021;237.24;10;10462389633;B
20240524;100021;237.24;10;10462389826;B
20240524;100021;237.24;10;10462389827;B
20240524;100022;237.24;70;10462390014;B
20240524;100025;237.25;90;10462390589;B
20240524;100028;237.37;420;10462391244;B
20240524;100028;237.38;50;10462391245;B
20240524;100028;237.39;20;10462391246;B
20240524;100028;237.43;10;10462391247;B
20240524;100028;237.33;30;10462391360;S
20240524;100028;237.32;20;10462391372;S
20240524;100028;237.42;10;10462391391;B
20240524;100038;237.4;30;10462393983;S
20240524;100038;237.4;20;10462393988;S
20240524;100039;237.41;20;10462394271;B
20240524;100046;237.4;30;10462395498;S
20240524;100048;237.41;100;10462395984;B
20240524;100051;237.41;10;10462396713;B
20240524;100054;237.42;30;10462397261;S
20240524;100056;237.33;30;10462397622;S
20240524;100056;237.32;10;10462397623;S
20240524;100057;237.32;20;10462397843;S
20240524;100057;237.32;50;10462397844;S
20240524;100057;237.29;20;10462397847;S
20240524;100107;237.28;30;10462399975;S
20240524;100107;237.28;20;10462400008;S
20240524;100107;237.28;10;10462400009;S
20240524;100107;237.28;10;10462400054;S
20240524;100118;237.29;10;10462402134;S
20240524;100118;237.29;40;10462402140;S
20240524;100126;237.29;10;10462403446;S
20240524;100126;237.29;40;10462403447;S
20240524;100127;237.29;20;10462403646;S
20240524;100127;237.29;30;10462403648;S
20240524;100127;237.29;20;10462403649;S
20240524;100129;237.3;50;10462403869;B
20240524;100129;237.31;20;10462403870;B
20240524;100129;237.39;50;10462403871;B
20240524;100129;237.4;10;10462403872;B
20240524;100129;237.41;170;10462403873;B
20240524;100129;237.42;740;10462403874;B
20240524;100131;237.41;10;10462404174;B
20240524;100145;237.35;10;10462406015;S
20240524;100146;237.35;40;10462406166;S
20240524;100146;237.35;30;10462406167;S
20240524;100148;237.38;20;10462406510;B
20240524;100148;237.39;40;10462406511;B
20240524;100148;237.41;40;10462406512;B
20240524;100148;237.41;20;10462406513;B
20240524;100148;237.43;10;10462406514;B
20240524;100148;237.45;10;10462406515;B
20240524;100155;237.36;50;10462407426;S
20240524;100155;237.36;50;10462407470;S
20240524;100157;237.42;20;10462407716;B
20240524;100157;237.44;50;10462407717;B
20240524;100157;237.45;50;10462407718;B
20240524;100157;237.45;30;10462407719;B
20240524;100157;237.46;270;10462407720;B
20240524;100157;237.48;10;10462407721;B
20240524;100159;237.48;20;10462408037;B
20240524;100159;237.45;30;10462408072;S
20240524;100204;237.38;10;10462408694;S
20240524;100204;237.37;10;10462408695;S
20240524;100204;237.36;30;10462408696;S
20240524;100204;237.36;10;10462408705;S
20240524;100204;237.36;10;10462408729;S
20240524;100204;237.36;10;10462408804;S
20240524;100204;237.4;30;10462408806;S
20240524;100207;237.39;10;10462409104;B
20240524;100208;237.35;100;10462409274;S
20240524;100209;237.35;80;10462409361;S
20240524;100209;237.29;10;10462409455;B
20240524;100214;237.23;20;10462410365;S
20240524;100214;237.22;10;10462410366;S
20240524;100214;237.22;20;10462410369;S
20240524;100215;237.26;20;10462410408;B
20240524;100215;237.26;30;10462410409;B
20240524;100223;237.26;10;10462411605;B
20240524;100223;237.26;20;10462411606;B
20240524;100223;237.22;40;10462411665;S
20240524;100231;237.22;30;10462412712;S
20240524;100232;237.25;20;10462412828;B
20240524;100232;237.25;510;10462412829;B
20240524;100232;237.26;550;10462412830;B
20240524;100232;237.26;400;10462412831;B
20240524;100240;237.27;190;10462414141;S
20240524;100242;237.27;60;10462414318;S
20240524;100242;237.27;20;10462414320;S
20240524;100253;237.35;30;10462415589;B
20240524;100253;237.37;20;10462415590;B
20240524;100253;237.37;200;10462415591;B
20240524;100254;237.33;40;10462415693;S
20240524;100254;237.33;30;10462415694;S
20240524;100302;237.31;10;10462416631;S
20240524;100303;237.31;10;10462416711;S
20240524;100303;237.38;10;10462416738;B
20240524;100305;237.29;20;10462416972;S
20240524;100305;237.29;20;10462416973;S
20240524;100305;237.29;20;10462416980;S
20240524;100313;237.35;70;10462417943;B
20240524;100315;237.3;20;10462418180;S
20240524;100316;237.35;300;10462418370;B
20240524;100318;237.35;10;10462418526;B
20240524;100318;237.3;30;10462418532;S
20240524;100318;237.3;40;10462418533;B
20240524;100318;237.3;90;10462418534;B
20240524;100325;237.28;30;10462419382;S
20240524;100325;237.28;30;10462419383;S
20240524;100325;237.28;20;10462419388;S
20240524;100326;237.28;10;10462419546;S
20240524;100327;237.35;10;10462419735;B
20240524;100334;237.31;30;10462420752;S
20240524;100334;237.3;30;10462420753;S
20240524;100338;237.3;50;10462421174;S
20240524;100341;237.35;30;10462421704;B
20240524;100341;237.35;30;10462421705;B
20240524;100341;237.35;10;10462421763;B
20240524;100342;237.35;20;10462421930;B
20240524;100342;237.35;20;10462421931;B
20240524;100342;237.35;470;10462421998;B
20240524;100342;237.35;10;10462421999;B
20240524;100342;237.35;10;10462422000;B
20240524;100344;237.34;20;10462422221;S
20240524;100344;237.35;10;10462422222;B
20240524;100344;237.34;40;10462422223;S
20240524;100351;237.37;30;10462423412;B
20240524;100351;237.37;20;10462423413;B
20240524;100353;237.35;20;10462423834;S
20240524;100354;237.37;10;10462423926;B
20240524;100358;237.35;30;10462424501;S
20240524;100358;237.34;210;10462424502;S
20240524;100358;237.31;10;10462424503;S
20240524;100358;237.37;40;10462424530;B
20240524;100358;237.38;10;10462424531;B
20240524;100358;237.39;30;10462424532;B
20240524;100358;237.4;20;10462424533;B
20240524;100405;237.35;30;10462425480;S
20240524;100405;237.34;60;10462425484;S
20240524;100406;237.34;10;10462425778;S
20240524;100410;237.33;10;10462426407;S
20240524;100414;237.37;30;10462426766;S
20240524;100418;237.34;80;10462427348;S
20240524;100418;237.4;10;10462427354;B
20240524;100424;237.34;20;10462428162;S
20240524;100424;237.34;10;10462428165;S
20240524;100424;237.34;20;10462428166;S
20240524;100424;237.33;10;10462428167;S
20240524;100433;237.31;20;10462429271;S
20240524;100433;237.31;20;10462429272;S
20240524;100433;237.3;30;10462429277;S
20240524;100439;237.26;20;10462429989;S
20240524;100439;237.26;20;10462429990;S
20240524;100440;237.25;20;10462430058;S
20240524;100440;237.25;10;10462430059;S
20240524;100443;237.34;10;10462430515;B
20240524;100447;237.33;60;10462430947;S
20240524;100450;237.24;20;10462431229;S
20240524;100450;237.23;10;10462431230;S
20240524;100450;237.23;20;10462431239;S
20240524;100450;237.33;20;10462431300;B
20240524;100450;237.34;100;10462431301;B
20240524;100450;237.35;50;10462431302;B
20240524;100450;237.35;20;10462431303;B
20240524;100450;237.36;460;10462431304;B
20240524;100459;237.22;20;10462432392;S
20240524;100459;237.22;10;10462432393;S
20240524;100502;237.22;30;10462432876;S
20240524;100502;237.22;50;10462432877;S
20240524;100502;237.22;10;10462432884;S
20240524;100503;237.23;20;10462432972;B
20240524;100503;237.24;100;10462432973;B
20240524;100503;237.24;80;10462432974;B
20240524;100508;237.3;20;10462433677;B
20240524;100508;237.3;100;10462433678;B
20240524;100508;237.3;400;10462433679;B
20240524;100508;237.31;30;10462433680;B
20240524;100508;237.31;170;10462433681;B
20240524;100508;237.36;760;10462433682;B
20240524;100508;237.36;300;10462433683;B
20240524;100508;237.37;50;10462433684;B
20240524;100508;237.38;200;10462433685;B
20240524;100508;237.38;510;10462433686;B
20240524;100508;237.39;1210;10462433687;B
20240524;100512;237.29;50;10462434507;S
20240524;100512;237.28;30;10462434508;S
20240524;100519;237.23;30;10462435984;S
20240524;100521;237.23;30;10462436349;S
20240524;100529;237.3;30;10462437357;B
20240524;100529;237.3;140;10462437358;B
20240524;100530;237.23;30;10462437586;S
20240524;100530;237.23;10;10462437587;S
20240524;100532;237.32;30;10462437998;B
20240524;100532;237.32;110;10462437999;B
20240524;100537;237.38;30;10462438441;B
20240524;100537;237.38;400;10462438442;B
20240524;100537;237.39;50;10462438443;B
20240524;100537;237.39;100;10462438444;B
20240524;100537;237.4;40;10462438445;B
20240524;100537;237.41;220;10462438446;S
20240524;100537;237.41;240;10462438447;S
20240524;100537;237.41;420;10462438448;S
20240524;100537;237.44;10;10462438503;B
20240524;100538;237.34;50;10462438541;S
20240524;100538;237.33;50;10462438542;S
20240524;100538;237.31;30;10462438543;S
20240524;100538;237.31;30;10462438544;S
20240524;100539;237.33;10;10462438693;B
20240524;100541;237.23;20;10462439054;S
20240524;100541;237.23;30;10462439055;S
20240524;100541;237.23;40;10462439056;S
20240524;100548;237.33;40;10462439918;B
20240524;100550;237.29;30;10462440182;S
20240524;100550;237.29;20;10462440183;S
20240524;100553;237.33;10;10462440473;B
20240524;100558;237.3;510;10462441141;S
20240524;100558;237.3;30;10462441142;S
20240524;100602;237.33;10;10462441662;S
20240524;100602;237.3;30;10462441663;S
20240524;100602;237.3;20;10462441673;S
20240524;100602;237.3;10;10462441674;S
20240524;100602;237.3;50;10462441798;S
20240524;100602;237.29;210;10462441799;S
20240524;100602;237.28;30;10462441800;S
20240524;100602;237.27;50;10462441801;S
20240524;100602;237.27;10;10462441802;S
20240524;100602;237.26;50;10462441803;S
20240524;100602;237.24;100;10462441804;S
20240524;100603;237.23;10;10462441870;S
20240524;100609;237.34;10;10462442788;B
20240524;100610;237.33;10;10462442979;S
20240524;100611;237.22;30;10462443092;S
20240524;100616;237.34;10;10462443739;B
20240524;100622;237.22;20;10462444306;S
20240524;100622;237.22;30;10462444308;S
20240524;100622;237.21;20;10462444309;S
20240524;100631;237.2;20;10462445519;S
20240524;100633;237.3;10;10462445813;B
20240524;100637;237.25;30;10462446183;B
20240524;100637;237.26;110;10462446184;B
20240524;100637;237.28;170;10462446185;B
20240524;100637;237.28;400;10462446186;B
20240524;100637;237.29;50;10462446187;B
20240524;100637;237.31;50;10462446188;B
20240524;100637;237.37;190;10462446189;B
20240524;100640;237.21;40;10462446688;S
20240524;100640;237.21;10;10462446692;S
20240524;100640;237.2;20;10462446693;S
20240524;100646;237.2;110;10462447823;S
20240524;100646;237.2;200;10462447824;S
20240524;100651;237.13;40;10462448544;B
20240524;100652;237.05;30;10462448617;S
20240524;100652;237.04;10;10462448618;S
20240524;100652;237.04;10;10462448619;S
20240524;100652;237.03;20;10462448658;S
20240524;100652;237.03;30;10462448660;S
20240524;100655;237.04;30;10462448943;S
20240524;100655;237.03;270;10462448944;S
20240524;100702;237.05;30;10462449847;S
20240524;100702;237.05;40;10462449851;S
20240524;100702;237.13;10;10462449859;B
20240524;100703;237.04;10;10462450055;S
20240524;100717;237.09;20;10462452490;S
20240524;100717;237.09;60;10462452491;S
20240524;100722;237.09;200;10462453003;S
20240524;100722;237.09;30;10462453004;S
20240524;100725;237.07;10;10462453286;S
20240524;100728;237.05;10;10462453895;S
20240524;100728;237.05;10;10462453896;S
20240524;100728;237.05;20;10462453907;S
20240524;100728;237.05;30;10462453908;S
20240524;100730;237.05;190;10462454153;S
20240524;100733;237.09;20;10462454459;B
20240524;100734;237.05;450;10462454643;S
20240524;100734;237.04;50;10462454644;S
20240524;100738;237.06;20;10462455061;S
20240524;100738;237.06;30;10462455062;S
20240524;100741;237.09;270;10462455425;B
20240524;100748;237.07;30;10462456136;S
20240524;100751;237.09;20;10462456442;B
20240524;100757;237.07;20;10462457072;S
20240524;100757;237.06;20;10462457087;S
20240524;100757;237.09;10;10462457137;B
20240524;100759;237.09;30;10462457402;B
20240524;100800;237.09;10;10462457474;B
20240524;100800;237.07;30;10462457480;S
20240524;100801;237.07;10;10462457560;S
20240524;100802;237.09;70;10462457775;B
20240524;100805;237.08;50;10462458059;S
20240524;100806;237.08;60;10462458226;S
20240524;100807;237.08;10;10462458435;S
20240524;100808;237.09;10;10462458483;B
20240524;100809;237.09;10;10462458763;B
20240524;100811;237.09;100;10462459040;B
20240524;100814;237.08;40;10462459361;S
20240524;100814;237.09;10;10462459406;B
20240524;100816;237.08;10;10462459806;S
20240524;100816;237.08;10;10462459807;S
20240524;100816;237.08;20;10462459810;S
20240524;100820;237.09;10;10462460209;B
20240524;100826;237.08;30;10462460971;S
20240524;100826;237.08;40;10462460979;S
20240524;100833;237.09;200;10462462038;B
20240524;100835;237.24;10;10462462352;B
20240524;100837;237.2;30;10462462549;S
20240524;100837;237.2;20;10462462551;S
20240524;100845;237.21;20;10462463699;S
20240524;100845;237.21;40;10462463701;S
20240524;100846;237.22;30;10462463814;S
20240524;100846;237.22;400;10462463815;S
20240524;100846;237.18;170;10462463816;S
20240524;100846;237.16;50;10462463817;S
20240524;100846;237.14;510;10462463818;S
20240524;100846;237.13;420;10462463819;S
20240524;100846;237.11;300;10462463820;S
20240524;100846;237.1;850;10462463821;S
20240524;100846;237.1;1520;10462463822;S
20240524;100846;237.09;420;10462463823;S
20240524;100846;237.09;420;10462463824;S
20240524;100846;237.09;320;10462463825;S
20240524;100846;237.09;100;10462463826;S
20240524;100846;237.09;420;10462463827;S
20240524;100846;237.09;70;10462463828;S
20240524;100846;237.09;350;10462463829;S
20240524;100846;237.09;70;10462463830;S
20240524;100846;237.09;850;10462463898;S
20240524;100846;237.09;40;10462463899;S
20240524;100847;237.08;100;10462463945;S
20240524;100854;237.07;20;10462465271;S
20240524;100855;237.1;10;10462465363;B
20240524;100855;237.08;50;10462465389;S
20240524;100855;237.08;190;10462465390;S
20240524;100855;237.09;30;10462465391;S
20240524;100855;237.09;30;10462465392;S
20240524;100855;237.09;20;10462465393;S
20240524;100856;237.09;190;10462465618;S
20240524;100856;237.09;190;10462465619;S
20240524;100856;237.09;190;10462465620;S
20240524;100856;237.09;20;10462465621;S
20240524;100901;237.1;20;10462466325;B
20240524;100902;237.1;10;10462466576;B
20240524;100903;237.08;10;10462466819;S
20240524;100903;237.07;40;10462466820;S
20240524;100903;237.08;10;10462466836;S
20240524;100913;237.07;40;10462468523;S
20240524;100913;237.07;30;10462468524;S
20240524;100919;237.1;50;10462469184;B
20240524;100921;237.07;50;10462469426;S
20240524;100927;237.1;100;10462470162;B
20240524;100932;237.1;10;10462470799;B
20240524;100939;237.07;40;10462471850;S
20240524;100939;237.07;40;10462471855;S
20240524;100939;237.07;10;10462471858;S
20240524;100941;237.09;260;10462472068;S
20240524;100941;237.09;70;10462472069;S
20240524;100944;237.1;10;10462472328;B
20240524;100948;237.07;80;10462472823;S
20240524;100948;237.07;20;10462472858;S
20240524;100948;237.07;30;10462472860;S
20240524;100952;237.1;20;10462473510;B
20240524;100953;237.1;10;10462473621;B
20240524;100957;237.08;30;10462474563;S
20240524;101006;237.08;10;10462475993;S
20240524;101009;237.08;10;10462476347;S
20240524;101017;237.1;40;10462477534;B
20240524;101019;237.08;50;10462477677;S
20240524;101019;237.07;1600;10462477684;S
20240524;101019;237.06;180;10462477691;S
20240524;101019;237.06;10;10462477692;S
20240524;101019;237.05;60;10462477694;S
20240524;101019;237.04;150;10462477697;S
20240524;101019;237.02;10;10462477698;S
20240524;101019;237;20;10462477699;S
20240524;101019;237;10;10462477700;S
20240524;101019;237;10;10462477701;S
20240524;101019;237;40;10462477702;S
20240524;101019;237;150;10462477703;S
20240524;101019;237;10;10462477704;S
20240524;101019;237;40;10462477705;S
20240524;101019;237;600;10462477706;S
20240524;101019;237;10;10462477707;S
20240524;101019;237;50;10462477708;S
20240524;101019;237;170;10462477709;S
20240524;101019;237;10;10462477710;S
20240524;101019;237;20;10462477711;S
20240524;101019;237;10;10462477712;S
20240524;101019;237;500;10462477713;S
20240524;101019;237;60;10462477714;S
20240524;101019;237;10;10462477715;S
20240524;101019;237;430;10462477716;S
20240524;101019;236.98;420;10462477717;S
20240524;101019;236.97;30;10462477719;S
20240524;101019;236.94;10;10462477722;S
20240524;101019;236.93;50;10462477729;S
20240524;101019;236.92;30;10462477731;S
20240524;101019;236.9;10;10462477850;S
20240524;101019;236.91;10;10462477874;B
20240524;101020;236.89;300;10462478044;S
20240524;101020;236.88;10;10462478079;S
20240524;101025;236.88;990;10462478691;S
20240524;101025;236.87;10;10462478738;S
20240524;101025;236.86;420;10462478739;S
20240524;101025;236.86;10;10462478740;S
20240524;101025;236.86;20;10462478741;S
20240524;101025;236.86;420;10462478742;S
20240524;101025;236.86;70;10462478743;S
20240524;101025;236.86;420;10462478744;S
20240524;101025;236.86;420;10462478745;S
20240524;101025;236.85;10;10462478770;S
20240524;101025;236.87;10;10462478771;B
20240524;101026;236.88;10;10462478876;B
20240524;101027;236.85;150;10462479057;S
20240524;101028;236.85;10;10462479076;S
20240524;101029;236.85;250;10462479322;S
20240524;101029;236.84;420;10462479324;S
20240524;101029;236.84;50;10462479325;S
20240524;101031;236.84;10;10462479523;S
20240524;101033;236.85;50;10462479918;B
20240524;101033;236.83;420;10462479920;S
20240524;101036;236.82;420;10462480251;S
20240524;101036;236.81;40;10462480338;S
20240524;101037;236.81;30;10462480384;S
20240524;101040;236.81;10;10462481097;S
20240524;101041;236.82;20;10462481130;S
20240524;101041;236.83;50;10462481318;B
20240524;101043;236.84;50;10462481544;B
20240524;101046;236.82;10;10462481946;S
20240524;101046;236.9;10;10462482011;B
20240524;101047;236.82;20;10462482243;S
20240524;101047;236.81;20;10462482244;S
20240524;101047;236.81;20;10462482246;S
20240524;101057;236.81;40;10462483448;S
20240524;101057;236.81;30;10462483458;S
20240524;101058;236.81;30;10462483626;S
20240524;101058;236.81;200;10462483717;S
20240524;101058;236.81;10;10462483718;S
20240524;101058;236.81;20;10462483719;S
20240524;101058;236.8;420;10462483720;S
20240524;101058;236.8;10;10462483721;S
20240524;101058;236.8;10;10462483722;S
20240524;101058;236.8;420;10462483723;S
20240524;101058;236.8;140;10462483724;S
20240524;101058;236.8;30;10462483725;S
20240524;101058;236.79;420;10462483726;S
20240524;101058;236.79;80;10462483727;S
20240524;101101;236.79;40;10462484076;S
20240524;101101;236.78;380;10462484077;S
20240524;101102;236.79;10;10462484126;S
20240524;101106;236.79;30;10462484764;S
20240524;101113;236.85;10;10462486210;B
20240524;101117;236.8;40;10462486960;S
20240524;101117;236.8;40;10462486962;S
20240524;101124;236.85;10;10462487907;B
20240524;101128;236.79;10;10462488478;S
20240524;101128;236.79;20;10462488541;S
20240524;101128;236.79;20;10462488542;S
20240524;101128;236.79;40;10462488544;S
20240524;101139;236.8;10;10462489910;S
20240524;101141;236.79;10;10462490233;S
20240524;101143;236.83;270;10462490452;S
20240524;101149;236.79;30;10462491230;S
20240524;101149;236.79;20;10462491231;S
20240524;101149;236.78;10;10462491232;S
20240524;101149;236.78;30;10462491234;S
20240524;101149;236.78;10;10462491235;S
20240524;101159;236.78;40;10462492247;S
20240524;101159;236.78;10;10462492276;S
20240524;101159;236.78;30;10462492281;S
20240524;101159;236.78;30;10462492319;S
20240524;101200;236.85;10;10462492440;B
20240524;101200;236.78;10;10462492588;S
20240524;101201;236.85;10;10462492729;B
20240524;101206;236.8;50;10462493245;B
20240524;101209;236.79;50;10462493538;S
20240524;101209;236.78;50;10462493539;S
20240524;101209;236.78;30;10462493543;B
20240524;101210;236.77;10;10462493631;S
20240524;101210;236.77;30;10462493681;S
20240524;101210;236.77;10;10462493684;S
20240524;101213;236.78;10;10462493981;B
20240524;101214;236.77;10;10462494141;S
20240524;101215;236.78;50;10462494340;S
20240524;101220;236.78;100;10462494785;B
20240524;101221;236.77;30;10462494824;S
20240524;101221;236.77;30;10462494825;S
20240524;101222;236.78;100;10462494924;B
20240524;101222;236.79;40;10462494925;B
20240524;101222;236.79;90;10462494926;B
20240524;101222;236.77;50;10462494984;S
20240524;101224;236.77;250;10462495178;S
20240524;101224;236.77;70;10462495179;S
20240524;101224;236.76;100;10462495180;S
20240524;101224;236.76;320;10462495181;S
20240524;101224;236.76;10;10462495182;S
20240524;101224;236.76;50;10462495183;S
20240524;101224;236.75;420;10462495184;S
20240524;101224;236.75;10;10462495185;S
20240524;101224;236.75;200;10462495186;S
20240524;101224;236.75;10;10462495187;S
20240524;101224;236.75;100;10462495188;S
20240524;101224;236.71;90;10462495189;S
20240524;101224;236.7;150;10462495190;S
20240524;101224;236.7;10;10462495191;S
20240524;101224;236.7;100;10462495192;S
20240524;101224;236.66;20;10462495193;S
20240524;101224;236.65;380;10462495194;S
20240524;101224;236.65;20;10462495195;S
20240524;101224;236.65;60;10462495196;B
20240524;101224;236.61;10;10462495244;S
20240524;101225;236.62;420;10462495293;B
20240524;101225;236.63;80;10462495294;B
20240524;101225;236.63;260;10462495295;B
20240524;101227;236.65;240;10462495574;S
20240524;101227;236.64;50;10462495575;S
20240524;101227;236.63;10;10462495576;S
20240524;101227;236.61;10;10462495577;S
20240524;101227;236.61;60;10462495578;B
20240524;101227;236.59;40;10462495587;S
20240524;101230;236.59;30;10462495878;B
20240524;101231;236.56;10;10462496045;S
20240524;101231;236.55;20;10462496046;S
20240524;101231;236.55;60;10462496049;S
20240524;101233;236.58;10;10462496263;B
20240524;101234;236.55;10;10462496343;S
20240524;101235;236.56;80;10462496422;B
20240524;101235;236.56;260;10462496423;B
20240524;101235;236.57;340;10462496424;B
20240524;101235;236.58;10;10462496470;B
20240524;101236;236.58;10;10462496685;B
20240524;101236;236.58;10;10462496695;B
20240524;101236;236.58;200;10462496724;B
20240524;101237;236.55;20;10462496808;S
20240524;101238;236.55;10;10462496983;S
20240524;101240;236.55;40;10462497147;S
20240524;101240;236.55;30;10462497150;S
20240524;101241;236.55;50;10462497246;S
20240524;101244;236.58;10;10462497671;B
20240524;101249;236.56;30;10462498128;S
20240524;101253;236.58;50;10462498488;B
20240524;101257;236.56;40;10462498893;S
20240524;101259;236.59;10;10462499209;B
20240524;101305;236.55;50;10462499854;S
20240524;101305;236.55;30;10462499857;S
20240524;101307;236.55;10;10462500037;S
20240524;101315;236.57;10;10462500964;B
20240524;101316;236.55;20;10462501030;S
20240524;101316;236.55;20;10462501034;S
20240524;101316;236.55;530;10462501101;S
20240524;101316;236.55;10;10462501102;S
20240524;101316;236.55;50;10462501103;S
20240524;101317;236.53;10;10462501178;S
20240524;101317;236.53;170;10462501196;S
20240524;101318;236.52;20;10462501209;S
20240524;101322;236.53;50;10462501643;B
20240524;101322;236.51;450;10462501771;S
20240524;101322;236.51;90;10462501772;S
20240524;101322;236.51;360;10462501773;S
20240524;101322;236.51;10;10462501774;S
20240524;101323;236.5;120;10462501852;S
20240524;101323;236.5;280;10462501853;S
20240524;101323;236.5;20;10462501854;S
20240524;101323;236.5;1000;10462501855;S
20240524;101323;236.48;10;10462501857;S
20240524;101323;236.47;10;10462501885;S
20240524;101323;236.47;30;10462501910;S
20240524;101323;236.47;20;10462501911;S
20240524;101323;236.45;30;10462501912;S
20240524;101323;236.45;10;10462501913;S
20240524;101323;236.45;10;10462501914;S
20240524;101323;236.42;20;10462501915;S
20240524;101323;236.41;30;10462501940;S
20240524;101323;236.36;50;10462501941;S
20240524;101323;236.35;70;10462501942;S
20240524;101323;236.34;10;10462501943;S
20240524;101323;236.34;340;10462501944;S
20240524;101324;236.34;10;10462501978;S
20240524;101324;236.4;20;10462501999;B
20240524;101324;236.34;20;10462502002;S
20240524;101324;236.33;20;10462502003;S
20240524;101324;236.33;60;10462502016;S
20240524;101327;236.37;20;10462502339;B
20240524;101327;236.38;70;10462502340;B
20240524;101327;236.39;10;10462502341;B
20240524;101327;236.33;190;10462502392;S
20240524;101329;236.41;10;10462502521;B
20240524;101332;236.39;50;10462502861;B
20240524;101333;236.34;10;10462503024;S
20240524;101333;236.33;20;10462503025;S
20240524;101335;236.33;10;10462503275;S
20240524;101339;236.4;30;10462503748;B
20240524;101341;236.33;50;10462503914;S
20240524;101346;236.43;70;10462504455;B
20240524;101349;236.4;10;10462504955;S
20240524;101350;236.38;10;10462505109;S
20240524;101350;236.38;50;10462505111;S
20240524;101356;236.38;10;10462505743;S
20240524;101358;236.43;10;10462505968;B
20240524;101401;236.41;10;10462506148;S
20240524;101401;236.38;30;10462506149;S
20240524;101401;236.38;10;10462506167;S
20240524;101403;236.43;10;10462506304;B
20240524;101405;236.44;240;10462506504;B
20240524;101405;236.44;60;10462506505;B
20240524;101407;236.43;20;10462506690;B
20240524;101408;236.43;10;10462506862;B
20240524;101408;236.43;240;10462506863;B
20240524;101408;236.44;320;10462506864;B
20240524;101408;236.44;100;10462506865;B
20240524;101408;236.45;50;10462506866;B
20240524;101408;236.45;70;10462506867;B
20240524;101408;236.46;50;10462506868;B
20240524;101408;236.39;130;10462506890;S
20240524;101409;236.39;190;10462506937;S
20240524;101412;236.4;10;10462507189;S
20240524;101412;236.38;10;10462507190;S
20240524;101412;236.38;30;10462507198;S
20240524;101415;236.45;40;10462507538;B
20240524;101417;236.43;70;10462507765;S
20240524;101421;236.44;70;10462508233;B
20240524;101421;236.45;30;10462508234;B
20240524;101421;236.4;100;10462508338;S
20240524;101421;236.38;110;10462508339;S
20240524;101421;236.37;50;10462508340;S
20240524;101421;236.37;70;10462508341;S
20240524;101421;236.35;90;10462508342;S
20240524;101425;236.34;30;10462508859;S
20240524;101425;236.34;40;10462508861;S
20240524;101425;236.34;20;10462508862;S
20240524;101432;236.34;30;10462509471;S
20240524;101433;236.34;100;10462509538;S
20240524;101438;236.33;740;10462510176;S
20240524;101438;236.33;110;10462510177;S
20240524;101438;236.33;10;10462510178;S
20240524;101438;236.3;40;10462510183;S
20240524;101438;236.3;300;10462510184;S
20240524;101438;236.3;10;10462510185;S
20240524;101438;236.25;20;10462510199;S
20240524;101438;236.25;100;10462510200;S
20240524;101438;236.25;10;10462510201;S
20240524;101438;236.23;180;10462510202;S
20240524;101438;236.25;70;10462510326;B
20240524;101438;236.25;130;10462510327;B
20240524;101438;236.22;10;10462510448;S
20240524;101439;236.22;30;10462510508;S
20240524;101439;236.22;960;10462510521;S
20240524;101439;236.22;10;10462510522;S
20240524;101439;236.22;10;10462510523;S
20240524;101439;236.22;10;10462510524;S
20240524;101439;236.22;420;10462510525;S
20240524;101439;236.21;420;10462510526;S
20240524;101439;236.2;10;10462510611;S
20240524;101439;236.2;10;10462510724;S
20240524;101439;236.18;10;10462510725;S
20240524;101440;236.18;290;10462510802;S
20240524;101440;236.18;720;10462510803;S
20240524;101440;236.16;10;10462510852;S
20240524;101440;236.16;10;10462510853;S
20240524;101440;236.16;200;10462510854;S
20240524;101440;236.16;220;10462510855;S
20240524;101441;236.15;10;10462510895;S
20240524;101441;236.15;410;10462510896;S
20240524;101441;236.14;40;10462510957;S
20240524;101441;236.14;10;10462510958;S
20240524;101441;236.13;20;10462510964;B
20240524;101441;236.14;80;10462510965;B
20240524;101442;236.12;40;10462511013;S
20240524;101442;236.13;10;10462511125;S
20240524;101442;236.13;110;10462511129;S
20240524;101443;236.14;40;10462511163;B
20240524;101447;236.13;20;10462511925;S
20240524;101448;236.14;40;10462512006;B
20240524;101448;236.13;10;10462512020;S
20240524;101448;236.13;10;10462512021;S
20240524;101449;236.12;40;10462512373;S
20240524;101449;236.12;10;10462512374;S
20240524;101450;236.11;10;10462512465;S
20240524;101450;236.11;10;10462512492;S
20240524;101450;236.11;380;10462512493;S
20240524;101451;236.1;10;10462512591;S
20240524;101453;236.1;30;10462513236;B
20240524;101456;236.07;50;10462513560;S
20240524;101456;236.06;20;10462513561;S
20240524;101458;236.08;40;10462513808;B
20240524;101502;236.07;200;10462514593;S
20240524;101502;236.08;10;10462514605;B
20240524;101503;236.07;10;10462514898;S
20240524;101503;236.06;100;10462514899;S
20240524;101504;236.06;10;10462515036;S
20240524;101507;236.06;20;10462515769;S
20240524;101511;236.07;20;10462516743;B
20240524;101512;236.06;100;10462517111;S
20240524;101512;236.06;40;10462517112;S
20240524;101512;236.06;50;10462517113;S
20240524;101512;236.05;30;10462517138;S
20240524;101513;236.04;100;10462517215;S
20240524;101514;236.02;50;10462517656;S
20240524;101514;236.02;10;10462517657;S
20240524;101514;236.01;90;10462517714;S
20240524;101514;236.03;20;10462517909;B
20240524;101514;236.01;170;10462517952;S
20240524;101514;236.01;940;10462517953;S
20240524;101514;236;20;10462517954;S
20240524;101514;236;10;10462517955;S
20240524;101514;236;10;10462517956;S
20240524;101514;236;30;10462517957;S
20240524;101514;236;10;10462517958;S
20240524;101514;236;10;10462517959;S
20240524;101514;236;10;10462517960;S
20240524;101514;236;10;10462517961;S
20240524;101514;236;100;10462517962;S
20240524;101514;236;10;10462517963;S
20240524;101514;236;100;10462517964;S
20240524;101514;236;10;10462517965;S
20240524;101514;236;200;10462517966;S
20240524;101514;236;100;10462517967;S
20240524;101514;236;1000;10462517968;S
20240524;101514;236;30;10462517969;S
20240524;101514;236;2040;10462517970;S
20240524;101514;236;10;10462517971;S
20240524;101514;236;10;10462517972;S
20240524;101514;236;10;10462517973;S
20240524;101514;236;580;10462517974;S
20240524;101514;236;10;10462517994;S
20240524;101514;236;20;10462517995;S
20240524;101514;236;10;10462517997;S
20240524;101514;236.01;10;10462518005;B
20240524;101514;236.01;10;10462518042;B
20240524;101514;236;10;10462518050;S
20240524;101515;236;10;10462518068;S
20240524;101515;236;10;10462518069;S
20240524;101515;236;10;10462518274;S
20240524;101515;236;30;10462518285;S
20240524;101515;236;10;10462518328;S
20240524;101515;236;10;10462518329;S
20240524;101515;236;10;10462518330;S
20240524;101515;236;30;10462518349;S
20240524;101515;236;30;10462518350;S
20240524;101515;236;40;10462518351;S
20240524;101515;236;10;10462518369;S
20240524;101515;236;10;10462518370;S
20240524;101515;236;10;10462518371;S
20240524;101515;236.01;40;10462518381;B
20240524;101516;236;10;10462518403;S
20240524;101516;236;10;10462518414;S
20240524;101516;236;10;10462518415;S
20240524;101516;236;20;10462518454;S
20240524;101516;236;20;10462518455;S
20240524;101516;236;30;10462518456;S
20240524;101516;236;10;10462518539;S
20240524;101516;236;10;10462518540;S
20240524;101516;236;10;10462518541;S
20240524;101517;236;30;10462518792;S
20240524;101517;236;30;10462518793;S
20240524;101517;236;40;10462518794;S
20240524;101518;236;30;10462519022;S
20240524;101518;236;30;10462519023;S
20240524;101518;236;40;10462519024;S
20240524;101518;236;100;10462519092;S
20240524;101518;236;20;10462519093;S
20240524;101518;236;30;10462519094;S
20240524;101518;236;20;10462519095;S
20240524;101518;236;10;10462519133;S
20240524;101518;236;10;10462519134;S
20240524;101518;236;20;10462519135;S
20240524;101518;236;10;10462519147;S
20240524;101518;236;10;10462519148;S
20240524;101518;236;10;10462519149;S
20240524;101519;236;10;10462519268;S
20240524;101519;236;10;10462519269;S
20240524;101519;236;10;10462519270;S
20240524;101520;236;10;10462519585;S
20240524;101520;236;1500;10462519586;S
20240524;101520;236;840;10462519587;S
20240524;101520;236;10;10462519588;S
20240524;101520;236;1000;10462519589;S
20240524;101520;236;10;10462519590;S
20240524;101520;236;10;10462519591;S
20240524;101520;236;20;10462519592;S
20240524;101520;236;10;10462519593;S
20240524;101520;236;20;10462519594;S
20240524;101520;236;50;10462519595;S
20240524;101520;236;20;10462519596;S
20240524;101520;236;10;10462519597;S
20240524;101520;236;100;10462519598;S
20240524;101520;236;20;10462519599;S
20240524;101520;235.99;40;10462519613;S
20240524;101520;235.98;10;10462519615;S
20240524;101520;235.98;10;10462519783;B
20240524;101520;235.97;40;10462519876;S
20240524;101521;235.97;10;10462520159;S
20240524;101521;235.97;50;10462520160;S
20240524;101525;235.93;20;10462521056;B
20240524;101525;235.92;30;10462521197;S
20240524;101527;235.92;20;10462521588;S
20240524;101529;235.93;10;10462522125;B
20240524;101529;235.93;40;10462522159;B
20240524;101533;235.93;20;10462523187;B
20240524;101535;235.92;60;10462523771;S
20240524;101538;235.93;10;10462524301;B
20240524;101541;235.93;270;10462524927;B
20240524;101541;235.93;60;10462524953;B
20240524;101544;235.92;10;10462525582;S
20240524;101544;235.92;30;10462525585;S
20240524;101544;235.93;10;10462525596;B
20240524;101544;235.93;90;10462525597;B
20240524;101545;235.93;10;10462525613;B
20240524;101545;235.93;10;10462525620;B
20240524;101545;235.93;10;10462525705;B
20240524;101545;235.93;10;10462525722;B
20240524;101545;235.94;90;10462525757;B
20240524;101545;235.96;20;10462525759;S
20240524;101545;235.97;150;10462525771;B
20240524;101547;235.97;20;10462526081;B
20240524;101548;235.97;10;10462526286;B
20240524;101548;235.96;10;10462526295;S
20240524;101549;235.97;40;10462526466;B
20240524;101550;235.97;20;10462526499;B
20240524;101550;235.97;10;10462526509;B
20240524;101551;235.97;10;10462526775;B
20240524;101552;235.96;40;10462526837;S
20240524;101553;235.97;70;10462527172;B
20240524;101554;235.97;10;10462527371;B
20240524;101554;235.97;20;10462527386;B
20240524;101554;235.97;10;10462527390;B
20240524;101555;235.97;10;10462527539;B
20240524;101556;235.97;3120;10462527825;B
20240524;101556;235.97;670;10462527826;B
20240524;101556;235.97;80;10462527827;B
20240524;101556;235.98;90;10462527828;B
20240524;101556;236;400;10462527830;B
20240524;101556;236.08;40;10462527871;B
20240524;101559;236.05;80;10462528300;S
20240524;101559;236.05;290;10462528301;S
20240524;101600;236.05;30;10462528484;S
20240524;101600;236.05;30;10462528485;S
20240524;101601;236.08;10;10462528556;B
20240524;101601;236.08;30;10462528557;B
20240524;101601;236.12;50;10462528561;B
20240524;101601;236.06;10;10462528633;S
20240524;101606;236.11;20;10462529333;S
20240524;101611;236.12;20;10462529955;B
20240524;101612;236.12;10;10462530083;B
20240524;101612;236.12;10;10462530092;B
20240524;101613;236.08;10;10462530229;S
20240524;101613;236.08;400;10462530230;S
20240524;101613;236.07;80;10462530231;S
20240524;101613;236.05;340;10462530232;S
20240524;101613;236.04;70;10462530233;S
20240524;101613;236.04;10;10462530234;S
20240524;101613;236.03;170;10462530235;S
20240524;101613;236.01;50;10462530236;S
20240524;101613;235.99;510;10462530237;S
20240524;101613;235.98;420;10462530238;S
20240524;101613;235.96;50;10462530239;S
20240524;101613;235.96;10;10462530240;S
20240524;101613;235.95;210;10462530241;S
20240524;101613;235.93;500;10462530242;S
20240524;101613;235.93;250;10462530243;S
20240524;101613;235.93;150;10462530244;S
20240524;101613;235.9;120;10462530245;S
20240524;101613;235.9;10;10462530246;S
20240524;101613;235.9;100;10462530247;S
20240524;101613;235.9;510;10462530248;S
20240524;101613;235.9;20;10462530249;S
20240524;101613;235.9;50;10462530250;S
20240524;101613;235.87;50;10462530251;S
20240524;101613;235.84;10;10462530252;S
20240524;101613;235.84;1180;10462530253;S
20240524;101613;235.84;560;10462530254;S
20240524;101613;235.83;30;10462530255;S
20240524;101613;235.98;80;10462530270;B
20240524;101613;236.01;50;10462530271;B
20240524;101613;236.03;80;10462530272;B
20240524;101613;236.04;50;10462530273;B
20240524;101613;236.05;170;10462530274;B
20240524;101613;236.09;120;10462530275;B
20240524;101614;236.09;20;10462530389;B
20240524;101614;236.1;10;10462530390;B
20240524;101614;236.1;410;10462530434;B
20240524;101614;236.11;80;10462530435;B
20240524;101614;236.12;110;10462530436;B
20240524;101614;236.14;30;10462530437;B
20240524;101614;236.17;300;10462530438;B
20240524;101614;236.18;70;10462530439;B
20240524;101614;236.18;10;10462530441;B
20240524;101615;236.07;50;10462530447;S
20240524;101615;236.07;10;10462530450;S
20240524;101615;236.07;20;10462530452;S
20240524;101617;236.18;30;10462530733;B
20240524;101617;236.18;30;10462530762;B
20240524;101617;236.19;30;10462530785;B
20240524;101618;236.19;30;10462530842;B
20240524;101618;236.19;30;10462530894;B
20240524;101619;236.18;30;10462531002;B
20240524;101621;236.18;30;10462531307;B
20240524;101622;236.11;510;10462531358;S
20240524;101622;236.1;20;10462531359;S
20240524;101625;236.11;40;10462531800;S
20240524;101625;236.11;20;10462531802;S
20240524;101625;236.11;20;10462531817;S
20240524;101627;236.11;10;10462531945;S
20240524;101628;236.11;10;10462532075;B
20240524;101630;236.11;10;10462532289;B
20240524;101631;236.09;10;10462532456;S
20240524;101632;236.08;30;10462532493;S
20240524;101635;236.11;10;10462532809;B
20240524;101638;236.11;10;10462533053;B
20240524;101640;236.08;30;10462533224;S
20240524;101640;236.08;20;10462533227;S
20240524;101640;236.11;70;10462533246;B
20240524;101640;236.11;20;10462533257;B
20240524;101640;236.11;50;10462533276;B
20240524;101649;236.11;50;10462534170;B
20240524;101651;236.11;10;10462534349;B
20240524;101651;236.11;40;10462534357;B
20240524;101651;236.08;20;10462534372;S
20240524;101651;236.08;10;10462534373;S
20240524;101651;236.06;20;10462534375;S
20240524;101656;236.11;10;10462534829;B
20240524;101657;236.11;50;10462534945;B
20240524;101657;236.11;400;10462534947;B
20240524;101657;236.11;10;10462535006;B
20240524;101701;236.08;20;10462535272;S
20240524;101701;236.08;20;10462535275;S
20240524;101703;236.08;10;10462535553;S
20240524;101703;236.05;50;10462535554;S
20240524;101703;236.05;30;10462535555;S
20240524;101704;236.04;10;10462535565;S
20240524;101707;236.11;740;10462535892;B
20240524;101707;236.12;280;10462535893;B
20240524;101707;236.13;80;10462535894;B
20240524;101707;236.14;50;10462535895;B
20240524;101707;236.15;40;10462535896;B
20240524;101707;236.16;20;10462535897;B
20240524;101707;236.17;90;10462535898;B
20240524;101712;236.13;50;10462536463;S
20240524;101712;236.13;10;10462536465;S
20240524;101713;236.18;30;10462536473;B
20240524;101715;236.18;1170;10462536823;B
20240524;101715;236.2;10;10462536824;B
20240524;101715;236.2;280;10462536825;B
20240524;101715;236.2;80;10462536826;B
20240524;101715;236.2;420;10462536827;B
20240524;101715;236.24;170;10462536828;B
20240524;101715;236.25;50;10462536829;B
20240524;101715;236.25;10;10462536830;B
20240524;101715;236.26;400;10462536831;B
20240524;101715;236.29;410;10462536832;B
20240524;101722;236.19;40;10462537507;S
20240524;101722;236.19;20;10462537510;S
20240524;101723;236.2;20;10462537755;S
20240524;101729;236.29;10;10462538444;B
20240524;101733;236.2;10;10462538846;S
20240524;101733;236.2;10;10462538847;S
20240524;101733;236.2;20;10462538851;S
20240524;101733;236.2;40;10462538853;S
20240524;101741;236.23;260;10462539908;S
20240524;101742;236.2;10;10462539992;S
20240524;101742;236.2;30;10462540009;S
20240524;101743;236.2;20;10462540074;S
20240524;101743;236.2;10;10462540076;S
20240524;101743;236.19;20;10462540077;S
20240524;101802;236.17;40;10462542131;S
20240524;101802;236.17;40;10462542133;S
20240524;101803;236.18;10;10462542404;B
20240524;101810;236.17;140;10462543267;B
20240524;101813;236.16;30;10462543608;S
20240524;101813;236.16;20;10462543609;S
20240524;101813;236.16;20;10462543610;S
20240524;101813;236.17;290;10462543630;B
20240524;101814;236.23;10;10462543837;B
20240524;101814;236.23;80;10462543838;B
20240524;101814;236.24;270;10462543839;B
20240524;101814;236.25;420;10462543840;B
20240524;101814;236.27;20;10462543841;B
20240524;101815;236.28;20;10462543917;B
20240524;101822;236.29;10;10462545824;B
20240524;101823;236.21;50;10462546147;S
20240524;101823;236.28;10;10462546212;B
20240524;101833;236.22;40;10462548099;S
20240524;101842;236.21;40;10462549307;S
20240524;101843;236.26;260;10462549465;B
20240524;101843;236.26;420;10462549466;B
20240524;101843;236.26;400;10462549467;B
20240524;101843;236.28;10;10462549468;B
20240524;101843;236.3;170;10462549469;B
20240524;101843;236.32;400;10462549470;B
20240524;101843;236.35;340;10462549471;B
20240524;101845;236.28;260;10462549913;B
20240524;101845;236.28;240;10462549914;B
20240524;101846;236.29;10;10462550004;B
20240524;101849;236.29;200;10462550475;B
20240524;101853;236.24;50;10462551196;S
20240524;101853;236.24;10;10462551198;S
20240524;101853;236.24;20;10462551199;S
20240524;101903;236.24;40;10462552940;S
20240524;101903;236.23;20;10462552941;S
20240524;101905;236.29;10;10462553323;B
20240524;101912;236.23;50;10462554470;S
20240524;101915;236.29;10;10462554786;B
20240524;101921;236.26;60;10462555524;S
20240524;101924;236.28;10;10462555940;B
20240524;101924;236.23;10;10462555972;S
20240524;101924;236.23;40;10462555973;S
20240524;101926;236.29;10;10462556274;B
20240524;101930;236.23;60;10462556947;S
20240524;101934;236.21;30;10462557519;S
20240524;101934;236.21;130;10462557520;S
20240524;101934;236.21;100;10462557521;S
20240524;101934;236.2;30;10462557522;S
20240524;101941;236.22;70;10462558395;B
20240524;101941;236.23;160;10462558396;B
20240524;101943;236.22;20;10462558588;S
20240524;101945;236.22;50;10462558898;S
20240524;101952;236.22;30;10462559913;S
20240524;101957;236.23;10;10462560453;B
20240524;101957;236.23;10;10462560455;B
20240524;102000;236.22;60;10462560795;S
20240524;102000;236.22;110;10462560813;S
20240524;102000;236.22;10;10462560814;S
20240524;102000;236.2;10;10462560818;S
20240524;102000;236.2;20;10462560819;S
20240524;102001;236.22;10;10462560884;B
20240524;102006;236.22;10;10462561581;B
20240524;102009;236.19;100;10462562114;S
20240524;102009;236.19;60;10462562115;S
20240524;102009;236.19;20;10462562116;S
20240524;102009;236.17;70;10462562117;S
20240524;102009;236.15;50;10462562118;S
20240524;102009;236.2;10;10462562210;B
20240524;102015;236.2;70;10462566539;B
20240524;102015;236.2;400;10462566540;B
20240524;102019;236.21;70;10462570496;B
20240524;102019;236.22;40;10462570497;B
20240524;102020;236.22;20;10462571349;B
20240524;102021;236.2;90;10462571509;S
20240524;102021;236.2;30;10462571534;S
20240524;102022;236.2;10;10462572526;S
20240524;102022;236.21;20;10462572751;B
20240524;102023;236.2;10;10462573750;S
20240524;102026;236.2;10;10462576469;S
20240524;102028;236.15;30;10462578246;S
20240524;102028;236.15;10;10462578247;S
20240524;102029;236.16;400;10462579608;B
20240524;102030;236.15;20;10462581049;S
20240524;102030;236.15;30;10462581050;S
20240524;102032;236.15;10;10462582752;S
20240524;102036;236.16;10;10462586753;B
20240524;102040;236.15;30;10462590812;S
20240524;102040;236.15;30;10462590907;S
20240524;102042;236.15;40;10462593427;B
20240524;102042;236.17;10;10462593428;B
20240524;102047;236.18;10;10462598350;B
20240524;102050;236.17;20;10462601898;S
20240524;102050;236.14;20;10462601904;S
20240524;102050;236.14;10;10462601905;S
20240524;102053;236.17;10;10462604442;B
20240524;102054;236.17;10;10462605195;B
20240524;102054;236.17;10;10462605343;B
20240524;102057;236.18;50;10462607369;B
20240524;102059;236.18;120;10462608340;B
20240524;102100;236.15;20;10462609451;S
20240524;102100;236.15;30;10462609472;S
20240524;102100;236.15;20;10462609477;S
20240524;102100;236.18;10;10462609515;B
20240524;102101;236.18;600;10462609539;B
20240524;102101;236.15;130;10462609858;S
20240524;102101;236.14;20;10462609859;S
20240524;102101;236.14;100;10462609860;S
20240524;102101;236.14;170;10462609861;S
20240524;102101;236.13;1000;10462609862;S
20240524;102101;236.13;1520;10462609863;S
20240524;102101;236.13;70;10462609864;S
20240524;102101;236.12;30;10462609865;S
20240524;102101;236.11;2500;10462609866;S
20240524;102101;236.11;40;10462609867;S
20240524;102101;236.1;10;10462609868;S
20240524;102101;236.08;50;10462609869;S
20240524;102101;236.05;420;10462609870;S
20240524;102101;236.02;2000;10462609871;S
20240524;102101;236;1000;10462609872;S
20240524;102101;236;10;10462609873;S
20240524;102101;236;20;10462609874;S
20240524;102101;236;20;10462609875;S
20240524;102101;236;20;10462609876;S
20240524;102101;236;10;10462609877;S
20240524;102101;236;10;10462609878;S
20240524;102101;236;10;10462609879;S
20240524;102101;236;10;10462609880;S
20240524;102101;236;30;10462609881;S
20240524;102101;235.96;100;10462609882;S
20240524;102101;235.96;600;10462609883;S
20240524;102101;235.94;100;10462609884;S
20240524;102102;236.11;20;10462610543;B
20240524;102107;236.12;70;10462613749;B
20240524;102107;236.12;70;10462613750;B
20240524;102107;236.12;10;10462613751;B
20240524;102109;236.2;20;10462615099;B
20240524;102110;236.18;10;10462616348;S
20240524;102111;236.19;20;10462616407;S
20240524;102111;236.19;20;10462616421;S
20240524;102111;236.19;10;10462616801;S
20240524;102113;236.19;10;10462618172;S
20240524;102114;236.19;10;10462619150;S
20240524;102119;236.2;10;10462623685;B
20240524;102120;236.2;10;10462624007;B
20240524;102122;236.19;30;10462626419;S
20240524;102122;236.19;20;10462626438;S
20240524;102122;236.19;20;10462626440;S
20240524;102124;236.19;10;10462627770;S
20240524;102124;236.19;50;10462628437;S
20240524;102133;236.19;20;10462633400;S
20240524;102133;236.19;30;10462633402;S
20240524;102136;236.19;140;10462633872;S
20240524;102140;236.19;20;10462634415;S
20240524;102140;236.19;10;10462634423;S
20240524;102140;236.19;10;10462634424;S
20240524;102141;236.22;10;10462634576;B
20240524;102141;236.22;270;10462634593;B
20240524;102142;236.22;40;10462634660;B
20240524;102142;236.22;230;10462634661;B
20240524;102142;236.23;70;10462634662;B
20240524;102142;236.28;30;10462634663;B
20240524;102142;236.28;100;10462634664;S
20240524;102151;236.23;20;10462635783;S
20240524;102151;236.23;30;10462635786;S
20240524;102152;236.32;10;10462635824;B
20240524;102200;236.24;10;10462637092;S
20240524;102200;236.23;10;10462637093;S
20240524;102200;236.23;40;10462637094;S
20240524;102205;236.27;30;10462637609;B
20240524;102211;236.23;20;10462638244;S
20240524;102211;236.23;30;10462638246;S
20240524;102212;236.22;70;10462638390;S
20240524;102212;236.2;60;10462638391;S
20240524;102212;236.2;60;10462638392;S
20240524;102212;236.19;100;10462638393;S
20240524;102212;236.18;110;10462638394;S
20240524;102212;236.15;10;10462638395;S
20240524;102212;236.14;20;10462638398;S
20240524;102212;236.12;10;10462638403;S
20240524;102213;236.07;10;10462638503;B
20240524;102213;236.07;60;10462638523;B
20240524;102219;236.07;10;10462639268;B
20240524;102220;236;10;10462639406;S
20240524;102220;236;10;10462639407;S
20240524;102220;235.99;10;10462639408;S
20240524;102220;235.99;20;10462639409;S
20240524;102220;235.98;10;10462639410;S
20240524;102230;235.98;40;10462640425;S
20240524;102230;236.07;20;10462640436;B
20240524;102235;236.07;10;10462641108;B
20240524;102239;235.98;20;10462641490;S
20240524;102239;235.97;40;10462641493;S
20240524;102248;236.02;60;10462642559;S
20240524;102248;236.01;420;10462642560;S
20240524;102248;236.07;150;10462642672;B
20240524;102249;236.01;30;10462642696;S
20240524;102252;236.07;60;10462643286;B
20240524;102258;236.07;50;10462643920;B
20240524;102259;236.04;30;10462643965;S
20240524;102307;236.07;10;10462644958;B
20240524;102308;236.07;10;10462645141;B
20240524;102310;236.04;50;10462645294;S
20240524;102310;236.02;30;10462645295;S
20240524;102319;236.07;30;10462646223;B
20240524;102319;236.07;50;10462646224;B
20240524;102319;236.07;10;10462646225;B
20240524;102319;236.08;60;10462646226;B
20240524;102319;236.09;420;10462646227;B
20240524;102321;236.1;30;10462646519;S
20240524;102321;236.08;40;10462646521;S
20240524;102327;236.06;60;10462647115;S
20240524;102327;236.05;510;10462647116;S
20240524;102327;236.05;170;10462647117;S
20240524;102327;236.05;260;10462647118;S
20240524;102329;236.08;20;10462647413;S
20240524;102333;236.12;10;10462647856;B
20240524;102336;236.12;10;10462648103;B
20240524;102337;236.09;10;10462648190;S
20240524;102339;236.07;40;10462648465;S
20240524;102339;236.05;40;10462648467;S
20240524;102350;236.11;20;10462649413;S
20240524;102350;236.1;50;10462649416;S
20240524;102354;236.13;10;10462649806;B
20240524;102354;236.13;240;10462649807;B
20240524;102354;236.13;130;10462649808;B
20240524;102354;236.13;420;10462649809;B
20240524;102405;236.12;40;10462650671;S
20240524;102405;236.12;10;10462650673;S
20240524;102405;236.1;10;10462650674;S
20240524;102405;236.11;60;10462650688;B
20240524;102406;236.11;10;10462650701;B
20240524;102408;236.1;20;10462650917;S
20240524;102410;236.1;180;10462651044;S
20240524;102410;236.1;50;10462651045;S
20240524;102413;236.07;20;10462651424;B
20240524;102416;236.05;20;10462651637;S
20240524;102416;236.05;30;10462651638;S
20240524;102421;236.06;10;10462652115;B
20240524;102422;236.06;10;10462652182;B
20240524;102422;236.05;10;10462652183;S
20240524;102423;236.04;30;10462652307;S
20240524;102428;236.04;50;10462652781;S
20240524;102428;236.04;420;10462652802;S
20240524;102428;236.04;60;10462652803;S
20240524;102431;236.02;220;10462653002;S
20240524;102433;236;10;10462653239;S
20240524;102433;236;50;10462653241;S
20240524;102434;236;10;10462653335;S
20240524;102441;236;10;10462654100;S
20240524;102441;236;10;10462654118;S
20240524;102442;236;40;10462654131;S
20240524;102442;236;190;10462654132;S
20240524;102442;236;20;10462654275;S
20240524;102442;236;50;10462654276;S
20240524;102442;236;40;10462654280;S
20240524;102444;236;10;10462654451;S
20240524;102444;236;10;10462654452;S
20240524;102445;236;40;10462654556;S
20240524;102447;236;40;10462654753;S
20240524;102447;236;60;10462654754;S
20240524;102447;236;80;10462654780;S
20240524;102448;236;250;10462654835;S
20240524;102448;236;10;10462654836;S
20240524;102450;236;20;10462655015;S
20240524;102451;236.01;10;10462655074;B
20240524;102451;236;30;10462655124;S
20240524;102454;236.01;50;10462655335;B
20240524;102454;236;10;10462655336;S
20240524;102455;236;20;10462655592;S
20240524;102459;236;10;10462656017;S
20240524;102459;236;10;10462656018;S
20240524;102500;236;10;10462656095;S
20240524;102501;236;30;10462656136;S
20240524;102501;236;10;10462656137;S
20240524;102501;236.01;10;10462656139;B
20240524;102501;236;50;10462656236;S
20240524;102503;236;20;10462656633;S
20240524;102510;236;100;10462657531;S
20240524;102511;236.01;10;10462657546;B
20240524;102511;236;280;10462657593;S
20240524;102511;236;50;10462657594;S
20240524;102511;236;20;10462657595;S
20240524;102513;235.99;10;10462657905;B
20240524;102515;235.99;10;10462658087;B
20240524;102517;235.98;50;10462658316;S
20240524;102518;235.96;40;10462658466;S
20240524;102518;235.96;1000;10462658467;S
20240524;102518;235.95;30;10462658475;S
20240524;102520;235.91;30;10462659113;S
20240524;102520;235.91;10;10462659114;S
20240524;102521;235.91;20;10462659159;S
20240524;102521;235.91;10;10462659234;S
20240524;102521;235.91;10;10462659278;S
20240524;102521;235.91;10;10462659318;S
20240524;102522;235.91;40;10462659346;S
20240524;102522;235.91;10;10462659431;S
20240524;102523;235.91;10;10462659510;S
20240524;102528;235.91;100;10462659897;S
20240524;102529;235.91;80;10462659907;S
20240524;102530;235.91;80;10462660059;S
20240524;102532;235.91;20;10462660290;S
20240524;102532;235.91;10;10462660291;S
20240524;102532;235.91;340;10462660292;S
20240524;102532;235.91;20;10462660296;S
20240524;102532;235.91;1120;10462660327;S
20240524;102532;235.91;500;10462660328;S
20240524;102532;235.9;100;10462660329;S
20240524;102532;235.9;900;10462660330;S
20240524;102532;235.9;10;10462660331;S
20240524;102532;235.88;200;10462660333;S
20240524;102532;235.88;30;10462660334;S
20240524;102532;235.87;50;10462660335;S
20240524;102533;235.85;100;10462660374;B
20240524;102534;235.85;10;10462660472;B
20240524;102541;235.85;60;10462661222;B
20240524;102541;235.85;210;10462661223;B
20240524;102543;235.84;30;10462661575;S
20240524;102543;235.84;30;10462661576;S
20240524;102544;235.84;30;10462661656;S
20240524;102544;235.84;10;10462661657;S
20240524;102544;235.83;50;10462661658;S
20240524;102544;235.81;10;10462661746;S
20240524;102546;235.81;200;10462661959;S
20240524;102546;235.81;100;10462662043;S
20240524;102546;235.81;100;10462662044;S
20240524;102546;235.81;10;10462662169;S
20240524;102546;235.81;10;10462662170;S
20240524;102546;235.8;10;10462662222;S
20240524;102547;235.8;150;10462662298;S
20240524;102548;235.8;10;10462662427;S
20240524;102548;235.81;10;10462662468;B
20240524;102549;235.8;10;10462662665;S
20240524;102549;235.8;20;10462662666;S
20240524;102550;235.81;90;10462662806;B
20240524;102551;235.81;10;10462662909;B
20240524;102553;235.81;400;10462663054;B
20240524;102553;235.81;600;10462663055;B
20240524;102554;235.8;30;10462663162;S
20240524;102554;235.8;50;10462663163;S
20240524;102554;235.8;220;10462663178;S
20240524;102554;235.8;9000;10462663179;S
20240524;102554;235.8;550;10462663180;S
20240524;102554;235.8;10;10462663181;S
20240524;102554;235.8;150;10462663182;S
20240524;102554;235.8;40;10462663183;S
20240524;102554;235.8;10;10462663184;S
20240524;102554;235.8;10;10462663185;S
20240524;102554;235.8;30;10462663186;S
20240524;102554;235.8;10;10462663187;S
20240524;102554;235.76;30;10462663188;S
20240524;102554;235.75;20;10462663189;S
20240524;102554;235.75;300;10462663190;S
20240524;102554;235.75;500;10462663191;S
20240524;102554;235.75;1000;10462663192;S
20240524;102554;235.7;10;10462663195;S
20240524;102554;235.7;10;10462663196;S
20240524;102554;235.7;10;10462663197;S
20240524;102554;235.66;10;10462663201;S
20240524;102554;235.66;30;10462663202;S
20240524;102554;235.66;300;10462663203;S
20240524;102554;235.65;100;10462663204;S
20240524;102554;235.65;10;10462663205;S
20240524;102554;235.64;100;10462663206;S
20240524;102554;235.63;100;10462663207;S
20240524;102554;235.62;20;10462663208;S
20240524;102554;235.61;170;10462663209;S
20240524;102555;235.61;10;10462663256;S
20240524;102555;235.62;30;10462663270;B
20240524;102555;235.62;50;10462663271;B
20240524;102555;235.61;310;10462663298;S
20240524;102555;235.62;10;10462663353;B
20240524;102556;235.61;50;10462663375;S
20240524;102601;235.62;10;10462664133;B
20240524;102601;235.62;10;10462664140;B
20240524;102602;235.62;10;10462664259;B
20240524;102602;235.61;70;10462664279;S
20240524;102602;235.61;60;10462664349;S
20240524;102603;235.61;60;10462664404;S
20240524;102603;235.61;50;10462664450;S
20240524;102603;235.61;10;10462664520;S
20240524;102604;235.62;20;10462664617;B
20240524;102606;235.61;10;10462664934;S
20240524;102606;235.61;50;10462664935;S
20240524;102606;235.61;150;10462665056;S
20240524;102606;235.6;10;10462665057;S
20240524;102606;235.6;10;10462665058;S
20240524;102607;235.58;250;10462665104;B
20240524;102607;235.57;10;10462665165;S
20240524;102607;235.57;10;10462665170;S
20240524;102607;235.56;10;10462665221;S
20240524;102609;235.57;30;10462665472;B
20240524;102613;235.56;20;10462666322;S
20240524;102613;235.56;10;10462666323;S
20240524;102613;235.55;30;10462666324;S
20240524;102613;235.55;130;10462666325;S
20240524;102613;235.55;10;10462666367;S
20240524;102614;235.56;400;10462666421;B
20240524;102614;235.56;480;10462666422;B
20240524;102614;235.56;30;10462666423;B
20240524;102614;235.57;90;10462666424;B
20240524;102614;235.57;200;10462666506;B
20240524;102616;235.57;80;10462666627;B
20240524;102616;235.55;40;10462666644;S
20240524;102618;235.56;10;10462666831;B
20240524;102620;235.57;10;10462666933;B
20240524;102621;235.56;10;10462667157;S
20240524;102627;235.55;30;10462667689;S
20240524;102627;235.56;50;10462667706;B
20240524;102628;235.56;10;10462667748;S
20240524;102628;235.55;10;10462667796;S
20240524;102628;235.55;40;10462667824;S
20240524;102630;235.55;200;10462667939;S
20240524;102635;235.57;320;10462668576;B
20240524;102636;235.58;10;10462668612;S
20240524;102637;235.61;10;10462668706;B
20240524;102637;235.57;680;10462668707;S
20240524;102637;235.56;50;10462668708;S
20240524;102637;235.56;10;10462668709;S
20240524;102637;235.56;100;10462668710;S
20240524;102637;235.55;540;10462668711;S
20240524;102637;235.55;100;10462668712;S
20240524;102637;235.54;50;10462668713;S
20240524;102637;235.54;50;10462668714;S
20240524;102637;235.54;170;10462668715;S
20240524;102637;235.53;90;10462668716;S
20240524;102637;235.53;10;10462668717;S
20240524;102637;235.53;750;10462668718;S
20240524;102637;235.52;2000;10462668719;S
20240524;102637;235.52;420;10462668720;S
20240524;102637;235.51;10;10462668721;S
20240524;102637;235.51;10;10462668722;S
20240524;102637;235.51;300;10462668723;S
20240524;102637;235.51;10;10462668724;S
20240524;102637;235.51;10;10462668725;S
20240524;102637;235.51;50;10462668726;S
20240524;102637;235.51;50;10462668727;S
20240524;102637;235.5;10;10462668728;S
20240524;102637;235.5;10000;10462668729;S
20240524;102637;235.5;20000;10462668730;S
20240524;102637;235.5;20000;10462668731;S
20240524;102637;235.5;50;10462668732;S
20240524;102637;235.5;400;10462668733;S
20240524;102637;235.5;50;10462668734;S
20240524;102637;235.5;20;10462668735;S
20240524;102637;235.5;10;10462668736;S
20240524;102637;235.5;10;10462668737;S
20240524;102637;235.5;350;10462668738;S
20240524;102637;235.5;250;10462668739;S
20240524;102637;235.5;500;10462668740;S
20240524;102637;235.5;30;10462668741;S
20240524;102637;235.49;10;10462668742;S
20240524;102637;235.49;60;10462668743;S
20240524;102637;235.5;100;10462668744;B
20240524;102637;235.49;90;10462668745;B
20240524;102637;235.49;10;10462668746;B
20240524;102637;235.48;100;10462668747;B
20240524;102637;235.47;100;10462668748;B
20240524;102637;235.47;100;10462668749;B
20240524;102637;235.45;10;10462668753;S
20240524;102637;235.45;410;10462668754;S
20240524;102637;235.44;10;10462668755;S
20240524;102637;235.45;50;10462668756;S
20240524;102637;235.43;10;10462668757;S
20240524;102637;235.43;10;10462668758;S
20240524;102637;235.43;10;10462668759;S
20240524;102637;235.43;10;10462668760;S
20240524;102637;235.43;10;10462668761;S
20240524;102637;235.43;210;10462668762;S
20240524;102637;235.43;30;10462668763;S
20240524;102637;235.43;10;10462668789;S
20240524;102637;235.43;150;10462668807;S
20240524;102637;235.42;100;10462668808;S
20240524;102637;235.4;250;10462668809;S
20240524;102637;235.4;10;10462668810;S
20240524;102637;235.39;110;10462668811;S
20240524;102637;235.37;50;10462668812;S
20240524;102637;235.35;100;10462668813;S
20240524;102637;235.32;240;10462668814;S
20240524;102637;235.31;50;10462668815;S
20240524;102637;235.31;100;10462668816;S
20240524;102637;235.3;300;10462668817;S
20240524;102637;235.3;10;10462668818;S
20240524;102637;235.3;2720;10462668819;S
20240524;102637;235.31;10;10462668821;S
20240524;102637;235.35;100;10462668858;B
20240524;102637;235.37;10;10462668862;B
20240524;102638;235.37;70;10462668865;B
20240524;102638;235.37;430;10462668914;B
20240524;102638;235.38;90;10462668915;B
20240524;102638;235.38;170;10462668916;B
20240524;102638;235.39;110;10462668917;B
20240524;102638;235.4;200;10462668918;B
20240524;102638;235.4;200;10462668919;B
20240524;102638;235.4;200;10462668920;B
20240524;102638;235.4;150;10462668921;B
20240524;102638;235.4;400;10462668922;B
20240524;102638;235.42;60;10462668942;B
20240524;102638;235.44;10;10462668947;B
20240524;102638;235.44;60;10462668955;B
20240524;102639;235.4;40;10462669028;S
20240524;102639;235.4;40;10462669033;S
20240524;102639;235.4;40;10462669034;S
20240524;102641;235.41;110;10462669177;B
20240524;102641;235.42;240;10462669178;B
20240524;102642;235.41;10;10462669278;B
20240524;102646;235.45;970;10462670092;B
20240524;102646;235.45;110;10462670093;B
20240524;102646;235.46;30;10462670094;B
20240524;102646;235.48;390;10462670095;B
20240524;102646;235.48;10;10462670236;B
20240524;102651;235.45;10;10462670796;S
20240524;102651;235.43;10;10462670800;S
20240524;102651;235.42;10;10462670801;S
20240524;102659;235.41;40;10462671820;S
20240524;102659;235.4;10;10462671822;S
20240524;102700;235.43;10;10462671914;B
20240524;102700;235.44;110;10462671915;B
20240524;102700;235.45;480;10462671916;B
20240524;102700;235.47;10;10462671931;B
20240524;102700;235.41;510;10462671932;S
20240524;102700;235.4;420;10462671933;S
20240524;102700;235.4;10;10462671934;S
20240524;102700;235.4;10;10462671935;S
20240524;102700;235.39;420;10462671936;S
20240524;102700;235.39;110;10462671937;S
20240524;102700;235.35;10;10462671938;S
20240524;102700;235.34;170;10462671939;S
20240524;102700;235.31;10;10462671940;S
20240524;102700;235.3;100;10462671941;S
20240524;102700;235.29;50;10462671942;S
20240524;102700;235.28;500;10462671943;S
20240524;102700;235.27;100;10462671944;S
20240524;102700;235.27;400;10462671945;S
20240524;102700;235.26;1340;10462671946;S
20240524;102700;235.4;10;10462671954;B
20240524;102703;235.39;10;10462672111;B
20240524;102704;235.39;20;10462672214;B
20240524;102707;235.37;30;10462672711;S
20240524;102707;235.39;90;10462672719;B
20240524;102707;235.4;90;10462672720;B
20240524;102707;235.41;100;10462672721;B
20240524;102707;235.43;170;10462672722;B
20240524;102707;235.46;240;10462672723;B
20240524;102707;235.47;200;10462672724;B
20240524;102713;235.41;510;10462673233;S
20240524;102713;235.4;680;10462673234;S
20240524;102716;235.41;110;10462673614;B
20240524;102716;235.45;20;10462673615;B
20240524;102716;235.45;20;10462673616;B
20240524;102716;235.45;120;10462673617;B
20240524;102717;235.45;20;10462673657;S
20240524;102717;235.46;10;10462673659;B
20240524;102718;235.45;40;10462673775;S
20240524;102718;235.45;10;10462673776;S
20240524;102718;235.46;10;10462673842;B
20240524;102719;235.46;10;10462673903;B
20240524;102720;235.45;200;10462674207;S
20240524;102721;235.45;20;10462674440;S
20240524;102721;235.46;10;10462674576;B
20240524;102722;235.45;220;10462674701;S
20240524;102724;235.46;30;10462674886;B
20240524;102724;235.46;10;10462675023;B
20240524;102727;235.45;10;10462675300;S
20240524;102727;235.45;40;10462675301;S
20240524;102727;235.45;20;10462675302;S
20240524;102727;235.46;10;10462675308;B
20240524;102728;235.45;10;10462675338;S
20240524;102729;235.45;100;10462675481;S
20240524;102730;235.45;10;10462675564;S
20240524;102730;235.46;10;10462675618;B
20240524;102733;235.46;10;10462675945;B
20240524;102737;235.42;80;10462676711;B
20240524;102737;235.42;510;10462676712;B
20240524;102737;235.43;500;10462676713;B
20240524;102737;235.43;170;10462676714;B
20240524;102737;235.44;60;10462676715;B
20240524;102737;235.46;10;10462676716;B
20240524;102737;235.46;400;10462676717;B
20240524;102737;235.46;150;10462676718;B
20240524;102737;235.46;50;10462676778;S
20240524;102738;235.47;20;10462676912;B
20240524;102738;235.47;20;10462676913;B
20240524;102739;235.47;20;10462677146;B
20240524;102740;235.46;200;10462677268;S
20240524;102747;235.47;20;10462678458;S
20240524;102747;235.47;30;10462678466;S
20240524;102751;235.47;30;10462678972;S
20240524;102754;235.48;10;10462679601;B
20240524;102755;235.48;10;10462679686;B
20240524;102756;235.48;90;10462679821;B
20240524;102756;235.48;110;10462679822;B
20240524;102756;235.49;110;10462679823;B
20240524;102756;235.49;20;10462679824;B
20240524;102756;235.49;10;10462679825;B
20240524;102756;235.49;10;10462679826;B
20240524;102756;235.49;510;10462679827;B
20240524;102756;235.49;420;10462679828;B
20240524;102756;235.5;720;10462679829;B
20240524;102756;235.48;300;10462679893;B
20240524;102758;235.48;10;10462680117;B
20240524;102758;235.47;40;10462680126;S
20240524;102758;235.47;30;10462680129;S
20240524;102758;235.47;10;10462680178;S
20240524;102800;235.48;20;10462680507;B
20240524;102802;235.48;10;10462680994;B
20240524;102802;235.47;30;10462681263;S
20240524;102804;235.47;70;10462681463;S
20240524;102804;235.47;10;10462681464;S
20240524;102804;235.46;270;10462681465;S
20240524;102806;235.46;30;10462681863;S
20240524;102808;235.47;20;10462682114;B
20240524;102811;235.47;10;10462682679;B
20240524;102813;235.47;40;10462682877;B
20240524;102813;235.47;10;10462682878;B
20240524;102819;235.48;10;10462683427;B
20240524;102819;235.47;30;10462683522;S
20240524;102819;235.47;30;10462683526;S
20240524;102819;235.47;40;10462683527;S
20240524;102822;235.48;10;10462683768;B
20240524;102823;235.48;100;10462683847;B
20240524;102829;235.46;20;10462684395;S
20240524;102833;235.47;40;10462685061;B
20240524;102833;235.47;170;10462685062;B
20240524;102839;235.48;40;10462685786;S
20240524;102839;235.48;40;10462685788;S
20240524;102846;235.49;500;10462686683;B
20240524;102849;235.48;20;10462686927;S
20240524;102849;235.48;50;10462686928;S
20240524;102851;235.49;10;10462687195;B
20240524;102852;235.49;20;10462687355;B
20240524;102854;235.49;10;10462687593;B
20240524;102854;235.49;20;10462687602;B
20240524;102856;235.48;10;10462687898;S
20240524;102856;235.48;40;10462687899;S
20240524;102856;235.48;50;10462687900;S
20240524;102856;235.47;10;10462687901;S
20240524;102856;235.47;30;10462687902;S
20240524;102858;235.47;10;10462688007;S
20240524;102859;235.47;40;10462688181;S
20240524;102900;235.49;10;10462688287;B
20240524;102900;235.49;10;10462688364;B
20240524;102904;235.48;10;10462688669;S
20240524;102906;235.49;20;10462688825;B
20240524;102906;235.49;100;10462688826;B
20240524;102906;235.49;170;10462688827;B
20240524;102906;235.49;1160;10462688828;B
20240524;102906;235.49;60;10462688829;B
20240524;102908;235.5;1000;10462689007;B
20240524;102910;235.5;20;10462689234;B
20240524;102915;235.5;50;10462689832;B
20240524;102916;235.49;50;10462689998;S
20240524;102916;235.49;40;10462690000;S
20240524;102918;235.49;10;10462690179;S
20240524;102920;235.5;3330;10462690506;B
20240524;102921;235.5;10;10462690557;B
20240524;102922;235.5;200;10462690604;B
20240524;102925;235.5;500;10462690977;B
20240524;102926;235.49;10;10462691101;S
20240524;102926;235.5;1500;10462691103;B
20240524;102926;235.49;20;10462691104;S
20240524;102926;235.49;30;10462691106;S
20240524;102927;235.5;100;10462691247;B
20240524;102929;235.5;200;10462691384;B
20240524;102930;235.5;300;10462691483;B
20240524;102931;235.49;10;10462691568;S
20240524;102933;235.49;40;10462691784;S
20240524;102936;235.49;30;10462692355;S
20240524;102936;235.49;20;10462692356;S
20240524;102936;235.5;50;10462692377;B
20240524;102939;235.5;50;10462692603;B
20240524;102939;235.5;200;10462692636;B
20240524;102940;235.5;20;10462692758;B
20240524;102941;235.5;270;10462692829;B
20240524;102942;235.5;50;10462692907;B
20240524;102943;235.49;20;10462693018;S
20240524;102946;235.49;10;10462693185;S
20240524;102947;235.5;70;10462693315;B
20240524;102948;235.5;10;10462693353;B
20240524;102949;235.5;20;10462693424;B
20240524;102951;235.49;10;10462693621;S
20240524;102955;235.49;30;10462693911;S
20240524;102955;235.49;50;10462693912;S
20240524;102959;235.49;30;10462694378;S
20240524;103000;235.5;30;10462694585;B
20240524;103003;235.5;10;10462694879;B
20240524;103008;235.5;500;10462695540;B
20240524;103012;235.5;150;10462695891;B
20240524;103012;235.49;30;10462695917;S
20240524;103013;235.5;10;10462695978;B
20240524;103013;235.5;10;10462696034;B
20240524;103014;235.49;10;10462696073;S
20240524;103014;235.5;10;10462696160;B
20240524;103016;235.5;40;10462696277;B
20240524;103018;235.5;10;10462696577;B
20240524;103023;235.49;90;10462697539;S
20240524;103023;235.49;50;10462697541;S
20240524;103024;235.5;2000;10462697780;B
20240524;103024;235.5;500;10462697922;B
20240524;103025;235.5;50;10462698026;B
20240524;103028;235.5;30;10462698685;B
20240524;103028;235.5;20;10462698727;B
20240524;103030;235.49;10;10462699085;S
20240524;103034;235.49;40;10462699394;S
20240524;103034;235.49;400;10462699424;S
20240524;103038;235.5;10;10462699829;B
20240524;103042;235.5;10;10462700375;B
20240524;103044;235.49;40;10462700621;S
20240524;103044;235.49;20;10462700622;S
20240524;103045;235.49;10;10462700647;S
20240524;103045;235.5;200;10462700687;B
20240524;103047;235.49;10;10462700883;S
20240524;103050;235.5;500;10462701193;B
20240524;103051;235.49;10;10462701255;S
20240524;103051;235.5;50;10462701378;B
20240524;103052;235.5;50;10462701416;B
20240524;103053;235.49;30;10462701531;S
20240524;103054;235.5;10;10462701620;B
20240524;103056;235.5;10;10462701797;B
20240524;103056;235.5;20;10462701810;B
20240524;103059;235.5;10;10462702058;B
20240524;103101;235.5;300;10462702189;B
20240524;103102;235.5;10;10462702294;B
20240524;103102;235.5;10;10462702325;B
20240524;103103;235.49;40;10462702432;S
20240524;103103;235.49;40;10462702433;S
20240524;103103;235.49;30;10462702434;S
20240524;103105;235.5;100;10462702557;B
20240524;103107;235.49;100;10462702720;S
20240524;103108;235.49;20;10462702788;S
20240524;103110;235.5;700;10462702922;B
20240524;103110;235.5;10;10462703015;B
20240524;103111;235.5;10;10462703097;B
20240524;103114;235.49;10;10462703282;S
20240524;103114;235.49;30;10462703293;S
20240524;103115;235.5;10;10462703441;B
20240524;103116;235.5;10;10462703505;B
20240524;103117;235.49;30;10462703590;S
20240524;103117;235.5;20;10462703624;B
20240524;103119;235.49;20;10462703788;S
20240524;103121;235.5;420;10462704051;B
20240524;103125;235.49;30;10462704383;S
20240524;103125;235.49;10;10462704384;S
20240524;103126;235.5;10;10462704463;B
20240524;103127;235.5;20;10462704524;B
20240524;103132;235.5;50;10462705330;B
20240524;103135;235.49;30;10462705664;S
20240524;103135;235.49;50;10462705666;S
20240524;103135;235.5;10;10462705670;B
20240524;103141;235.5;260;10462706271;B
20240524;103142;235.5;10;10462706323;B
20240524;103142;235.5;10;10462706332;B
20240524;103144;235.49;10;10462706521;S
20240524;103144;235.49;20;10462706522;S
20240524;103145;235.5;10;10462706616;B
20240524;103145;235.5;100;10462706633;B
20240524;103148;235.49;10;10462706963;S
20240524;103150;235.5;40;10462707114;B
20240524;103151;235.5;10;10462707143;B
20240524;103151;235.49;40;10462707157;S
20240524;103153;235.49;30;10462707609;S
20240524;103153;235.49;20;10462707613;S
20240524;103154;235.5;40;10462707758;B
20240524;103155;235.5;250;10462708100;B
20240524;103157;235.5;20;10462708772;B
20240524;103158;235.49;120;10462708822;S
20240524;103202;235.49;30;10462709726;S
20240524;103202;235.49;20;10462709728;S
20240524;103202;235.5;10;10462709738;B
20240524;103204;235.5;150;10462710119;B
20240524;103205;235.5;10;10462710223;B
20240524;103208;235.49;10;10462710503;S
20240524;103213;235.49;50;10462711041;S
20240524;103214;235.5;70;10462711157;B
20240524;103214;235.5;10;10462711165;B
20240524;103215;235.5;30;10462711230;B
20240524;103219;235.5;50;10462711690;B
20240524;103220;235.49;140;10462712942;S
20240524;103220;235.49;10;10462712948;S
20240524;103222;235.49;60;10462713574;S
20240524;103224;235.49;30;10462713921;S
20240524;103224;235.49;40;10462713934;S
20240524;103225;235.5;50;10462714187;B
20240524;103226;235.5;10;10462714486;B
20240524;103229;235.49;500;10462715204;S
20240524;103229;235.49;20;10462715205;S
20240524;103230;235.49;10;10462715322;S
20240524;103231;235.49;20;10462715571;S
20240524;103231;235.49;60;10462715572;S
20240524;103232;235.49;50;10462715646;S
20240524;103235;235.49;10;10462715878;S
20240524;103236;235.5;200;10462715956;B
20240524;103237;235.5;40;10462716017;B
20240524;103238;235.49;1500;10462716131;S
20240524;103240;235.49;380;10462716238;S
20240524;103241;235.49;210;10462716349;S
20240524;103241;235.49;10;10462716350;S
20240524;103241;235.49;50;10462716351;S
20240524;103241;235.49;20;10462716352;S
20240524;103241;235.49;50;10462716353;S
20240524;103241;235.49;190;10462716354;S
20240524;103242;235.49;30;10462716388;S
20240524;103242;235.49;30;10462716389;S
20240524;103245;235.49;10;10462716677;S
20240524;103245;235.49;10;10462716703;S
20240524;103245;235.49;10;10462716724;S
20240524;103246;235.5;30;10462716763;B
20240524;103246;235.49;10;10462716836;S
20240524;103248;235.49;20;10462716914;S
20240524;103251;235.5;40;10462717239;B
20240524;103253;235.5;1000;10462717524;B
20240524;103254;235.49;30;10462717567;S
20240524;103254;235.49;60;10462717568;S
20240524;103255;235.49;10;10462717677;S
20240524;103257;235.5;10;10462717840;B
20240524;103257;235.49;30;10462717841;S
20240524;103258;235.49;20;10462718103;S
20240524;103302;235.5;240;10462718676;B
20240524;103302;235.5;10;10462718712;B
20240524;103303;235.5;200;10462718831;B
20240524;103304;235.49;10;10462718907;S
20240524;103304;235.49;20;10462718908;S
20240524;103310;235.49;260;10462720124;S
20240524;103312;235.5;960;10462720411;B
20240524;103315;235.49;30;10462720747;S
20240524;103315;235.49;40;10462720751;S
20240524;103316;235.49;10;10462720842;S
20240524;103321;235.5;10;10462721378;B
20240524;103321;235.5;200;10462721430;B
20240524;103323;235.5;20;10462721655;B
20240524;103324;235.49;70;10462721744;S
20240524;103324;235.49;30;10462721757;S
20240524;103324;235.49;20;10462721759;S
20240524;103329;235.5;500;10462722143;B
20240524;103329;235.49;10;10462722165;S
20240524;103333;235.49;960;10462722538;S
20240524;103334;235.49;10;10462722718;S
20240524;103336;235.5;80;10462722939;B
20240524;103337;235.49;10;10462723028;S
20240524;103337;235.5;30;10462723049;B
20240524;103337;235.49;20;10462723061;S
20240524;103337;235.49;30;10462723064;S
20240524;103339;235.49;10;10462723257;S
20240524;103339;235.5;200;10462723276;B
20240524;103340;235.49;10;10462723344;S
20240524;103341;235.5;270;10462723675;B
20240524;103344;235.5;10;10462723866;B
20240524;103345;235.49;20;10462723937;S
20240524;103345;235.49;30;10462723940;S
20240524;103352;235.49;230;10462724593;S
20240524;103352;235.49;30;10462724594;S
20240524;103355;235.49;30;10462724896;S
20240524;103356;235.5;30;10462724958;B
20240524;103356;235.5;20;10462725003;B
20240524;103357;235.5;10;10462725040;B
20240524;103358;235.49;20;10462725113;S
20240524;103359;235.5;100;10462725221;B
20240524;103403;235.5;50;10462726094;B
20240524;103403;235.5;10;10462726099;B
20240524;103404;235.49;20;10462726167;S
20240524;103404;235.49;20;10462726168;S
20240524;103404;235.49;20;10462726170;S
20240524;103412;235.49;10;10462727020;S
20240524;103412;235.49;60;10462727021;S
20240524;103412;235.49;10;10462727022;S
20240524;103412;235.49;10;10462727023;S
20240524;103412;235.49;150;10462727024;S
20240524;103412;235.49;280;10462727025;S
20240524;103413;235.49;20;10462727199;S
20240524;103418;235.5;900;10462727890;B
20240524;103424;235.49;50;10462728485;S
20240524;103424;235.49;20;10462728487;S
20240524;103424;235.49;30;10462728488;S
20240524;103428;235.49;900;10462728778;S
20240524;103431;235.49;60;10462729046;S
20240524;103432;235.5;80;10462729173;B
20240524;103433;235.5;30;10462729350;B
20240524;103434;235.49;20;10462729579;S
20240524;103437;235.5;10;10462730016;B
20240524;103442;235.49;50;10462730330;S
20240524;103442;235.5;40;10462730384;B
20240524;103443;235.5;9000;10462730449;B
20240524;103443;235.49;30;10462730459;S
20240524;103443;235.49;30;10462730463;S
20240524;103443;235.49;10;10462730465;S
20240524;103443;235.49;30;10462730466;S
20240524;103443;235.49;10;10462730467;S
20240524;103443;235.48;170;10462730468;S
20240524;103443;235.47;10;10462730469;S
20240524;103443;235.46;50;10462730470;S
20240524;103443;235.46;20;10462730471;S
20240524;103443;235.46;510;10462730472;S
20240524;103443;235.46;40;10462730473;S
20240524;103444;235.47;10;10462730503;B
20240524;103444;235.47;500;10462730516;B
20240524;103446;235.46;10;10462730784;B
20240524;103449;235.46;10;10462731059;B
20240524;103449;235.46;10;10462731065;B
20240524;103449;235.46;10;10462731103;B
20240524;103453;235.45;10;10462731528;S
20240524;103453;235.45;20;10462731529;S
20240524;103453;235.45;10;10462731530;S
20240524;103453;235.45;20;10462731534;S
20240524;103453;235.45;10;10462731540;S
20240524;103455;235.46;10;10462731962;B
20240524;103457;235.46;200;10462732189;B
20240524;103457;235.47;90;10462732190;B
20240524;103457;235.5;1210;10462732191;B
20240524;103457;235.5;500;10462732203;B
20240524;103457;235.47;90;10462732212;B
20240524;103457;235.49;90;10462732231;S
20240524;103503;235.47;10;10462732749;S
20240524;103503;235.5;10;10462732754;B
20240524;103505;235.47;420;10462732954;S
20240524;103505;235.46;170;10462732955;S
20240524;103505;235.44;60;10462732956;S
20240524;103505;235.42;510;10462732957;S
20240524;103505;235.42;850;10462732958;S
20240524;103505;235.41;200;10462732959;S
20240524;103505;235.41;10;10462732960;S
20240524;103505;235.41;100;10462732961;S
20240524;103505;235.4;500;10462732962;S
20240524;103505;235.4;30;10462732963;S
20240524;103505;235.4;5550;10462732964;B
20240524;103505;235.4;500;10462732965;B
20240524;103505;235.4;510;10462732966;B
20240524;103505;235.4;420;10462732967;B
20240524;103505;235.4;170;10462732968;B
20240524;103505;235.42;90;10462732969;B
20240524;103505;235.47;160;10462732970;B
20240524;103505;235.47;40;10462732971;B
20240524;103505;235.48;60;10462732972;B
20240524;103505;235.48;100;10462732973;B
20240524;103505;235.48;390;10462732974;B
20240524;103505;235.49;100;10462732978;S
20240524;103505;235.47;200;10462732991;S
20240524;103505;235.5;200;10462732992;B
20240524;103507;235.5;50;10462733134;B
20240524;103523;235.48;110;10462734865;S
20240524;103523;235.48;30;10462734870;S
20240524;103526;235.48;280;10462735107;S
20240524;103531;235.47;20;10462735872;S
20240524;103531;235.47;20;10462735883;S
20240524;103531;235.47;10;10462735884;S
20240524;103535;235.48;10;10462736253;B
20240524;103535;235.48;30;10462736291;B
20240524;103536;235.48;200;10462736365;B
20240524;103538;235.48;420;10462736480;B
20240524;103539;235.47;30;10462736665;S
20240524;103539;235.47;20;10462736675;S
20240524;103540;235.48;500;10462736714;B
20240524;103541;235.48;260;10462736836;B
20240524;103542;235.47;100;10462736941;S
20240524;103542;235.48;420;10462736942;B
20240524;103542;235.48;90;10462736943;B
20240524;103546;235.48;60;10462737358;B
20240524;103550;235.5;10;10462737845;B
20240524;103550;235.5;10;10462737867;B
20240524;103550;235.49;30;10462737869;S
20240524;103551;235.5;500;10462737913;B
20240524;103551;235.5;200;10462737933;B
20240524;103555;235.5;80;10462738286;B
20240524;103555;235.5;10;10462738288;B
20240524;103555;235.5;10;10462738338;B
20240524;103558;235.49;20;10462738773;S
20240524;103558;235.49;20;10462738774;S
20240524;103559;235.5;10;10462738880;B
20240524;103559;235.5;100;10462738888;B
20240524;103559;235.5;100;10462738889;B
20240524;103559;235.5;100;10462738890;B
20240524;103559;235.5;100;10462738891;B
20240524;103602;235.5;30;10462739142;B
20240524;103602;235.5;10;10462739179;B
20240524;103605;235.49;200;10462739428;S
20240524;103607;235.5;10;10462739551;B
20240524;103609;235.49;60;10462739909;S
20240524;103609;235.49;20;10462739911;S
20240524;103611;235.5;150;10462740150;B
20240524;103615;235.5;50;10462740562;B
20240524;103617;235.5;1600;10462740762;B
20240524;103617;235.5;160;10462740763;B
20240524;103617;235.5;20;10462740778;B
20240524;103618;235.5;440;10462740812;B
20240524;103619;235.49;40;10462740861;S
20240524;103619;235.5;1500;10462740883;B
20240524;103619;235.5;3500;10462740914;B
20240524;103619;235.5;420;10462740916;B
20240524;103619;235.5;140;10462740917;B
20240524;103619;235.5;420;10462740918;B
20240524;103620;235.5;50;10462740946;B
20240524;103620;235.5;100;10462740961;B
20240524;103621;235.5;10;10462741063;B
20240524;103621;235.5;10;10462741064;B
20240524;103623;235.5;200;10462741297;B
20240524;103623;235.5;320;10462741300;B
20240524;103623;235.5;30;10462741301;B
20240524;103623;235.5;50;10462741302;B
20240524;103623;235.5;10;10462741303;B
20240524;103623;235.5;10;10462741304;B
20240524;103624;235.5;10;10462741353;B
20240524;103625;235.5;10;10462741486;B
20240524;103625;235.5;10;10462741487;B
20240524;103625;235.5;10;10462741488;B
20240524;103626;235.5;10;10462741548;B
20240524;103626;235.5;10;10462741549;B
20240524;103626;235.5;350;10462741551;B
20240524;103627;235.49;30;10462741577;S
20240524;103627;235.5;10;10462741583;B
20240524;103627;235.5;70;10462741587;B
20240524;103627;235.57;10;10462741640;B
20240524;103628;235.57;440;10462741658;B
20240524;103628;235.57;10;10462741660;B
20240524;103628;235.57;10;10462741703;B
20240524;103629;235.57;10;10462741726;B
20240524;103629;235.57;20;10462741797;B
20240524;103630;235.57;110;10462741803;B
20240524;103631;235.56;420;10462741939;S
20240524;103631;235.56;10;10462741940;S
20240524;103631;235.56;370;10462741941;S
20240524;103635;235.57;20;10462742250;B
20240524;103635;235.57;10;10462742251;B
20240524;103635;235.57;500;10462742305;B
20240524;103635;235.62;70;10462742306;B
20240524;103635;235.62;130;10462742307;B
20240524;103636;235.63;10;10462742353;B
20240524;103636;235.63;10;10462742411;B
20240524;103636;235.63;300;10462742415;B
20240524;103637;235.63;1300;10462742424;B
20240524;103637;235.6;10;10462742443;S
20240524;103637;235.59;30;10462742444;S
20240524;103637;235.57;20;10462742446;S
20240524;103637;235.57;30;10462742452;S
20240524;103637;235.63;300;10462742469;B
20240524;103637;235.63;200;10462742474;B
20240524;103640;235.63;350;10462742669;B
20240524;103641;235.63;10;10462742861;B
20240524;103642;235.63;30;10462742943;B
20240524;103644;235.63;10;10462743099;B
20240524;103644;235.62;10;10462743140;S
20240524;103646;235.63;40;10462743279;B
20240524;103648;235.62;40;10462743417;S
20240524;103650;235.63;400;10462743611;B
20240524;103654;235.63;340;10462744211;B
20240524;103654;235.63;4430;10462744212;B
20240524;103655;235.63;1000;10462744453;B
20240524;103657;235.63;100;10462744564;B
20240524;103657;235.63;100;10462744565;B
20240524;103658;235.63;10;10462744634;B
20240524;103658;235.63;10;10462744656;B
20240524;103658;235.63;20;10462744657;B
20240524;103659;235.62;30;10462744695;S
20240524;103659;235.62;30;10462744708;S
20240524;103700;235.63;40;10462744851;B
20240524;103701;235.63;10;10462744962;B
20240524;103702;235.63;10;10462745020;B
20240524;103703;235.63;10;10462745109;B
20240524;103705;235.63;10;10462745272;B
20240524;103705;235.63;10;10462745273;B
20240524;103705;235.63;10;10462745352;B
20240524;103708;235.63;20;10462745670;B
20240524;103709;235.62;30;10462745782;S
20240524;103709;235.62;30;10462745792;S
20240524;103710;235.63;880;10462745935;B
20240524;103711;235.63;50;10462745998;B
20240524;103711;235.62;260;10462746085;S
20240524;103711;235.62;10;10462746086;S
20240524;103711;235.62;100;10462746087;S
20240524;103711;235.62;90;10462746088;S
20240524;103711;235.62;80;10462746089;S
20240524;103711;235.6;10;10462746090;S
20240524;103711;235.6;20;10462746091;S
20240524;103711;235.6;10;10462746092;S
20240524;103711;235.59;10;10462746093;S
20240524;103711;235.58;170;10462746094;S
20240524;103711;235.55;10;10462746095;S
20240524;103711;235.54;10;10462746096;S
20240524;103711;235.53;80;10462746097;S
20240524;103712;235.6;10;10462746212;S
20240524;103712;235.63;10;10462746231;B
20240524;103713;235.62;10;10462746342;B
20240524;103715;235.62;10;10462746760;B
20240524;103715;235.62;150;10462746761;B
20240524;103715;235.62;480;10462746763;B
20240524;103715;235.62;70;10462746764;B
20240524;103715;235.63;1450;10462746765;B
20240524;103716;235.63;10;10462746844;B
20240524;103720;235.62;10;10462747384;S
20240524;103720;235.61;10;10462747385;S
20240524;103720;235.59;10;10462747386;S
20240524;103720;235.59;20;10462747478;S
20240524;103720;235.59;40;10462747489;S
20240524;103721;235.62;10;10462747673;B
20240524;103722;235.62;40;10462748114;B
20240524;103724;235.61;10;10462748561;S
20240524;103724;235.56;40;10462748562;S
20240524;103730;235.6;10;10462749513;S
20240524;103730;235.55;10;10462749514;S
20240524;103730;235.55;20;10462749520;S
20240524;103732;235.61;10;10462749637;B
20240524;103732;235.6;10;10462749686;S
20240524;103734;235.59;10;10462749930;B
20240524;103737;235.6;10;10462750207;B
20240524;103738;235.6;30;10462750241;B
20240524;103738;235.6;150;10462750277;B
20240524;103738;235.6;20;10462750278;B
20240524;103739;235.58;10;10462750332;S
20240524;103739;235.56;20;10462750333;S
20240524;103739;235.56;30;10462750342;S
20240524;103740;235.6;50;10462750402;B
20240524;103741;235.6;30;10462750496;B
20240524;103741;235.61;90;10462750497;B
20240524;103741;235.62;20;10462750498;B
20240524;103743;235.63;10;10462750608;B
20240524;103743;235.63;80;10462750658;B
20240524;103745;235.63;100;10462750792;B
20240524;103746;235.63;20;10462750822;B
20240524;103750;235.62;10;10462751078;S
20240524;103750;235.61;20;10462751079;S
20240524;103750;235.61;20;10462751081;S
20240524;103751;235.62;10;10462751139;B
20240524;103752;235.63;10;10462751234;B
20240524;103753;235.62;10;10462751296;S
20240524;103753;235.61;110;10462751297;S
20240524;103753;235.6;10;10462751298;S
20240524;103753;235.59;10;10462751299;S
20240524;103753;235.59;30;10462751300;S
20240524;103753;235.59;30;10462751301;S
20240524;103754;235.62;10;10462751360;B
20240524;103754;235.62;10;10462751361;B
20240524;103754;235.62;10;10462751362;S
20240524;103754;235.62;10;10462751368;S
20240524;103756;235.62;10;10462751436;S
20240524;103800;235.61;10;10462751708;S
20240524;103800;235.58;20;10462751709;S
20240524;103801;235.63;10;10462751800;B
20240524;103802;235.62;10;10462751889;S
20240524;103805;235.63;100;10462752145;B
20240524;103805;235.63;100;10462752146;B
20240524;103805;235.63;350;10462752147;B
20240524;103805;235.64;60;10462752154;S
20240524;103806;235.7;100;10462752165;B
20240524;103806;235.7;200;10462752231;B
20240524;103806;235.71;60;10462752232;B
20240524;103806;235.73;40;10462752233;B
20240524;103807;235.73;10;10462752307;B
20240524;103807;235.73;10;10462752338;B
20240524;103808;235.74;10;10462752434;B
20240524;103809;235.74;10;10462752483;B
20240524;103810;235.79;10;10462752563;B
20240524;103810;235.72;40;10462752595;S
20240524;103811;235.72;20;10462752600;S
20240524;103814;235.79;10;10462752888;B
20240524;103822;235.7;20;10462753515;S
20240524;103822;235.69;20;10462753516;S
20240524;103822;235.69;30;10462753518;S
20240524;103822;235.69;10;10462753520;S
20240524;103822;235.67;10;10462753521;S
20240524;103822;235.67;10;10462753522;S
20240524;103823;235.73;10;10462753599;B
20240524;103831;235.66;30;10462754278;B
20240524;103831;235.66;370;10462754279;B
20240524;103831;235.63;10;10462754283;S
20240524;103841;235.63;80;10462755097;S
20240524;103850;235.66;10;10462755819;S
20240524;103850;235.63;10;10462755820;S
20240524;103850;235.63;20;10462755823;S
20240524;103851;235.63;10;10462755893;S
20240524;103852;235.68;100;10462755949;B
20240524;103852;235.68;100;10462755950;B
20240524;103852;235.68;50;10462755960;B
20240524;103852;235.68;30;10462755961;B
20240524;103853;235.69;20;10462755979;B
20240524;103854;235.7;10;10462756065;B
20240524;103858;235.7;10;10462756453;B
20240524;103900;235.67;10;10462756591;S
20240524;103900;235.65;20;10462756592;S
20240524;103900;235.63;40;10462756593;S
20240524;103900;235.7;10;10462756595;B
20240524;103902;235.69;10;10462756759;B
20240524;103902;235.69;40;10462756760;B
20240524;103904;235.69;10;10462757002;B
20240524;103906;235.69;200;10462757094;B
20240524;103906;235.69;100;10462757095;B
20240524;103909;235.66;420;10462757390;S
20240524;103909;235.65;20;10462757391;S
20240524;103909;235.62;10;10462757392;S
20240524;103909;235.62;10;10462757393;S
20240524;103909;235.61;30;10462757409;S
20240524;103912;235.68;100;10462757603;B
20240524;103912;235.68;100;10462757604;B
20240524;103914;235.64;10;10462757853;S
20240524;103919;235.63;10;10462758394;S
20240524;103919;235.64;40;10462758395;S
20240524;103920;235.69;200;10462758481;B
20240524;103920;235.64;10;10462758490;S
20240524;103924;235.69;50;10462758996;B
20240524;103924;235.69;50;10462758997;B
20240524;103925;235.7;100;10462759020;B
20240524;103925;235.66;10;10462759037;S
20240524;103925;235.66;20;10462759038;S
20240524;103926;235.69;100;10462759125;B
20240524;103926;235.69;100;10462759126;B
20240524;103926;235.69;50;10462759127;B
20240524;103927;235.7;50;10462759257;B
20240524;103929;235.7;10;10462759650;B
20240524;103931;235.69;30;10462759911;B
20240524;103931;235.69;50;10462759912;B
20240524;103931;235.69;170;10462759913;B
20240524;103931;235.7;600;10462759917;B
20240524;103931;235.7;10;10462759919;B
20240524;103931;235.7;10;10462759964;B
20240524;103932;235.7;100;10462760073;B
20240524;103932;235.7;90;10462760074;B
20240524;103932;235.79;10;10462760205;B
20240524;103932;235.8;20;10462760206;B
20240524;103932;235.8;20;10462760207;B
20240524;103934;235.76;50;10462760412;S
20240524;103934;235.76;30;10462760413;S
20240524;103938;235.79;10;10462760835;B
20240524;103940;235.79;20;10462761046;B
20240524;103945;235.78;20;10462761466;S
20240524;103945;235.79;10;10462761467;B
20240524;103945;235.78;10;10462761468;S
20240524;103946;235.79;200;10462761533;B
20240524;103947;235.79;10;10462761596;B
20240524;103950;235.78;240;10462761794;S
20240524;103950;235.78;170;10462761795;S
20240524;103950;235.78;470;10462761796;S
20240524;103950;235.78;70;10462761797;S
20240524;103950;235.8;300;10462761859;B
20240524;103954;235.78;30;10462762228;S
20240524;103955;235.8;100;10462762299;B
20240524;103959;235.8;10;10462762593;B
20240524;103959;235.8;20;10462762594;B
20240524;103959;235.8;10;10462762725;B
20240524;103959;235.8;20;10462762726;B
20240524;104001;235.8;10;10462763011;B
20240524;104001;235.8;10;10462763012;B
20240524;104001;235.88;10;10462763038;B
20240524;104004;235.87;10;10462763329;B
20240524;104004;235.88;10;10462763339;B
20240524;104004;235.83;40;10462763457;S
20240524;104015;235.88;10;10462766030;S
20240524;104015;235.88;50;10462766031;S
20240524;104016;235.95;10;10462766171;B
20240524;104017;235.95;10;10462766274;B
20240524;104017;235.96;250;10462766275;B
20240524;104017;235.97;30;10462766276;B
20240524;104017;235.99;10;10462766277;B
20240524;104019;235.94;10;10462766757;S
20240524;104019;235.93;400;10462766758;S
20240524;104019;235.91;170;10462766759;S
20240524;104019;235.91;430;10462766760;S
20240524;104019;235.9;10;10462766761;S
20240524;104019;235.9;80;10462766762;S
20240524;104019;235.88;10;10462766779;B
20240524;104021;235.88;20;10462767132;B
20240524;104022;235.85;10;10462767278;S
20240524;104022;235.87;100;10462767337;B
20240524;104025;235.81;140;10462767620;S
20240524;104025;235.87;170;10462767734;B
20240524;104025;235.88;830;10462767735;B
20240524;104027;235.88;10;10462768293;B
20240524;104031;235.88;200;10462769144;B
20240524;104031;235.85;50;10462769209;B
20240524;104032;235.88;50;10462769237;B
20240524;104034;235.85;30;10462769579;S
20240524;104034;235.85;20;10462769589;S
20240524;104037;235.87;100;10462769749;B
20240524;104041;235.87;30;10462770097;B
20240524;104041;235.87;50;10462770119;B
20240524;104042;235.87;100;10462770134;B
20240524;104042;235.85;40;10462770151;S
20240524;104042;235.87;20;10462770189;B
20240524;104042;235.87;30;10462770190;B
20240524;104042;235.88;10;10462770202;B
20240524;104049;235.88;10;10462770826;B
20240524;104049;235.88;870;10462770858;B
20240524;104049;235.88;130;10462770859;B
20240524;104052;235.87;10;10462771082;S
20240524;104052;235.87;10;10462771083;S
20240524;104052;235.87;10;10462771084;S
20240524;104052;235.87;20;10462771086;S
20240524;104052;235.85;20;10462771087;S
20240524;104055;235.87;500;10462771331;B
20240524;104056;235.87;20;10462771342;B
20240524;104058;235.85;20;10462771573;S
20240524;104104;235.85;550;10462772216;S
20240524;104104;235.85;20;10462772217;S
20240524;104104;235.85;10;10462772218;S
20240524;104104;235.85;10;10462772219;S
20240524;104104;235.85;100;10462772220;S
20240524;104105;235.86;10;10462772238;B
20240524;104111;235.82;10;10462772716;S
20240524;104111;235.8;30;10462772717;S
20240524;104111;235.8;40;10462772720;S
20240524;104118;235.85;420;10462773360;B
20240524;104118;235.85;300;10462773384;S
20240524;104118;235.85;30;10462773385;S
20240524;104120;235.85;10;10462773500;S
20240524;104120;235.85;30;10462773515;S
20240524;104120;235.85;40;10462773517;S
20240524;104121;235.85;20;10462773548;S
20240524;104121;235.85;10;10462773574;S
20240524;104125;235.85;110;10462773849;S
20240524;104125;235.85;10;10462773850;S
20240524;104131;235.8;40;10462774259;S
20240524;104133;235.8;140;10462774438;S
20240524;104133;235.8;10;10462774439;S
20240524;104133;235.8;10;10462774440;S
20240524;104133;235.8;10;10462774441;S
20240524;104133;235.79;50;10462774442;S
20240524;104133;235.79;40;10462774443;S
20240524;104133;235.72;90;10462774444;S
20240524;104134;235.75;10;10462774578;B
20240524;104139;235.75;10;10462775080;B
20240524;104143;235.79;10;10462775375;B
20240524;104143;235.73;40;10462775390;S
20240524;104143;235.73;20;10462775391;S
20240524;104143;235.73;30;10462775392;S
20240524;104145;235.79;40;10462775517;B
20240524;104153;235.75;10;10462776149;S
20240524;104153;235.74;10;10462776150;S
20240524;104202;235.75;20;10462776908;S
20240524;104203;235.79;10;10462776957;B
20240524;104204;235.76;50;10462777039;B
20240524;104205;235.75;30;10462777172;S
20240524;104205;235.75;20;10462777178;S
20240524;104205;235.75;30;10462777179;S
20240524;104209;235.76;10;10462777487;B
20240524;104210;235.76;10;10462777569;B
20240524;104213;235.75;10;10462777822;S
20240524;104213;235.75;40;10462777823;S
20240524;104217;235.75;20;10462778263;S
20240524;104218;235.76;370;10462778301;B
20240524;104218;235.78;230;10462778302;B
20240524;104218;235.76;20;10462778324;S
20240524;104224;235.79;20;10462779007;B
20240524;104225;235.76;30;10462779072;S
20240524;104225;235.75;30;10462779073;S
20240524;104226;235.79;120;10462779133;B
20240524;104226;235.84;50;10462779134;B
20240524;104226;235.84;180;10462779135;B
20240524;104235;235.8;20;10462779744;S
20240524;104235;235.75;30;10462779745;S
20240524;104235;235.75;20;10462779754;S
20240524;104235;235.76;100;10462779762;B
20240524;104235;235.76;100;10462779765;B
20240524;104235;235.76;100;10462779766;B
20240524;104235;235.76;50;10462779767;B
20240524;104235;235.84;10;10462779778;B
20240524;104236;235.84;10;10462779848;B
20240524;104236;235.84;40;10462779849;B
20240524;104244;235.75;40;10462780473;S
20240524;104244;235.75;10;10462780480;S
20240524;104245;235.84;470;10462780541;B
20240524;104245;235.84;30;10462780542;B
20240524;104253;235.77;60;10462781110;B
20240524;104255;235.76;20;10462781285;S
20240524;104255;235.76;40;10462781289;S
20240524;104259;235.77;10;10462781603;B
20240524;104300;235.77;10;10462781720;B
20240524;104301;235.84;10;10462781790;B
20240524;104305;235.76;20;10462782034;S
20240524;104305;235.75;10;10462782036;S
20240524;104305;235.75;20;10462782037;S
20240524;104308;235.84;20;10462782251;B
20240524;104316;235.75;30;10462784164;S
20240524;104316;235.75;30;10462784222;S
20240524;104326;235.76;10;10462785742;S
20240524;104327;235.75;30;10462785744;S
20240524;104327;235.82;10;10462785790;B
20240524;104335;235.78;10;10462786454;B
20240524;104336;235.79;20;10462786509;B
20240524;104336;235.76;10;10462786516;S
20240524;104336;235.75;30;10462786517;S
20240524;104336;235.75;30;10462786523;S
20240524;104340;235.75;100;10462786931;S
20240524;104340;235.78;10;10462786949;B
20240524;104341;235.77;270;10462787066;B
20240524;104341;235.75;10;10462787067;S
20240524;104341;235.76;170;10462787076;B
20240524;104345;235.75;20;10462787534;S
20240524;104345;235.75;10;10462787537;S
20240524;104345;235.75;20;10462787538;S
20240524;104346;235.75;30;10462787687;S
20240524;104347;235.77;20;10462787887;B
20240524;104348;235.75;30;10462787957;S
20240524;104348;235.75;40;10462787974;S
20240524;104349;235.77;30;10462788084;S
20240524;104351;235.78;10;10462788239;B
20240524;104353;235.76;50;10462788468;S
20240524;104355;235.77;30;10462788573;S
20240524;104355;235.78;20;10462788626;B
20240524;104402;235.76;40;10462789370;S
20240524;104402;235.78;10;10462789381;B
