<DATE>;<TIME>;<LAST>;<VOL>;<ID>;<OPER>
20241015;095932;4066;1;11297657441;B
20241015;095932;4066;7;11297657442;B
20241015;095932;4066;1;11297657443;B
20241015;095932;4066;1;11297657444;B
20241015;095932;4066;1;11297657445;S
20241015;095932;4066;4;11297657446;S
20241015;095932;4066;24;11297657447;S
20241015;095932;4066;12;11297657448;B
20241015;095932;4066;5;11297657449;B
20241015;095932;4066;3;11297657450;B
20241015;095932;4066;2;11297657451;S
20241015;095932;4066;6;11297657452;S
20241015;095932;4066;24;11297657453;S
20241015;095932;4066;15;11297657454;S
20241015;095932;4066;1;11297657455;S
20241015;095932;4066;1;11297657456;S
20241015;095932;4066;5;11297657457;S
20241015;095932;4066;4;11297657458;S
20241015;095932;4066;1;11297657459;S
20241015;095932;4066;2;11297657460;S
20241015;095932;4066;2;11297657461;S
20241015;095932;4066;10;11297657462;S
20241015;095932;4066;1;11297657463;S
20241015;095932;4066;280;11297657464;S
20241015;095932;4066;70;11297657465;S
20241015;095932;4066;1;11297657466;S
20241015;095932;4066;249;11297657467;S
20241015;095932;4066;20;11297657468;S
20241015;095932;4066;2;11297657469;S
20241015;095932;4066;3;11297657470;B
20241015;095932;4066;10;11297657471;S
20241015;095932;4066;1;11297657472;S
20241015;095932;4066;1;11297657473;S
20241015;095932;4066;20;11297657474;S
20241015;095932;4066;2;11297657475;S
20241015;095932;4066;1;11297657476;S
20241015;095932;4066;1;11297657477;S
20241015;095932;4066;1;11297657478;S
20241015;095932;4066;4;11297657479;S
20241015;095932;4066;1;11297657480;S
20241015;095932;4066;1;11297657481;S
20241015;095932;4066;15;11297657482;S
20241015;095932;4066;1;11297657483;B
20241015;095932;4066;1;11297657484;B
20241015;095932;4066;14;11297657485;B
20241015;095932;4066;2;11297657486;B
20241015;095932;4066;1;11297657487;S
20241015;095932;4066;10;11297657488;S
20241015;095932;4066;1;11297657489;S
20241015;095932;4066;2;11297657490;B
20241015;095932;4066;1;11297657491;S
20241015;095932;4066;1;11297657492;S
20241015;095932;4066;5;11297657493;S
20241015;095932;4066;3;11297657494;S
20241015;095932;4066;15;11297657495;S
20241015;095932;4066;20;11297657496;S
20241015;095932;4066;2;11297657497;S
20241015;095932;4066;60;11297657498;S
20241015;095932;4066;2;11297657499;B
20241015;095932;4066;1;11297657500;S
20241015;095932;4066;1;11297657501;S
20241015;095932;4066;2;11297657502;S
20241015;095932;4066;1;11297657503;S
20241015;095932;4066;3;11297657504;S
20241015;095932;4066;3;11297657505;S
20241015;095932;4066;2;11297657506;S
20241015;095932;4066;1;11297657507;S
20241015;095932;4066;5;11297657508;B
20241015;095932;4066;50;11297657509;B
20241015;095932;4066;1;11297657510;S
20241015;095932;4066;50;11297657511;S
20241015;095932;4066;1;11297657512;S
20241015;095932;4066;10;11297657513;B
20241015;095932;4066;1;11297657514;B
20241015;095932;4066;79;11297657515;S
20241015;100002;4069.5;1;11297664846;S
20241015;100002;4069.5;1;11297664869;S
20241015;100002;4069.5;8;11297664911;S
20241015;100002;4069.5;8;11297664944;S
20241015;100002;4070;5;11297665023;B
20241015;100002;4070;1;11297665024;B
20241015;100002;4070;59;11297665025;B
20241015;100002;4069.5;12;11297665175;S
20241015;100002;4069.5;5;11297665176;S
20241015;100002;4069;40;11297665177;S
20241015;100002;4068.5;24;11297665178;S
20241015;100002;4068.5;40;11297665179;S
20241015;100002;4068;24;11297665180;S
20241015;100002;4068;100;11297665181;S
20241015;100002;4067.5;2;11297665182;S
20241015;100002;4067.5;13;11297665190;S
20241015;100002;4067;15;11297665191;S
20241015;100002;4067;74;11297665192;S
20241015;100002;4067;40;11297665193;S
20241015;100002;4066.5;15;11297665194;S
20241015;100002;4066.5;43;11297665195;S
20241015;100002;4068;1;11297665207;B
20241015;100002;4068;15;11297665210;S
20241015;100002;4067.5;18;11297665216;S
20241015;100002;4067;5;11297665217;S
20241015;100002;4069;1;11297665219;B
20241015;100002;4068.5;15;11297665462;B
20241015;100002;4069;15;11297665463;B
20241015;100003;4067;1;11297665539;S
20241015;100003;4069;1;11297665569;B
20241015;100003;4069;5;11297665656;B
20241015;100003;4067;1;11297665702;S
20241015;100003;4069;9;11297665705;B
20241015;100003;4069.5;15;11297665706;B
20241015;100003;4069.5;76;11297665707;B
20241015;100003;4067;13;11297665755;S
20241015;100003;4067;60;11297665756;S
20241015;100003;4066.5;17;11297665757;S
20241015;100003;4066.5;40;11297665758;S
20241015;100003;4066.5;15;11297665759;S
20241015;100003;4066.5;11;11297665760;S
20241015;100003;4066.5;100;11297665761;S
20241015;100003;4066;571;11297665762;S
20241015;100003;4066;100;11297665763;S
20241015;100003;4066;142;11297665764;S
20241015;100003;4066;2;11297665765;S
20241015;100003;4066;40;11297665766;S
20241015;100003;4066;15;11297665767;S
20241015;100003;4066;11;11297665768;S
20241015;100003;4065.5;2;11297665774;S
20241015;100003;4065;1;11297665775;S
20241015;100003;4065;1;11297665776;S
20241015;100003;4065.5;10;11297665778;B
20241015;100003;4065;9;11297665784;S
20241015;100003;4065;25;11297665785;S
20241015;100003;4064.5;2;11297665786;S
20241015;100003;4064.5;24;11297665787;S
20241015;100003;4064;2;11297665788;S
20241015;100003;4065.5;1;11297665811;B
20241015;100003;4065.5;1;11297665889;B
20241015;100003;4064;1;11297665920;S
20241015;100003;4063.5;2;11297665921;S
20241015;100003;4063.5;3;11297665922;S
20241015;100003;4063.5;50;11297665959;S
20241015;100003;4064.5;2;11297666064;B
20241015;100004;4063.5;1;11297666154;S
20241015;100004;4063;3;11297666155;S
20241015;100004;4064.5;2;11297666204;B
20241015;100004;4063.5;12;11297666362;B
20241015;100004;4063.5;3;11297666502;B
20241015;100004;4064;4;11297666503;B
20241015;100004;4063;3;11297666608;S
20241015;100004;4063;7;11297666610;S
20241015;100004;4063;10;11297666709;S
20241015;100004;4063;2;11297666710;S
20241015;100004;4063;5;11297666711;S
20241015;100004;4063;50;11297666712;S
20241015;100004;4063;200;11297666713;S
20241015;100004;4062.5;2;11297666714;S
20241015;100004;4062.5;1;11297666715;S
20241015;100004;4062.5;45;11297666716;S
20241015;100004;4062.5;18;11297666717;S
20241015;100004;4062;20;11297666718;S
20241015;100004;4062;11;11297666719;S
20241015;100004;4062;1;11297667051;S
20241015;100004;4062;3;11297667053;S
20241015;100004;4062;20;11297667116;S
20241015;100004;4062;56;11297667135;S
20241015;100004;4062;1;11297667136;S
20241015;100004;4062;1;11297667137;S
20241015;100004;4061.5;64;11297667138;S
20241015;100004;4062.5;1;11297667270;B
20241015;100004;4061.5;15;11297667281;S
20241015;100004;4062;1;11297667845;B
20241015;100005;4061.5;20;11297668055;S
20241015;100005;4062;92;11297668197;B
20241015;100005;4062;15;11297668198;B
20241015;100005;4062.5;14;11297668199;B
20241015;100005;4062.5;18;11297668200;B
20241015;100005;4063;11;11297668201;B
20241015;100005;4063.5;2;11297668321;B
20241015;100005;4061.5;1;11297668391;S
20241015;100005;4061.5;14;11297668392;S
20241015;100005;4063.5;1;11297668397;B
20241015;100005;4063.5;1;11297668851;B
20241015;100005;4063.5;1;11297668861;B
20241015;100005;4061.5;1;11297669173;S
20241015;100005;4061.5;5;11297669182;S
20241015;100005;4063.5;1;11297669250;B
20241015;100005;4063.5;9;11297669602;B
20241015;100006;4063.5;1;11297670019;B
20241015;100006;4063;1;11297670234;S
20241015;100006;4063;2;11297670235;S
20241015;100006;4062;1;11297670342;S
20241015;100006;4062;9;11297670405;S
20241015;100006;4061.5;40;11297670406;S
20241015;100006;4061.5;1;11297670407;S
20241015;100006;4061.5;9;11297670408;S
20241015;100006;4061;1;11297670409;S
20241015;100006;4061;2;11297670410;S
20241015;100006;4061;3;11297670411;S
20241015;100006;4061;56;11297670412;S
20241015;100006;4061;5;11297670413;S
20241015;100006;4061;5;11297670414;S
20241015;100006;4061;30;11297670415;S
20241015;100006;4060.5;60;11297670416;S
20241015;100006;4060.5;15;11297670417;S
20241015;100006;4060;2;11297670418;S
20241015;100006;4060;27;11297670419;S
20241015;100006;4060;5;11297670420;S
20241015;100006;4060;5;11297670421;S
20241015;100006;4060;12;11297670422;S
20241015;100006;4060;5;11297670423;S
20241015;100006;4060;15;11297670424;S
20241015;100006;4060;89;11297670425;S
20241015;100006;4059.5;3;11297670426;S
20241015;100006;4059.5;56;11297670427;S
20241015;100006;4059.5;1;11297670428;S
20241015;100006;4059.5;60;11297670429;S
20241015;100006;4059.5;15;11297670430;S
20241015;100006;4059;4;11297670431;S
20241015;100006;4059;28;11297670432;S
20241015;100007;4059.5;1;11297670880;S
20241015;100007;4063;2;11297671542;B
20241015;100007;4063;1;11297671544;B
20241015;100007;4063;1;11297671589;B
20241015;100007;4061.5;10;11297671664;S
20241015;100007;4061;30;11297671665;S
20241015;100007;4061;15;11297671666;S
20241015;100007;4061;30;11297671667;S
20241015;100007;4060.5;30;11297671668;S
20241015;100007;4060.5;15;11297671669;S
20241015;100007;4060;15;11297671670;S
20241015;100007;4060;30;11297671671;S
20241015;100007;4060;1;11297671672;S
20241015;100007;4059.5;15;11297671673;S
20241015;100007;4059.5;30;11297671674;S
20241015;100007;4059.5;60;11297671675;S
20241015;100007;4059;52;11297671676;S
20241015;100007;4059;67;11297671677;S
20241015;100007;4059;5;11297671679;S
20241015;100007;4059.5;30;11297671691;S
20241015;100007;4059.5;15;11297671692;S
20241015;100007;4059.5;30;11297671693;S
20241015;100007;4059.5;55;11297671694;S
20241015;100007;4060;4;11297671749;S
20241015;100007;4060.5;30;11297671814;S
20241015;100007;4060;3;11297671815;S
20241015;100007;4060.5;2;11297671821;S
20241015;100007;4059.5;2;11297671830;S
20241015;100007;4060;5;11297671837;S
20241015;100007;4062.5;5;11297671897;B
20241015;100007;4060.5;30;11297671951;S
20241015;100007;4060.5;5;11297671952;S
20241015;100007;4061.5;10;11297672033;S
20241015;100007;4062;1;11297672051;B
20241015;100007;4061.5;5;11297672055;S
20241015;100007;4061;8;11297672056;S
20241015;100007;4061;10;11297672057;S
20241015;100007;4060.5;11;11297672084;S
20241015;100008;4063;2;11297672231;B
20241015;100008;4061.5;15;11297672293;S
20241015;100008;4061;10;11297672294;S
20241015;100008;4061;30;11297672295;S
20241015;100008;4061;15;11297672296;S
20241015;100008;4060.5;44;11297672297;S
20241015;100008;4060.5;15;11297672298;S
20241015;100008;4060.5;30;11297672299;S
20241015;100008;4060.5;30;11297672300;S
20241015;100008;4060;15;11297672301;S
20241015;100008;4060;171;11297672302;S
20241015;100008;4060.5;2;11297672309;S
20241015;100008;4060.5;2;11297672409;S
20241015;100008;4060.5;2;11297672410;S
20241015;100008;4060.5;1;11297672419;S
20241015;100009;4063;10;11297672545;B
20241015;100009;4062.5;10;11297672646;B
20241015;100010;4062.5;3;11297672883;B
20241015;100011;4062.5;2;11297673246;B
20241015;100011;4061.5;2;11297673455;B
20241015;100012;4061.5;4;11297673607;B
20241015;100012;4060.5;1;11297673699;S
20241015;100012;4062;4;11297673892;B
20241015;100012;4062;2;11297673893;B
20241015;100012;4060.5;14;11297673942;S
20241015;100012;4060.5;1;11297673943;S
20241015;100012;4061;2;11297673951;B
20241015;100012;4062;2;11297673952;B
20241015;100012;4062;1;11297673990;B
20241015;100013;4062;3;11297674022;B
20241015;100013;4060.5;3;11297674031;S
20241015;100013;4062;6;11297674042;B
20241015;100013;4062;15;11297674043;B
20241015;100013;4062.5;3;11297674044;B
20241015;100013;4060.5;10;11297674056;S
20241015;100013;4060.5;4;11297674057;S
20241015;100014;4060.5;11;11297674331;S
20241015;100014;4060;4;11297674332;S
20241015;100014;4063;5;11297674589;B
20241015;100014;4063;5;11297674590;B
20241015;100015;4060;15;11297674742;S
20241015;100015;4061.5;15;11297674881;B
20241015;100015;4062;50;11297674882;B
20241015;100015;4062;15;11297674883;B
20241015;100015;4062.5;15;11297674884;B
20241015;100015;4062.5;5;11297674885;B
20241015;100016;4061;8;11297675375;B
20241015;100017;4060;15;11297675501;S
20241015;100019;4060.5;4;11297676048;S
20241015;100019;4060.5;11;11297676049;S
20241015;100019;4061;1;11297676123;B
20241015;100019;4060.5;2;11297676194;S
20241015;100020;4060.5;12;11297676329;S
20241015;100020;4060.5;1;11297676330;S
20241015;100020;4060;2;11297676331;S
20241015;100021;4060;15;11297676691;S
20241015;100021;4061.5;2;11297676736;B
20241015;100022;4060;15;11297676950;S
20241015;100022;4060;5;11297677023;S
20241015;100023;4060.5;97;11297677403;S
20241015;100023;4060.5;8;11297677410;S
20241015;100024;4060.5;15;11297677435;B
20241015;100024;4061;5;11297677436;B
20241015;100025;4062.5;1;11297677814;B
20241015;100025;4062.5;14;11297677884;B
20241015;100027;4061;15;11297678531;S
20241015;100027;4061;5;11297678532;S
20241015;100027;4060.5;5;11297678533;S
20241015;100027;4060.5;6;11297678541;S
20241015;100028;4062;13;11297678701;B
20241015;100028;4062;17;11297678943;B
20241015;100028;4062.5;148;11297678944;B
20241015;100028;4062.5;15;11297678945;B
20241015;100028;4063;15;11297678946;B
20241015;100028;4063.5;5;11297678947;B
20241015;100028;4062;1;11297679055;S
20241015;100031;4062.5;2;11297680335;B
20241015;100033;4063;10;11297681104;B
20241015;100033;4063;3;11297681105;B
20241015;100034;4062;1;11297681259;S
20241015;100036;4062.5;2;11297682075;S
20241015;100037;4062.5;8;11297682485;S
20241015;100038;4062.5;2;11297682734;B
20241015;100038;4063;12;11297682735;B
20241015;100038;4063.5;10;11297682736;B
20241015;100038;4063.5;1;11297682737;B
20241015;100038;4063.5;13;11297682776;B
20241015;100039;4062;9;11297683122;S
20241015;100039;4062;50;11297683123;S
20241015;100039;4062;4;11297683124;S
20241015;100039;4062;15;11297683125;S
20241015;100039;4061.5;6;11297683126;S
20241015;100046;4063;20;11297684928;S
20241015;100047;4063.5;10;11297685311;B
20241015;100047;4064;10;11297685312;B
20241015;100047;4064;250;11297685313;B
20241015;100047;4064;15;11297685314;B
20241015;100047;4064.5;11;11297685315;B
20241015;100047;4064.5;30;11297685316;B
20241015;100047;4065;15;11297685317;B
20241015;100047;4065;1;11297685318;B
20241015;100047;4065;25;11297685349;S
20241015;100049;4065.5;60;11297685984;B
20241015;100049;4065.5;15;11297685985;B
20241015;100049;4066;25;11297685986;B
20241015;100049;4065.5;13;11297686115;B
20241015;100050;4065;4;11297686173;S
20241015;100053;4065.5;2;11297686958;B
20241015;100054;4065.5;45;11297687212;B
20241015;100054;4065.5;15;11297687213;B
20241015;100054;4066;140;11297687214;B
20241015;100055;4065;1;11297687505;S
20241015;100056;4065.5;1;11297687593;B
20241015;100058;4065;3;11297688275;S
20241015;100059;4065.5;14;11297688322;B
20241015;100059;4066;6;11297688323;B
20241015;100059;4065;23;11297688342;S
20241015;100059;4065.5;15;11297688403;B
20241015;100059;4066;10;11297688404;B
20241015;100059;4066;62;11297688405;B
20241015;100100;4065.5;15;11297688543;B
20241015;100100;4066;325;11297688544;B
20241015;100101;4066;41;11297688838;B
20241015;100101;4066;35;11297688854;B
20241015;100107;4065;12;11297690205;S
20241015;100107;4065.5;34;11297690374;S
20241015;100107;4065;16;11297690375;S
20241015;100108;4066;10;11297690616;B
20241015;100113;4066;8;11297691377;B
20241015;100113;4065.5;34;11297691552;S
20241015;100113;4065;74;11297691553;S
20241015;100113;4065;5;11297691554;S
20241015;100113;4065;34;11297691555;S
20241015;100113;4065;53;11297691556;S
20241015;100114;4065.5;10;11297691676;B
20241015;100114;4065.5;5;11297691742;B
20241015;100114;4065.5;7;11297691743;B
20241015;100115;4065.5;1;11297691805;B
20241015;100115;4065.5;10;11297691871;B
20241015;100115;4065.5;15;11297691872;B
20241015;100115;4066;3;11297691873;B
20241015;100115;4065;5;11297691876;S
20241015;100115;4065;10;11297691877;S
20241015;100115;4065;32;11297691878;S
20241015;100115;4064.5;10;11297691879;S
20241015;100115;4064.5;2;11297691880;S
20241015;100115;4064;6;11297691881;S
20241015;100115;4064;9;11297691882;S
20241015;100115;4064;1;11297691883;S
20241015;100115;4063.5;3;11297691884;S
20241015;100115;4063.5;2;11297691885;S
20241015;100115;4063;4;11297691886;S
20241015;100123;4065;2;11297693354;B
20241015;100123;4064.5;1;11297693404;S
20241015;100123;4065;6;11297693411;B
20241015;100123;4065;20;11297693412;B
20241015;100123;4065;20;11297693413;B
20241015;100123;4065;10;11297693414;B
20241015;100123;4065;12;11297693415;B
20241015;100123;4065;18;11297693416;B
20241015;100123;4065.5;20;11297693417;B
20241015;100123;4066;94;11297693418;B
20241015;100125;4066;14;11297693840;B
20241015;100126;4066;1;11297694133;B
20241015;100126;4066;40;11297694147;B
20241015;100126;4066;14;11297694148;B
20241015;100127;4066;14;11297694163;B
20241015;100127;4065;1;11297694243;S
20241015;100127;4066;9;11297694320;B
20241015;100128;4065;1;11297694434;S
20241015;100128;4066;1;11297694488;B
20241015;100128;4066;11;11297694514;B
20241015;100128;4066;3;11297694515;B
20241015;100129;4066;24;11297694633;B
20241015;100129;4066;10;11297694741;B
20241015;100130;4065;1;11297694974;S
20241015;100131;4066;13;11297695040;B
20241015;100131;4066;1;11297695041;B
20241015;100131;4067;14;11297695042;B
20241015;100131;4067.5;15;11297695043;B
20241015;100131;4067.5;14;11297695044;B
20241015;100131;4068;15;11297695045;B
20241015;100131;4068;53;11297695046;B
20241015;100131;4068;130;11297695047;B
20241015;100131;4068;6;11297695048;B
20241015;100131;4068;4;11297695049;B
20241015;100131;4068.5;15;11297695050;B
20241015;100131;4068.5;172;11297695051;B
20241015;100131;4068.5;40;11297695052;B
20241015;100131;4069;1;11297695053;B
20241015;100131;4069;15;11297695054;B
20241015;100131;4069;30;11297695055;B
20241015;100131;4069.5;1;11297695056;B
20241015;100132;4069.5;2;11297695409;B
20241015;100132;4069.5;23;11297695518;B
20241015;100132;4068;15;11297695564;S
20241015;100132;4068;50;11297695565;S
20241015;100132;4067.5;15;11297695566;S
20241015;100132;4067.5;20;11297695567;S
20241015;100133;4069;10;11297695716;B
20241015;100136;4068;1;11297696353;B
20241015;100136;4067;13;11297696477;S
20241015;100136;4067;2;11297696630;S
20241015;100136;4067;25;11297696631;S
20241015;100136;4066.5;50;11297696632;S
20241015;100136;4066.5;15;11297696633;S
20241015;100136;4066.5;8;11297696634;S
20241015;100139;4069;1;11297697207;B
20241015;100139;4069;23;11297697389;B
20241015;100141;4069;2;11297697939;B
20241015;100141;4069;8;11297697940;B
20241015;100141;4069.5;23;11297697941;B
20241015;100146;4069.5;23;11297699516;B
20241015;100152;4069.5;23;11297701112;B
20241015;100152;4069;1;11297701278;S
20241015;100152;4069;6;11297701279;S
20241015;100153;4069.5;3;11297701385;B
20241015;100154;4069.5;302;11297701681;B
20241015;100154;4070;1;11297701682;B
20241015;100154;4070;50;11297701683;B
20241015;100155;4072;3;11297701961;B
20241015;100155;4072.5;7;11297701962;B
20241015;100155;4072.5;7;11297701987;B
20241015;100157;4072.5;6;11297702315;B
20241015;100157;4072.5;23;11297702411;B
20241015;100158;4072.5;7;11297702514;B
20241015;100158;4072.5;13;11297702515;B
20241015;100158;4072.5;3;11297702534;B
20241015;100158;4072;3;11297702574;S
20241015;100200;4072;4;11297702913;S
20241015;100200;4072;1;11297703114;S
20241015;100201;4072.5;4;11297703254;B
20241015;100202;4072.5;10;11297703597;B
20241015;100202;4073;1;11297703598;B
20241015;100202;4073.5;2;11297703599;B
20241015;100202;4074;1;11297703600;B
20241015;100202;4074;1;11297703601;B
20241015;100202;4074;1;11297703602;B
20241015;100202;4074;12;11297703603;B
20241015;100202;4074;1;11297703604;B
20241015;100202;4074;131;11297703605;B
20241015;100202;4073.5;23;11297703642;B
20241015;100203;4073.5;7;11297703796;B
20241015;100203;4074;43;11297703797;B
20241015;100203;4073.5;10;11297703820;B
20241015;100203;4073;14;11297703967;S
20241015;100204;4073;8;11297704211;S
20241015;100205;4073;1;11297704392;S
20241015;100206;4073.5;20;11297704648;B
20241015;100206;4074;80;11297704649;B
20241015;100206;4073.5;14;11297704650;S
20241015;100207;4073;37;11297704860;S
20241015;100207;4073;63;11297704861;S
20241015;100208;4074;23;11297705026;B
20241015;100208;4073;3;11297705054;S
20241015;100208;4072.5;3;11297705055;S
20241015;100208;4074;10;11297705125;B
20241015;100209;4074;9;11297705334;B
20241015;100209;4074;1;11297705461;B
20241015;100210;4074;3;11297705659;B
20241015;100210;4074;3;11297705660;B
20241015;100210;4074;3;11297705661;B
20241015;100210;4074;1;11297705662;B
20241015;100210;4074;8;11297705663;B
20241015;100210;4074;1;11297705815;B
20241015;100213;4074;1;11297706299;B
20241015;100214;4073.5;15;11297706498;S
20241015;100214;4073.5;1;11297706499;S
20241015;100214;4073;4;11297706500;S
20241015;100214;4074;10;11297706610;B
20241015;100215;4074;10;11297706632;B
20241015;100215;4074;13;11297706633;B
20241015;100215;4074;3;11297706820;B
20241015;100216;4074;9;11297706884;B
20241015;100216;4074;5;11297707027;B
20241015;100216;4074.5;11;11297707028;B
20241015;100216;4075;11;11297707029;B
20241015;100216;4075;1;11297707030;B
20241015;100216;4075;3;11297707031;B
20241015;100216;4075;150;11297707032;B
20241015;100216;4075;11;11297707033;B
20241015;100216;4075;8;11297707034;B
20241015;100217;4075;3;11297707136;B
20241015;100218;4074;15;11297707431;S
20241015;100218;4074;7;11297707432;S
20241015;100218;4074;39;11297707433;S
20241015;100218;4073.5;50;11297707434;S
20241015;100218;4073.5;15;11297707435;S
20241015;100218;4073.5;7;11297707436;S
20241015;100218;4073;15;11297707437;S
20241015;100218;4073;27;11297707438;S
20241015;100218;4073;24;11297707439;S
20241015;100218;4072.5;1;11297707440;S
20241015;100219;4075;6;11297707592;B
20241015;100219;4075;1;11297707593;B
20241015;100219;4075;1;11297707594;B
20241015;100219;4075;6;11297707595;B
20241015;100220;4075;23;11297707893;B
20241015;100220;4074.5;2;11297708022;B
20241015;100220;4074.5;30;11297708023;B
20241015;100220;4075;9;11297708024;B
20241015;100220;4075;15;11297708025;B
20241015;100220;4075.5;14;11297708026;B
20241015;100221;4076.5;15;11297708113;B
20241015;100221;4076.5;15;11297708114;B
20241015;100223;4076.5;25;11297708505;B
20241015;100223;4076.5;30;11297708506;B
20241015;100223;4076.5;30;11297708507;B
20241015;100223;4076.5;3;11297708508;B
20241015;100223;4076.5;12;11297708553;B
20241015;100223;4076.5;9;11297708554;B
20241015;100223;4076.5;10;11297708555;B
20241015;100224;4076.5;20;11297708749;B
20241015;100224;4076.5;4;11297708750;B
20241015;100225;4076.5;23;11297708967;B
20241015;100225;4076.5;10;11297709113;B
20241015;100227;4074.5;20;11297709382;B
20241015;100227;4074.5;15;11297709383;B
20241015;100227;4075;15;11297709384;B
20241015;100227;4075.5;15;11297709395;S
20241015;100227;4075;12;11297709396;S
20241015;100227;4076;5;11297709415;B
20241015;100228;4075.5;10;11297709696;S
20241015;100229;4075.5;15;11297709867;S
20241015;100229;4075;5;11297709898;S
20241015;100229;4075.5;15;11297709899;B
20241015;100230;4075.5;1;11297709932;B
20241015;100230;4075;2;11297709934;S
20241015;100230;4075.5;2;11297709974;B
20241015;100230;4075.5;3;11297709975;B
20241015;100231;4075.5;15;11297710181;S
20241015;100231;4075;36;11297710182;S
20241015;100232;4075;50;11297710387;S
20241015;100233;4075;25;11297710620;S
20241015;100237;4075;2;11297711667;S
20241015;100241;4075.5;5;11297712308;B
20241015;100242;4075.5;25;11297712557;B
20241015;100242;4075.5;18;11297712558;B
20241015;100242;4075.5;17;11297712559;B
20241015;100242;4075;8;11297712612;S
20241015;100245;4075.5;5;11297713062;B
20241015;100246;4075.5;13;11297713304;B
20241015;100246;4075.5;18;11297713305;B
20241015;100247;4075.5;1;11297713484;S
20241015;100249;4077.5;5;11297713883;B
20241015;100249;4075.5;2;11297713894;S
20241015;100250;4076;1;11297714126;B
20241015;100250;4076;30;11297714127;B
20241015;100250;4076;18;11297714128;B
20241015;100250;4076.5;15;11297714129;B
20241015;100250;4077;15;11297714130;B
20241015;100250;4077;14;11297714131;B
20241015;100250;4077.5;7;11297714132;B
20241015;100251;4076.5;10;11297714183;B
20241015;100251;4078.5;15;11297714199;B
20241015;100251;4078.5;1;11297714200;B
20241015;100251;4076.5;50;11297714374;S
20241015;100251;4076.5;15;11297714375;S
20241015;100251;4076.5;57;11297714376;S
20241015;100252;4077;7;11297714693;B
20241015;100253;4076;1;11297714733;B
20241015;100253;4076;4;11297714743;B
20241015;100253;4076;6;11297714744;B
20241015;100253;4076.5;31;11297714752;B
20241015;100255;4076;1;11297715108;B
20241015;100256;4076;17;11297715239;B
20241015;100256;4076;30;11297715240;B
20241015;100256;4076.5;15;11297715241;B
20241015;100256;4077;15;11297715242;B
20241015;100256;4077.5;15;11297715243;B
20241015;100256;4077.5;8;11297715244;B
20241015;100257;4076;1;11297715617;B
20241015;100257;4076;1;11297715668;B
20241015;100257;4076;16;11297715726;B
20241015;100257;4076;30;11297715727;B
20241015;100257;4076.5;4;11297715728;B
20241015;100258;4077.5;5;11297715750;B
20241015;100258;4077.5;1;11297715802;B
20241015;100259;4076;2;11297715871;S
20241015;100259;4077.5;24;11297715892;B
20241015;100259;4077.5;15;11297715893;B
20241015;100259;4078;1;11297715894;B
20241015;100301;4077.5;30;11297716211;B
20241015;100301;4078;1;11297716212;B
20241015;100301;4077.5;30;11297716251;B
20241015;100301;4078;12;11297716252;B
20241015;100301;4078;14;11297716253;B
20241015;100301;4078.5;60;11297716254;B
20241015;100301;4078.5;60;11297716255;B
20241015;100301;4078.5;60;11297716256;B
20241015;100301;4079;2;11297716257;B
20241015;100301;4079;2;11297716258;B
20241015;100301;4079;7;11297716259;B
20241015;100301;4078.5;1;11297716272;B
20241015;100301;4078.5;1;11297716386;B
20241015;100302;4078.5;1;11297716434;B
20241015;100302;4077.5;1;11297716537;B
20241015;100302;4077;2;11297716548;S
20241015;100302;4076.5;18;11297716584;B
20241015;100302;4077;2;11297716585;B
20241015;100303;4076;1;11297716659;B
20241015;100304;4076;17;11297716930;B
20241015;100304;4076.5;30;11297716931;B
20241015;100304;4077;5;11297716932;B
20241015;100304;4077;5;11297716933;B
20241015;100304;4077.5;28;11297716934;B
20241015;100304;4075.5;2;11297716954;S
20241015;100304;4075.5;1;11297716955;S
20241015;100304;4075.5;15;11297716956;S
20241015;100304;4075.5;30;11297716957;S
20241015;100304;4075;2;11297716958;S
20241015;100305;4075;1;11297717135;S
20241015;100306;4075.5;4;11297717351;B
20241015;100306;4076;15;11297717352;B
20241015;100306;4076.5;50;11297717353;B
20241015;100306;4076.5;15;11297717354;B
20241015;100306;4077;30;11297717355;B
20241015;100306;4077;15;11297717356;B
20241015;100306;4077.5;15;11297717357;B
20241015;100306;4077.5;40;11297717358;B
20241015;100306;4077.5;30;11297717359;B
20241015;100306;4078;40;11297717360;B
20241015;100306;4078;15;11297717361;B
20241015;100306;4078.5;15;11297717362;B
20241015;100306;4078.5;30;11297717363;B
20241015;100306;4078.5;60;11297717364;B
20241015;100306;4078.5;60;11297717365;B
20241015;100306;4079;56;11297717366;B
20241015;100306;4077;1;11297717439;B
20241015;100307;4077;1;11297717499;B
20241015;100307;4077;16;11297717530;B
20241015;100307;4077.5;4;11297717531;B
20241015;100307;4077.5;11;11297717532;B
20241015;100308;4075.5;15;11297717705;S
20241015;100308;4075;65;11297717706;S
20241015;100308;4077;20;11297717723;B
20241015;100308;4077;21;11297717724;B
20241015;100308;4077;50;11297717725;B
20241015;100308;4077.5;30;11297717726;B
20241015;100308;4078;30;11297717727;B
20241015;100308;4078;40;11297717728;B
20241015;100308;4078.5;40;11297717729;B
20241015;100308;4078.5;60;11297717730;B
20241015;100308;4079;17;11297717731;B
20241015;100308;4079;10;11297717732;B
20241015;100308;4079;30;11297717733;B
20241015;100308;4079;60;11297717734;B
20241015;100308;4079.5;60;11297717735;B
20241015;100308;4079.5;132;11297717736;B
20241015;100309;4077.5;2;11297717972;S
20241015;100310;4078.5;30;11297718261;B
20241015;100310;4079;20;11297718262;B
20241015;100312;4078.5;30;11297718632;B
20241015;100312;4079;1;11297718633;B
20241015;100312;4079.5;1;11297718677;B
20241015;100313;4077;18;11297718845;S
20241015;100314;4078;2;11297719026;B
20241015;100314;4077;4;11297719123;B
20241015;100314;4077;70;11297719178;B
20241015;100314;4077;58;11297719179;B
20241015;100317;4077.5;30;11297719739;B
20241015;100317;4077.5;3;11297719745;B
20241015;100318;4077.5;24;11297719921;B
20241015;100321;4077.5;3;11297720526;B
20241015;100321;4077.5;7;11297720527;B
20241015;100322;4077;100;11297720744;S
20241015;100323;4077;1;11297720845;S
20241015;100325;4077.5;4;11297721293;B
20241015;100325;4077.5;4;11297721294;B
20241015;100325;4078;1;11297721295;B
20241015;100325;4078.5;1;11297721296;B
20241015;100325;4078.5;2;11297721297;B
20241015;100325;4079;10;11297721298;B
20241015;100325;4079;25;11297721299;B
20241015;100325;4079.5;18;11297721300;B
20241015;100325;4079.5;25;11297721301;B
20241015;100325;4080;1;11297721302;B
20241015;100325;4080;1;11297721303;B
20241015;100325;4080;40;11297721304;B
20241015;100325;4080;3;11297721305;B
20241015;100325;4080;1;11297721306;B
20241015;100325;4080;20;11297721307;B
20241015;100325;4080;2;11297721308;B
20241015;100325;4080;1;11297721309;B
20241015;100325;4080;150;11297721310;B
20241015;100325;4080;10;11297721311;B
20241015;100325;4080;6;11297721312;B
20241015;100325;4080;6;11297721313;B
20241015;100325;4080;1;11297721314;B
20241015;100325;4080;1;11297721315;B
20241015;100325;4080;3;11297721316;B
20241015;100325;4080;30;11297721317;B
20241015;100325;4080.5;50;11297721318;B
20241015;100325;4080.5;30;11297721319;B
20241015;100325;4081.5;40;11297721320;B
20241015;100325;4081.5;14;11297721321;B
20241015;100325;4078.5;2;11297721326;S
20241015;100325;4080;10;11297721334;B
20241015;100325;4079.5;2;11297721370;S
20241015;100325;4080;10;11297721372;B
20241015;100325;4080;4;11297721388;B
20241015;100325;4080;6;11297721421;B
20241015;100325;4080;2;11297721427;B
20241015;100326;4080;9;11297721473;B
20241015;100326;4080;1;11297721474;B
20241015;100326;4080;5;11297721497;B
20241015;100326;4080;4;11297721502;B
20241015;100326;4080;10;11297721503;B
20241015;100326;4081;30;11297721504;B
20241015;100326;4081.5;3;11297721505;B
20241015;100326;4080.5;15;11297721506;S
20241015;100326;4080;2;11297721507;S
20241015;100326;4082;30;11297721522;B
20241015;100326;4082;2;11297721523;B
20241015;100326;4081;15;11297721525;S
20241015;100326;4081;1;11297721532;B
20241015;100327;4080.5;1;11297721709;S
20241015;100328;4081;4;11297721850;B
20241015;100328;4081;10;11297721851;B
20241015;100328;4081;10;11297721852;B
20241015;100328;4081;7;11297721853;B
20241015;100328;4081;10;11297721854;B
20241015;100328;4081;10;11297721855;B
20241015;100328;4081.5;7;11297721856;B
20241015;100328;4081.5;1;11297721857;B
20241015;100328;4082;12;11297721858;B
20241015;100328;4082;15;11297721870;B
20241015;100328;4081;1;11297721874;S
20241015;100329;4081.5;1;11297722026;S
20241015;100329;4081.5;2;11297722064;S
20241015;100329;4082;3;11297722074;B
20241015;100329;4082.5;1;11297722075;B
20241015;100329;4082.5;1;11297722076;B
20241015;100329;4082.5;1;11297722077;B
20241015;100329;4082.5;1;11297722078;B
20241015;100329;4082.5;1;11297722079;B
20241015;100329;4082.5;1;11297722080;B
20241015;100329;4082.5;2;11297722081;B
20241015;100329;4083;5;11297722082;B
20241015;100329;4083;5;11297722083;B
20241015;100329;4083;1;11297722084;B
20241015;100329;4083;1;11297722085;B
20241015;100329;4083;2;11297722086;B
20241015;100329;4083;7;11297722087;B
20241015;100329;4083.5;1;11297722088;B
20241015;100329;4083.5;2;11297722089;B
20241015;100329;4083.5;26;11297722090;B
20241015;100329;4083.5;30;11297722091;B
20241015;100329;4083.5;7;11297722092;B
20241015;100329;4083.5;2;11297722093;B
20241015;100329;4082.5;8;11297722100;B
20241015;100329;4082.5;1;11297722198;B
20241015;100329;4082.5;41;11297722228;B
20241015;100329;4082.5;9;11297722229;B
20241015;100329;4083;30;11297722240;B
20241015;100329;4083.5;28;11297722241;B
20241015;100329;4083.5;2;11297722242;B
20241015;100329;4083.5;30;11297722244;B
20241015;100329;4084;2;11297722245;B
20241015;100329;4084;5;11297722246;B
20241015;100329;4084;1;11297722247;B
20241015;100329;4084;1;11297722248;B
20241015;100329;4084;1;11297722249;B
20241015;100330;4083.5;3;11297722267;B
20241015;100330;4083.5;27;11297722268;B
20241015;100330;4084;10;11297722269;B
20241015;100330;4084;15;11297722270;B
20241015;100330;4084;3;11297722271;B
20241015;100330;4084;1;11297722272;B
20241015;100330;4084;3;11297722273;B
20241015;100330;4084;40;11297722274;B
20241015;100330;4082;15;11297722287;S
20241015;100330;4081.5;21;11297722288;S
20241015;100330;4081.5;15;11297722289;S
20241015;100330;4081;15;11297722290;S
20241015;100330;4081;34;11297722291;S
20241015;100330;4083;15;11297722334;B
20241015;100330;4083;3;11297722335;B
20241015;100330;4083;27;11297722336;B
20241015;100330;4083;1;11297722337;B
20241015;100330;4083;2;11297722338;B
20241015;100330;4083;2;11297722348;B
20241015;100330;4083;2;11297722349;B
20241015;100330;4083;1;11297722351;B
20241015;100330;4083;4;11297722449;B
20241015;100331;4083;6;11297722494;B
20241015;100331;4083;5;11297722495;B
20241015;100331;4083.5;30;11297722496;B
20241015;100331;4083.5;30;11297722497;B
20241015;100331;4084;10;11297722498;B
20241015;100331;4084;19;11297722499;B
20241015;100331;4083.5;18;11297722578;B
20241015;100332;4083.5;1;11297722759;B
20241015;100332;4083.5;11;11297722836;B
20241015;100332;4084;41;11297722837;B
20241015;100332;4084;4;11297722838;B
20241015;100332;4084;14;11297722839;B
20241015;100333;4083.5;1;11297722906;B
20241015;100334;4083.5;29;11297723075;B
20241015;100334;4084;46;11297723076;B
20241015;100334;4084;10;11297723077;B
20241015;100334;4084;30;11297723078;B
20241015;100334;4084;19;11297723079;B
20241015;100334;4084;11;11297723083;B
20241015;100334;4084;4;11297723084;B
20241015;100334;4083.5;6;11297723171;B
20241015;100335;4083;1;11297723255;B
20241015;100336;4083;1;11297723590;B
20241015;100336;4083;6;11297723591;B
20241015;100336;4083.5;29;11297723592;B
20241015;100336;4083.5;14;11297723593;B
20241015;100337;4082;5;11297723698;S
20241015;100337;4082;15;11297723699;S
20241015;100338;4083.5;2;11297723934;B
20241015;100338;4083;15;11297724000;B
20241015;100339;4083;7;11297724071;B
20241015;100339;4083;50;11297724072;B
20241015;100339;4083.5;40;11297724109;B
20241015;100339;4083.5;25;11297724110;B
20241015;100339;4083.5;1;11297724111;B
20241015;100339;4084;10;11297724112;B
20241015;100339;4084;4;11297724113;B
20241015;100339;4083;1;11297724132;S
20241015;100340;4083.5;27;11297724366;B
20241015;100340;4084;6;11297724367;B
20241015;100340;4084;15;11297724368;B
20241015;100340;4084;14;11297724369;B
20241015;100340;4084;88;11297724370;B
20241015;100340;4084;12;11297724371;B
20241015;100340;4084.5;8;11297724372;B
20241015;100340;4082.5;1;11297724373;S
20241015;100342;4084.5;1;11297724734;B
20241015;100342;4084.5;12;11297724735;B
20241015;100342;4084;1;11297724855;S
20241015;100343;4084;1;11297724927;S
20241015;100344;4084.5;30;11297725060;B
20241015;100344;4084.5;58;11297725101;B
20241015;100344;4084.5;1;11297725102;B
20241015;100344;4084.5;1;11297725103;B
20241015;100344;4085;5;11297725104;B
20241015;100344;4085;1;11297725105;B
20241015;100344;4085;1;11297725106;B
20241015;100344;4085;10;11297725107;B
20241015;100344;4085;1;11297725108;B
20241015;100344;4085;1;11297725109;B
20241015;100344;4085;2;11297725110;B
20241015;100344;4085;100;11297725111;B
20241015;100344;4085;19;11297725112;B
20241015;100344;4084;5;11297725116;S
20241015;100344;4085;40;11297725117;B
20241015;100344;4085;41;11297725183;B
20241015;100344;4085;13;11297725184;B
20241015;100344;4085;3;11297725185;B
20241015;100345;4084.5;1;11297725192;B
20241015;100345;4085;13;11297725214;B
20241015;100345;4084.5;2;11297725236;S
20241015;100345;4085;10;11297725254;B
20241015;100345;4085;10;11297725332;B
20241015;100345;4085;12;11297725343;B
20241015;100345;4084.5;5;11297725353;S
20241015;100345;4084;11;11297725354;S
20241015;100345;4084;9;11297725355;S
20241015;100346;4085;12;11297725473;B
20241015;100346;4084.5;1;11297725539;B
20241015;100347;4084.5;1;11297725590;B
20241015;100347;4085;2;11297725591;B
20241015;100347;4084.5;20;11297725626;B
20241015;100350;4084;3;11297726442;B
20241015;100351;4084;26;11297726484;B
20241015;100352;4083.5;50;11297726667;S
20241015;100352;4083.5;29;11297726668;S
20241015;100352;4083;6;11297726669;S
20241015;100352;4083;15;11297726670;S
20241015;100352;4084;2;11297726789;B
20241015;100352;4084;10;11297726819;B
20241015;100353;4084;1;11297726923;B
20241015;100353;4084;1;11297727019;B
20241015;100354;4084;40;11297727183;B
20241015;100354;4084;1;11297727234;B
20241015;100355;4083.5;6;11297727307;S
20241015;100356;4083.5;7;11297727616;S
20241015;100356;4084;1;11297727646;B
20241015;100359;4083;25;11297728054;S
20241015;100400;4083;10;11297728200;S
20241015;100401;4083;1;11297728374;B
20241015;100401;4082.5;1;11297728452;S
20241015;100402;4083;25;11297728851;B
20241015;100403;4083;79;11297728934;B
20241015;100403;4083;21;11297728935;B
20241015;100403;4083;5;11297728942;B
20241015;100403;4082.5;5;11297728945;S
20241015;100403;4082.5;20;11297728946;S
20241015;100403;4082;32;11297728947;S
20241015;100403;4082;5;11297728948;S
20241015;100403;4082;5;11297728949;S
20241015;100403;4082;5;11297728950;S
20241015;100403;4082;18;11297728951;S
20241015;100403;4082;15;11297728952;S
20241015;100403;4082;60;11297728953;S
20241015;100403;4081.5;15;11297728954;S
20241015;100403;4081.5;30;11297728955;S
20241015;100403;4081.5;5;11297728956;S
20241015;100403;4081.5;5;11297728957;S
20241015;100403;4081.5;18;11297728958;S
20241015;100403;4081.5;12;11297728959;S
20241015;100403;4081;5;11297728960;S
20241015;100403;4081;10;11297728961;S
20241015;100403;4081;5;11297728962;S
20241015;100403;4081;21;11297729001;B
20241015;100403;4082.5;15;11297729002;B
20241015;100403;4083;28;11297729003;B
20241015;100404;4081.5;1;11297729263;S
20241015;100405;4081.5;1;11297729398;S
20241015;100405;4082;5;11297729492;S
20241015;100405;4081.5;25;11297729493;S
20241015;100406;4083;22;11297729514;B
20241015;100406;4083;15;11297729515;B
20241015;100406;4083.5;3;11297729516;B
20241015;100406;4083.5;20;11297729517;B
20241015;100406;4083.5;15;11297729518;B
20241015;100406;4084;1;11297729535;B
20241015;100406;4084;3;11297729536;B
20241015;100406;4082.5;2;11297729547;S
20241015;100406;4082.5;2;11297729548;S
20241015;100406;4082.5;11;11297729550;S
20241015;100406;4082;10;11297729551;S
20241015;100406;4082.5;1;11297729552;S
20241015;100406;4082.5;1;11297729553;S
20241015;100406;4082.5;1;11297729554;S
20241015;100406;4082.5;2;11297729555;S
20241015;100406;4082.5;1;11297729556;S
20241015;100406;4082.5;2;11297729558;S
20241015;100406;4082.5;3;11297729559;S
20241015;100406;4082.5;4;11297729560;S
20241015;100406;4082;5;11297729561;S
20241015;100406;4081.5;1;11297729562;S
20241015;100406;4082.5;1;11297729564;S
20241015;100406;4082.5;4;11297729565;S
20241015;100406;4082.5;1;11297729568;S
20241015;100406;4082.5;6;11297729569;S
20241015;100406;4082.5;16;11297729570;S
20241015;100406;4082.5;1;11297729571;S
20241015;100406;4082.5;4;11297729572;S
20241015;100406;4082.5;10;11297729573;S
20241015;100406;4082;3;11297729574;S
20241015;100406;4082;3;11297729575;S
20241015;100406;4082;2;11297729576;S
20241015;100406;4082;2;11297729577;S
20241015;100406;4082;6;11297729578;S
20241015;100406;4082;11;11297729579;S
20241015;100406;4082;14;11297729580;S
20241015;100406;4082;1;11297729581;S
20241015;100406;4082;1;11297729582;S
20241015;100406;4082;2;11297729583;S
20241015;100406;4082;6;11297729584;S
20241015;100406;4082;4;11297729586;S
20241015;100406;4082;3;11297729587;S
20241015;100406;4082;5;11297729588;S
20241015;100406;4082;2;11297729589;S
20241015;100406;4082;2;11297729590;S
20241015;100406;4082;2;11297729591;S
20241015;100406;4082;6;11297729592;S
20241015;100407;4083;1;11297729795;S
20241015;100407;4083;1;11297729823;S
20241015;100409;4083;1;11297730087;S
20241015;100409;4083;1;11297730145;S
20241015;100409;4083;1;11297730174;S
20241015;100409;4082.5;1;11297730175;S
20241015;100410;4082.5;3;11297730239;S
20241015;100410;4082.5;5;11297730240;S
20241015;100410;4082;20;11297730241;S
20241015;100410;4083.5;1;11297730296;S
20241015;100410;4083.5;2;11297730297;S
20241015;100410;4083.5;2;11297730426;S
20241015;100411;4083.5;5;11297730559;S
20241015;100411;4082.5;5;11297730560;S
20241015;100412;4082;1;11297730684;S
20241015;100414;4083;5;11297730988;B
20241015;100414;4083;10;11297731111;B
20241015;100414;4083;1;11297731112;B
20241015;100414;4083.5;50;11297731113;B
20241015;100414;4083.5;15;11297731114;B
20241015;100414;4083.5;7;11297731115;B
20241015;100414;4083.5;1;11297731116;B
20241015;100414;4084;12;11297731117;B
20241015;100414;4084;13;11297731118;B
20241015;100414;4084;1;11297731119;B
20241015;100414;4084;30;11297731120;B
20241015;100414;4084;7;11297731121;B
20241015;100414;4084.5;30;11297731122;B
20241015;100414;4084.5;2;11297731123;B
20241015;100414;4084.5;6;11297731124;B
20241015;100414;4084.5;15;11297731125;B
20241015;100415;4082;4;11297731192;S
20241015;100415;4082;15;11297731193;S
20241015;100415;4082;30;11297731194;S
20241015;100415;4082;26;11297731195;S
20241015;100417;4083;2;11297731561;S
20241015;100417;4083;2;11297731573;B
20241015;100417;4083.5;15;11297731574;B
20241015;100417;4084;50;11297731575;B
20241015;100417;4084;50;11297731576;B
20241015;100417;4084;15;11297731577;B
20241015;100417;4084;14;11297731578;B
20241015;100417;4084;148;11297731579;B
20241015;100417;4084.5;30;11297731580;B
20241015;100417;4084.5;15;11297731581;B
20241015;100417;4084.5;30;11297731582;B
20241015;100417;4084.5;46;11297731583;B
20241015;100417;4085;38;11297731584;B
20241015;100417;4085;20;11297731585;B
20241015;100417;4085;2;11297731586;B
20241015;100417;4085;225;11297731587;B
20241015;100417;4084.5;3;11297731610;B
20241015;100417;4083;1;11297731677;S
20241015;100418;4083.5;25;11297731857;B
20241015;100418;4084;5;11297731858;B
20241015;100419;4084.5;47;11297731922;B
20241015;100419;4084.5;4;11297731923;B
20241015;100419;4084.5;46;11297731944;B
20241015;100419;4085;75;11297731945;B
20241015;100419;4085;5;11297731946;B
20241015;100419;4085;6;11297731947;B
20241015;100420;4083;11;11297732098;S
20241015;100421;4085;19;11297732267;B
20241015;100421;4085;31;11297732268;B
20241015;100421;4084;1;11297732327;S
20241015;100421;4084;14;11297732363;S
20241015;100421;4083.5;36;11297732364;S
20241015;100421;4085;28;11297732377;B
20241015;100421;4085;30;11297732394;B
20241015;100422;4085;11;11297732527;B
20241015;100422;4085;100;11297732528;B
20241015;100422;4085;1;11297732529;B
20241015;100422;4085.5;1;11297732530;B
20241015;100422;4085.5;1;11297732531;B
20241015;100422;4085.5;14;11297732532;B
20241015;100422;4086;5;11297732533;B
20241015;100422;4086;1;11297732534;B
20241015;100422;4086;3;11297732535;B
20241015;100422;4086;24;11297732536;B
20241015;100422;4086;5;11297732537;B
20241015;100422;4086;1;11297732538;B
20241015;100422;4086;28;11297732539;B
20241015;100422;4086;10;11297732540;B
20241015;100422;4086;10;11297732541;B
20241015;100422;4086;10;11297732543;B
20241015;100422;4086;10;11297732544;B
20241015;100422;4086;10;11297732545;B
20241015;100422;4085;6;11297732548;S
20241015;100422;4086;22;11297732586;B
20241015;100422;4086;18;11297732587;B
20241015;100422;4085.5;20;11297732663;S
20241015;100422;4085.5;30;11297732664;S
20241015;100422;4085.5;11;11297732665;S
20241015;100423;4085;7;11297732738;S
20241015;100423;4085.5;2;11297732764;B
20241015;100423;4085.5;15;11297732765;B
20241015;100424;4085.5;1;11297732968;B
20241015;100424;4085.5;3;11297732975;B
20241015;100426;4085;14;11297733292;S
20241015;100427;4085.5;2;11297733530;B
20241015;100428;4085.5;1;11297733765;B
20241015;100428;4085.5;1;11297733773;B
20241015;100430;4085;1;11297734299;S
20241015;100431;4085.5;19;11297734523;B
20241015;100431;4085.5;21;11297734524;B
20241015;100431;4085.5;10;11297734525;B
20241015;100432;4085.5;3;11297734660;B
20241015;100432;4085;40;11297734827;S
20241015;100434;4085.5;8;11297735125;B
20241015;100434;4085.5;12;11297735126;B
20241015;100435;4085;4;11297735430;S
20241015;100436;4085.5;9;11297735556;B
20241015;100436;4085.5;2;11297735557;B
20241015;100436;4085.5;4;11297735558;B
20241015;100436;4086;25;11297735559;B
20241015;100436;4086;15;11297735595;B
20241015;100436;4086;3;11297735622;B
20241015;100436;4086;5;11297735687;B
20241015;100436;4085.5;15;11297735736;S
20241015;100436;4085.5;29;11297735737;S
20241015;100436;4085.5;60;11297735738;S
20241015;100436;4085.5;60;11297735739;S
20241015;100436;4085.5;50;11297735740;S
20241015;100436;4085.5;26;11297735741;S
20241015;100436;4086;38;11297735770;B
20241015;100436;4085.5;1;11297735867;S
20241015;100437;4085.5;15;11297735992;S
20241015;100437;4085.5;15;11297736023;S
20241015;100437;4085.5;7;11297736031;S
20241015;100438;4085.5;22;11297736258;S
20241015;100438;4085.5;14;11297736259;S
20241015;100438;4085.5;29;11297736260;S
20241015;100438;4085.5;15;11297736261;S
20241015;100438;4085.5;70;11297736262;S
20241015;100438;4085.5;1;11297736277;S
20241015;100439;4086;2;11297736455;B
20241015;100440;4085.5;3;11297736625;S
20241015;100441;4086;194;11297736843;B
20241015;100441;4086;1;11297736844;B
20241015;100441;4086;3;11297736845;B
20241015;100441;4086;294;11297736846;B
20241015;100441;4086;8;11297736847;B
20241015;100441;4086;6;11297736872;B
20241015;100441;4086.5;1;11297736873;B
20241015;100441;4086.5;18;11297736874;B
20241015;100441;4086;4;11297736880;S
20241015;100441;4086.5;2;11297736884;B
20241015;100441;4087;5;11297736885;B
20241015;100441;4087;5;11297736886;B
20241015;100441;4087;7;11297736887;B
20241015;100441;4087;5;11297736888;B
20241015;100441;4087.5;50;11297736889;B
20241015;100441;4087.5;200;11297736890;B
20241015;100441;4087.5;1;11297736891;B
20241015;100441;4088;10;11297736892;B
20241015;100441;4088;1;11297736893;B
20241015;100441;4088;1;11297736894;B
20241015;100441;4088;10;11297736895;B
20241015;100441;4088;1;11297736896;B
20241015;100441;4088;5;11297736897;B
20241015;100441;4088;221;11297736898;B
20241015;100441;4088;148;11297736900;B
20241015;100441;4088;131;11297736901;B
20241015;100441;4088;271;11297736902;B
20241015;100441;4088;167;11297736904;B
20241015;100441;4088;29;11297736905;B
20241015;100441;4088;8;11297736907;B
20241015;100441;4088;38;11297736908;B
20241015;100441;4088;26;11297736909;B
20241015;100441;4088;4;11297736910;B
20241015;100441;4088;6;11297736914;B
20241015;100441;4088.5;10;11297736915;B
20241015;100441;4088.5;14;11297736916;B
20241015;100441;4088.5;61;11297736917;B
20241015;100441;4088.5;21;11297736918;B
20241015;100441;4088;15;11297736960;S
20241015;100441;4088;5;11297736961;S
20241015;100441;4088;1;11297736962;S
20241015;100442;4088;8;11297736996;S
20241015;100442;4088.5;18;11297737020;B
20241015;100442;4088;2;11297737070;S
20241015;100442;4088;1;11297737100;S
20241015;100442;4088;4;11297737128;S
20241015;100442;4088;16;11297737129;S
20241015;100442;4088.5;24;11297737160;B
20241015;100442;4088;1;11297737169;S
20241015;100442;4088;1;11297737170;S
20241015;100442;4088;10;11297737183;S
20241015;100442;4088;2;11297737207;S
20241015;100442;4088;1;11297737213;S
20241015;100442;4088;29;11297737238;S
20241015;100443;4087;1;11297737285;S
20241015;100443;4088;1;11297737297;B
20241015;100443;4088.5;2;11297737300;B
20241015;100443;4088;8;11297737307;S
20241015;100443;4088;2;11297737310;S
20241015;100443;4088;1;11297737311;S
20241015;100443;4088;8;11297737313;S
20241015;100443;4088;10;11297737314;S
20241015;100443;4088;1;11297737316;S
20241015;100443;4088;2;11297737317;S
20241015;100443;4088;2;11297737319;S
20241015;100443;4088.5;12;11297737329;B
20241015;100443;4088.5;5;11297737373;B
20241015;100443;4088;1;11297737391;S
20241015;100443;4088;10;11297737413;S
20241015;100443;4088.5;5;11297737426;B
20241015;100443;4088;6;11297737514;S
20241015;100443;4088;6;11297737546;S
20241015;100444;4088.5;50;11297737713;B
20241015;100446;4088;196;11297738014;S
20241015;100446;4088;29;11297738015;S
20241015;100446;4088;75;11297738016;S
20241015;100447;4088;41;11297738235;S
20241015;100447;4088;4;11297738243;S
20241015;100448;4088.5;20;11297738404;B
20241015;100449;4088;5;11297738615;S
20241015;100449;4088;2;11297738626;S
20241015;100449;4088.5;3;11297738717;B
20241015;100449;4088.5;1;11297738730;B
20241015;100450;4088.5;14;11297738844;B
20241015;100451;4088.5;3;11297739310;B
20241015;100452;4088;5;11297739381;S
20241015;100452;4088.5;40;11297739456;B
20241015;100452;4088.5;1;11297739640;B
20241015;100453;4088.5;21;11297739691;B
20241015;100453;4088;2;11297739782;S
20241015;100453;4088.5;85;11297739911;B
20241015;100453;4088.5;10;11297739912;B
20241015;100453;4088.5;1;11297739913;B
20241015;100453;4088.5;1;11297739914;B
20241015;100453;4088.5;18;11297739915;B
20241015;100454;4088.5;37;11297739946;B
20241015;100454;4088.5;5;11297740041;B
20241015;100454;4088.5;29;11297740042;B
20241015;100454;4088.5;36;11297740043;B
20241015;100455;4088.5;1;11297740209;B
20241015;100455;4088.5;5;11297740245;B
20241015;100456;4088.5;18;11297740387;B
20241015;100456;4088.5;2;11297740388;B
20241015;100456;4088.5;60;11297740389;B
20241015;100456;4088.5;5;11297740390;B
20241015;100456;4088.5;15;11297740391;B
20241015;100456;4088;2;11297740403;S
20241015;100457;4088.5;40;11297740814;B
20241015;100458;4088.5;5;11297740903;B
20241015;100458;4088.5;29;11297740904;B
20241015;100458;4088.5;60;11297740905;B
20241015;100458;4088.5;5;11297740906;B
20241015;100458;4088.5;1;11297740907;B
20241015;100458;4088;24;11297740982;S
20241015;100458;4088;3;11297741044;S
20241015;100458;4088;1;11297741066;S
20241015;100500;4088;1;11297741324;S
20241015;100500;4088.5;2;11297741326;B
20241015;100500;4088;1;11297741406;S
20241015;100500;4088;25;11297741420;S
20241015;100501;4088.5;50;11297741585;B
20241015;100502;4088;559;11297741685;S
20241015;100502;4088;32;11297741686;S
20241015;100502;4088;9;11297741687;S
20241015;100502;4088;11;11297741798;S
20241015;100502;4088;50;11297741799;S
20241015;100502;4088;5;11297741800;S
20241015;100502;4087.5;32;11297741801;S
20241015;100502;4087;32;11297741802;S
20241015;100503;4086.5;1;11297742004;B
20241015;100504;4086;7;11297742131;S
20241015;100504;4085.5;26;11297742132;S
20241015;100504;4085.5;10;11297742133;S
20241015;100504;4085.5;13;11297742134;S
20241015;100504;4086.5;1;11297742389;B
20241015;100505;4085.5;1;11297742438;S
20241015;100505;4086;1;11297742447;B
20241015;100505;4085.5;1;11297742488;S
20241015;100507;4085.5;55;11297742944;S
20241015;100507;4085.5;3;11297742945;S
20241015;100507;4085;36;11297742953;S
20241015;100507;4085;24;11297743029;S
20241015;100507;4085;74;11297743061;S
20241015;100507;4085;76;11297743062;S
20241015;100508;4085;10;11297743129;S
20241015;100508;4085.5;15;11297743155;B
20241015;100508;4085.5;35;11297743156;B
20241015;100509;4085.5;5;11297743413;B
20241015;100509;4085;41;11297743438;S
20241015;100509;4085;40;11297743439;S
20241015;100509;4085;1;11297743440;S
20241015;100509;4085;25;11297743441;S
20241015;100509;4085;96;11297743442;S
20241015;100509;4085;20;11297743443;S
20241015;100509;4085;10;11297743444;S
20241015;100509;4085;10;11297743445;S
20241015;100509;4085;41;11297743446;S
20241015;100509;4085;40;11297743447;S
20241015;100509;4085;1;11297743448;S
20241015;100509;4085;20;11297743449;S
20241015;100509;4085;25;11297743450;S
20241015;100509;4085;10;11297743451;S
20241015;100509;4085;10;11297743453;S
20241015;100509;4085;24;11297743454;S
20241015;100509;4085;16;11297743455;S
20241015;100509;4085;1;11297743456;S
20241015;100509;4085;5;11297743457;S
20241015;100509;4085;35;11297743458;S
20241015;100509;4085;1;11297743459;S
20241015;100509;4085;4;11297743461;S
20241015;100509;4084.5;26;11297743463;S
20241015;100509;4084;7;11297743465;S
20241015;100509;4084;1;11297743466;S
20241015;100509;4084;3;11297743469;S
20241015;100509;4084;1;11297743471;S
20241015;100509;4084;1;11297743473;S
20241015;100510;4084;4;11297743590;S
20241015;100510;4084.5;2;11297743731;B
20241015;100511;4084.5;13;11297743849;B
20241015;100511;4084.5;7;11297743850;B
20241015;100512;4084;20;11297743955;S
20241015;100512;4084;1;11297743997;S
20241015;100512;4083.5;27;11297743998;S
20241015;100512;4083;60;11297743999;S
20241015;100512;4083;12;11297744000;S
20241015;100512;4083;56;11297744001;S
20241015;100512;4083;35;11297744002;S
20241015;100512;4083.5;50;11297744068;B
20241015;100512;4083.5;30;11297744069;B
20241015;100512;4083.5;15;11297744070;B
20241015;100512;4083.5;50;11297744071;B
20241015;100512;4083.5;28;11297744072;B
20241015;100512;4084;60;11297744073;B
20241015;100512;4084;15;11297744074;B
20241015;100512;4084;27;11297744075;B
20241015;100512;4084;40;11297744076;B
20241015;100512;4084.5;8;11297744077;B
20241015;100512;4084.5;41;11297744078;B
20241015;100512;4084.5;41;11297744079;B
20241015;100512;4084.5;40;11297744080;B
20241015;100512;4084.5;39;11297744081;B
20241015;100513;4083;1;11297744202;S
20241015;100514;4083;8;11297744351;S
20241015;100514;4082.5;5;11297744352;S
20241015;100514;4082.5;7;11297744353;S
20241015;100514;4082.5;25;11297744354;S
20241015;100515;4083.5;6;11297744536;B
20241015;100516;4082.5;1;11297744707;S
20241015;100516;4083;4;11297744745;B
20241015;100516;4083.5;18;11297744746;B
20241015;100516;4084;50;11297744747;B
20241015;100516;4084;23;11297744748;B
20241015;100516;4084;1;11297744759;B
20241015;100516;4084;3;11297744760;B
20241015;100517;4084;47;11297744996;B
20241015;100517;4084;3;11297744997;B
20241015;100518;4084;3;11297745060;B
20241015;100518;4084;44;11297745144;B
20241015;100520;4083;15;11297745456;S
20241015;100520;4083;25;11297745457;S
20241015;100520;4083;15;11297745521;S
20241015;100520;4082.5;17;11297745522;S
20241015;100520;4082.5;15;11297745523;S
20241015;100520;4082;12;11297745524;S
20241015;100520;4082;1;11297745525;S
20241015;100520;4082.5;15;11297745526;S
20241015;100520;4082;41;11297745528;S
20241015;100520;4082;41;11297745529;S
20241015;100520;4082;17;11297745530;S
20241015;100520;4082;15;11297745531;S
20241015;100520;4081.5;15;11297745533;S
20241015;100520;4081;1;11297745536;S
20241015;100521;4081;4;11297745599;S
20241015;100521;4081;15;11297745600;S
20241015;100521;4081;22;11297745601;S
20241015;100521;4081.5;5;11297745602;S
20241015;100521;4081.5;2;11297745603;S
20241015;100521;4081.5;5;11297745604;S
20241015;100521;4081.5;3;11297745605;S
20241015;100521;4081;8;11297745606;S
20241015;100521;4081;15;11297745607;S
20241015;100521;4080.5;10;11297745609;S
20241015;100522;4080.5;2;11297745733;S
20241015;100522;4080.5;5;11297745734;S
20241015;100522;4080.5;2;11297745735;S
20241015;100522;4081;15;11297745736;S
20241015;100522;4080.5;5;11297745737;S
20241015;100522;4080.5;15;11297745738;S
20241015;100522;4081;15;11297745739;S
20241015;100522;4080.5;1;11297745740;S
20241015;100522;4081;15;11297745741;S
20241015;100522;4080.5;5;11297745742;S
20241015;100524;4081;30;11297746078;S
20241015;100524;4081.5;1;11297746165;B
20241015;100525;4081.5;39;11297746283;B
20241015;100525;4081.5;15;11297746284;B
20241015;100525;4082;8;11297746285;B
20241015;100525;4082;6;11297746286;B
20241015;100525;4082.5;18;11297746287;B
20241015;100525;4082.5;40;11297746288;B
20241015;100525;4082.5;15;11297746289;B
20241015;100525;4082.5;6;11297746290;B
20241015;100525;4082.5;1;11297746291;B
20241015;100525;4083;15;11297746292;B
20241015;100525;4083.5;15;11297746293;B
20241015;100525;4083.5;40;11297746294;B
20241015;100525;4084;15;11297746295;B
20241015;100525;4084;1;11297746296;B
20241015;100525;4084;13;11297746297;B
20241015;100525;4084.5;5;11297746298;B
20241015;100525;4084.5;15;11297746299;B
20241015;100525;4084.5;33;11297746300;B
20241015;100525;4083;5;11297746366;S
20241015;100526;4083;10;11297746413;S
20241015;100526;4084;1;11297746461;B
20241015;100526;4084.5;1;11297746462;B
20241015;100526;4083;10;11297746498;S
20241015;100528;4084.5;1;11297746860;B
20241015;100529;4083;3;11297747235;S
20241015;100530;4083;1;11297747278;S
20241015;100530;4083;25;11297747279;S
20241015;100530;4083;1;11297747334;S
20241015;100531;4082;3;11297747424;S
20241015;100531;4084.5;5;11297747543;B
20241015;100531;4082;1;11297747546;S
20241015;100532;4084.5;9;11297747669;B
20241015;100532;4084.5;11;11297747670;B
20241015;100532;4082;2;11297747700;S
20241015;100534;4084.5;5;11297747978;B
20241015;100534;4082;9;11297748006;S
20241015;100534;4081.5;91;11297748007;S
20241015;100534;4082;4;11297748048;S
20241015;100536;4082;1;11297748310;S
20241015;100536;4082;1;11297748410;B
20241015;100538;4082;1;11297748692;B
20241015;100538;4080.5;1;11297748714;S
20241015;100538;4082;2;11297748757;B
20241015;100538;4082;1;11297748767;B
20241015;100538;4080.5;15;11297748828;S
20241015;100538;4080.5;1;11297748829;S
20241015;100538;4080;18;11297748830;S
20241015;100538;4080;3;11297748831;S
20241015;100538;4080;5;11297748832;S
20241015;100538;4080;15;11297748833;S
20241015;100539;4080.5;10;11297748853;S
20241015;100539;4080.5;5;11297748855;S
20241015;100539;4080;5;11297748923;S
20241015;100539;4080;20;11297748924;S
20241015;100539;4079.5;5;11297748930;S
20241015;100539;4080.5;1;11297748984;B
20241015;100539;4079.5;10;11297748996;S
20241015;100540;4080;10;11297749008;S
20241015;100540;4080;4;11297749009;S
20241015;100540;4080;10;11297749010;S
20241015;100540;4080;6;11297749011;S
20241015;100540;4080;4;11297749012;S
20241015;100540;4080;10;11297749013;S
20241015;100540;4080;1;11297749014;S
20241015;100540;4080;9;11297749015;S
20241015;100540;4080;10;11297749016;S
20241015;100540;4080;10;11297749017;S
20241015;100540;4080;1;11297749018;S
20241015;100540;4079.5;1;11297749088;S
20241015;100540;4079.5;1;11297749089;S
20241015;100540;4080;9;11297749104;B
20241015;100542;4080;1;11297749376;S
20241015;100543;4081;10;11297749659;B
20241015;100544;4081;1;11297749676;B
20241015;100547;4080;4;11297750190;S
20241015;100547;4081;9;11297750263;B
20241015;100547;4081;2;11297750264;B
20241015;100547;4081;5;11297750265;B
20241015;100547;4081.5;27;11297750266;B
20241015;100548;4081.5;4;11297750490;B
20241015;100548;4081;15;11297750517;S
20241015;100548;4080.5;5;11297750518;S
20241015;100549;4081.5;5;11297750715;B
20241015;100550;4081.5;3;11297751001;B
20241015;100550;4081.5;1;11297751069;B
20241015;100550;4082;1;11297751070;B
20241015;100551;4082;2;11297751317;B
20241015;100552;4082;1;11297751426;B
20241015;100553;4082;6;11297751708;B
20241015;100553;4082.5;5;11297751709;B
20241015;100553;4082.5;5;11297751710;B
20241015;100553;4083;5;11297751711;B
20241015;100553;4083.5;14;11297751712;B
20241015;100553;4083;10;11297751762;S
20241015;100553;4083;5;11297751764;S
20241015;100554;4082.5;1;11297752009;S
20241015;100558;4083;5;11297752765;B
20241015;100558;4083;8;11297752766;B
20241015;100559;4083;2;11297752971;B
20241015;100559;4083;10;11297752972;B
20241015;100559;4083.5;10;11297752975;B
20241015;100601;4084;10;11297753553;B
20241015;100601;4084;12;11297753554;B
20241015;100601;4083;10;11297753650;S
20241015;100601;4083;5;11297753654;S
20241015;100601;4082.5;21;11297753655;S
20241015;100603;4082.5;5;11297753896;S
20241015;100604;4083;10;11297754072;S
20241015;100604;4083;10;11297754073;S
20241015;100604;4083;9;11297754074;S
20241015;100604;4083.5;1;11297754080;B
20241015;100605;4082.5;1;11297754247;S
20241015;100605;4082;10;11297754248;S
20241015;100605;4082;1;11297754249;S
20241015;100605;4083;1;11297754330;B
20241015;100608;4082;3;11297754827;S
20241015;100608;4081.5;5;11297754828;S
20241015;100608;4081.5;2;11297754829;S
20241015;100608;4080.5;2;11297754830;S
20241015;100608;4080;18;11297754831;S
20241015;100608;4080;14;11297754832;S
20241015;100608;4081;15;11297754841;B
20241015;100608;4081.5;9;11297754842;B
20241015;100608;4081;1;11297754850;B
20241015;100608;4081;14;11297754852;B
20241015;100608;4081.5;10;11297754853;B
20241015;100608;4081;15;11297754868;B
20241015;100608;4081.5;9;11297754869;B
20241015;100610;4081.5;4;11297755214;B
20241015;100611;4080;111;11297755433;S
20241015;100614;4081.5;1;11297755802;B
20241015;100615;4081.5;10;11297755961;B
20241015;100615;4081.5;50;11297755962;B
20241015;100615;4081.5;6;11297755963;B
20241015;100615;4082;15;11297755964;B
20241015;100615;4082;10;11297755965;B
20241015;100615;4082;10;11297755966;B
20241015;100615;4082;30;11297755967;B
20241015;100615;4082;19;11297755968;B
20241015;100615;4080.5;60;11297756033;S
20241015;100615;4080;90;11297756034;S
20241015;100618;4081;3;11297756380;S
20241015;100619;4081.5;15;11297756600;B
20241015;100619;4081.5;2;11297756601;B
20241015;100619;4082;3;11297756602;B
20241015;100619;4080.5;6;11297756683;S
20241015;100620;4081.5;15;11297756740;B
20241015;100620;4081.5;15;11297756741;B
20241015;100620;4081.5;24;11297756742;B
20241015;100620;4081.5;14;11297756743;B
20241015;100620;4080;1;11297756773;S
20241015;100620;4080;57;11297756827;S
20241015;100621;4080;1;11297756999;S
20241015;100622;4081.5;3;11297757201;B
20241015;100623;4080;4;11297757430;S
20241015;100624;4081.5;12;11297757614;B
20241015;100624;4081.5;6;11297757615;B
20241015;100624;4081.5;18;11297757616;B
20241015;100624;4082;198;11297757617;B
20241015;100624;4082;15;11297757618;B
20241015;100624;4082;1;11297757619;B
20241015;100625;4081.5;5;11297757816;B
20241015;100626;4081.5;7;11297758020;B
20241015;100627;4082;30;11297758230;B
20241015;100628;4080.5;1;11297758295;S
20241015;100628;4082;18;11297758384;B
20241015;100629;4081;5;11297758641;S
20241015;100629;4082;8;11297758689;B
20241015;100630;4082;15;11297758753;B
20241015;100630;4082;29;11297758793;B
20241015;100630;4082;3;11297758876;B
20241015;100631;4081.5;1;11297759162;S
20241015;100631;4081.5;14;11297759181;S
20241015;100631;4081;45;11297759182;S
20241015;100631;4081;24;11297759183;S
20241015;100631;4081;64;11297759184;S
20241015;100631;4081;15;11297759185;S
20241015;100631;4081;30;11297759186;S
20241015;100631;4080.5;15;11297759187;S
20241015;100631;4080.5;64;11297759188;S
20241015;100631;4080.5;9;11297759223;B
20241015;100631;4080.5;3;11297759305;B
20241015;100632;4080.5;2;11297759352;B
20241015;100632;4080.5;12;11297759439;B
20241015;100632;4080.5;6;11297759639;B
20241015;100632;4080.5;17;11297759712;B
20241015;100633;4080;1;11297759944;S
20241015;100633;4080;1;11297759945;S
20241015;100633;4080;1;11297759946;S
20241015;100633;4080;1;11297759947;S
20241015;100633;4080.5;5;11297759979;B
20241015;100634;4080;15;11297760054;S
20241015;100634;4080;1;11297760055;S
20241015;100634;4080;24;11297760056;S
20241015;100635;4080;5;11297760207;S
20241015;100636;4080.5;12;11297760517;B
20241015;100637;4080.5;14;11297760636;B
20241015;100637;4080.5;14;11297760654;B
20241015;100637;4080.5;2;11297760658;B
20241015;100637;4080;1;11297760704;S
20241015;100637;4080;15;11297760705;S
20241015;100637;4080;15;11297760706;S
20241015;100637;4080;50;11297760707;S
20241015;100637;4080;16;11297760708;S
20241015;100637;4080;2;11297760709;S
20241015;100637;4080;68;11297760710;S
20241015;100637;4079.5;33;11297760711;S
20241015;100637;4080.5;100;11297760759;B
20241015;100637;4080.5;20;11297760792;B
20241015;100638;4080.5;41;11297760877;B
20241015;100639;4080;20;11297761158;S
20241015;100640;4080.5;6;11297761343;B
20241015;100640;4080;3;11297761396;S
20241015;100640;4080.5;10;11297761448;B
20241015;100641;4080.5;49;11297761658;B
20241015;100641;4080;5;11297761670;S
20241015;100642;4080.5;15;11297761788;B
20241015;100642;4080;2;11297761826;S
20241015;100642;4080;15;11297761827;S
20241015;100642;4080;69;11297761828;S
20241015;100642;4080;12;11297761829;S
20241015;100642;4080;50;11297761830;S
20241015;100643;4080;100;11297762143;B
20241015;100643;4080;50;11297762147;B
20241015;100645;4080;1;11297762484;B
20241015;100646;4079.5;82;11297762509;S
20241015;100646;4079.5;1;11297762510;S
20241015;100646;4079.5;17;11297762511;S
20241015;100646;4080;28;11297762548;B
20241015;100646;4080;9;11297762667;B
20241015;100649;4080;100;11297763374;B
20241015;100650;4079.5;3;11297763469;S
20241015;100650;4079.5;2;11297763470;S
20241015;100651;4080;3;11297763662;B
20241015;100653;4080;100;11297763908;B
20241015;100655;4079.5;48;11297764389;S
20241015;100655;4079.5;30;11297764390;S
20241015;100655;4079.5;22;11297764391;S
20241015;100656;4079.5;12;11297764472;B
20241015;100657;4079.5;25;11297764666;B
20241015;100657;4079.5;80;11297764713;B
20241015;100658;4079;5;11297764793;S
20241015;100658;4079;18;11297764877;S
20241015;100659;4079;5;11297764959;S
20241015;100701;4078.5;1;11297765232;S
20241015;100701;4078.5;2;11297765233;S
20241015;100701;4078.5;1;11297765234;S
20241015;100701;4078.5;1;11297765235;S
20241015;100702;4078.5;20;11297765329;S
20241015;100703;4078;5;11297765540;S
20241015;100703;4078.5;3;11297765563;B
20241015;100703;4078;1;11297765637;S
20241015;100703;4078.5;1;11297765642;B
20241015;100703;4079;3;11297765643;B
20241015;100703;4079.5;14;11297765644;B
20241015;100704;4078.5;30;11297765655;S
20241015;100704;4078.5;50;11297765656;S
20241015;100704;4078;24;11297765657;S
20241015;100704;4078;196;11297765658;S
20241015;100706;4078.5;8;11297766100;S
20241015;100707;4079;15;11297766182;B
20241015;100707;4079;5;11297766183;B
20241015;100707;4079;1;11297766184;B
20241015;100707;4079.5;54;11297766185;B
20241015;100707;4079.5;356;11297766198;B
20241015;100709;4078.5;1;11297766462;S
20241015;100709;4079;974;11297766576;B
20241015;100709;4078.5;1;11297766578;S
20241015;100711;4079;1;11297766856;B
20241015;100711;4078.5;20;11297766881;S
20241015;100711;4078.5;5;11297766882;S
20241015;100712;4078.5;10;11297767000;S
20241015;100712;4078;24;11297767001;S
20241015;100712;4078;1;11297767002;S
20241015;100712;4078;2;11297767003;S
20241015;100712;4078;13;11297767004;S
20241015;100713;4079;1;11297767203;B
20241015;100715;4078.5;30;11297767537;S
20241015;100715;4078.5;15;11297767538;S
20241015;100715;4078;1;11297767539;S
20241015;100715;4078;15;11297767540;S
20241015;100715;4077.5;11;11297767541;S
20241015;100715;4079;6;11297767575;B
20241015;100716;4079;18;11297767605;B
20241015;100716;4079;5;11297767606;B
20241015;100716;4079.5;177;11297767607;B
20241015;100717;4078.5;30;11297767691;S
20241015;100717;4078;8;11297767692;S
20241015;100717;4078;15;11297767693;S
20241015;100717;4078;29;11297767820;B
20241015;100717;4077.5;49;11297767853;S
20241015;100717;4077.5;15;11297767854;S
20241015;100717;4077.5;30;11297767855;S
20241015;100717;4077;1;11297767856;S
20241015;100717;4077;5;11297767857;S
20241015;100719;4078;18;11297768214;B
20241015;100719;4078.5;7;11297768215;B
20241015;100721;4079;5;11297768446;B
20241015;100722;4079;2;11297768768;B
20241015;100722;4078.5;28;11297768771;S
20241015;100723;4078.5;2;11297768821;S
20241015;100723;4078.5;13;11297768855;B
20241015;100723;4079;63;11297768856;B
20241015;100723;4079;5;11297768857;B
20241015;100723;4079.5;252;11297768858;B
20241015;100723;4079;3;11297768983;S
20241015;100723;4078.5;30;11297768984;S
20241015;100723;4078;2;11297768985;S
20241015;100723;4078;15;11297768986;S
20241015;100723;4078;50;11297768987;S
20241015;100724;4079.5;800;11297769062;B
20241015;100724;4079.5;20;11297769063;B
20241015;100724;4079;15;11297769133;S
20241015;100724;4079;36;11297769134;S
20241015;100724;4079.5;2;11297769149;B
20241015;100725;4079.5;2;11297769338;B
20241015;100726;4079.5;2;11297769504;B
20241015;100726;4079.5;2;11297769542;B
20241015;100727;4079.5;44;11297769635;B
20241015;100727;4079;1;11297769668;S
20241015;100727;4079.5;2;11297769674;B
20241015;100727;4079.5;2;11297769829;B
20241015;100727;4079.5;80;11297769850;B
20241015;100728;4079.5;10;11297769906;B
20241015;100729;4079.5;64;11297770146;B
20241015;100729;4079.5;50;11297770147;B
20241015;100729;4079.5;10;11297770148;B
20241015;100729;4080;209;11297770149;B
20241015;100729;4079.5;1;11297770270;S
20241015;100729;4080;252;11297770302;B
20241015;100729;4080;24;11297770303;B
20241015;100729;4080;13;11297770304;B
20241015;100729;4080;24;11297770305;B
20241015;100729;4080;12;11297770306;B
20241015;100729;4080;8;11297770307;B
20241015;100729;4080;1;11297770308;B
20241015;100731;4080.5;245;11297770589;B
20241015;100731;4080;1;11297770703;S
20241015;100731;4080.5;2;11297770713;B
20241015;100731;4080;2;11297770747;S
20241015;100731;4080.5;2;11297770765;B
20241015;100732;4080.5;143;11297770821;B
20241015;100732;4081;5;11297770822;B
20241015;100732;4081;7;11297770823;B
20241015;100732;4081.5;1;11297770824;B
20241015;100732;4081.5;61;11297770825;B
20241015;100732;4082;28;11297770826;B
20241015;100732;4082;9;11297770837;B
20241015;100732;4082;2;11297770919;B
20241015;100732;4082;3;11297770939;B
20241015;100733;4082;3;11297770979;B
20241015;100733;4082;2;11297771011;B
20241015;100733;4082;2;11297771159;B
20241015;100734;4082;2;11297771239;B
20241015;100734;4082;245;11297771252;B
20241015;100734;4082;1;11297771280;B
20241015;100734;4081.5;50;11297771282;S
20241015;100734;4081.5;50;11297771283;S
20241015;100734;4081;73;11297771284;S
20241015;100734;4081;15;11297771285;S
20241015;100734;4081;5;11297771286;S
20241015;100734;4081;30;11297771287;S
20241015;100734;4080.5;15;11297771288;S
20241015;100734;4080.5;30;11297771289;S
20241015;100734;4080;263;11297771290;S
20241015;100734;4080;15;11297771291;S
20241015;100734;4079.5;15;11297771292;S
20241015;100734;4079.5;139;11297771293;B
20241015;100734;4081;2;11297771299;B
20241015;100735;4081;3;11297771390;B
20241015;100735;4081;2;11297771397;B
20241015;100735;4081;10;11297771400;B
20241015;100735;4081;3;11297771401;B
20241015;100735;4081.5;15;11297771402;B
20241015;100735;4081.5;123;11297771403;B
20241015;100735;4082;94;11297771404;B
20241015;100735;4081.5;2;11297771526;B
20241015;100736;4080;17;11297771629;S
20241015;100736;4079.5;30;11297771630;S
20241015;100736;4079;16;11297771631;S
20241015;100736;4079;60;11297771632;S
20241015;100736;4079;60;11297771633;S
20241015;100736;4078.5;25;11297771634;S
20241015;100736;4078.5;10;11297771635;S
20241015;100736;4078.5;60;11297771636;S
20241015;100736;4078.5;30;11297771637;S
20241015;100736;4078.5;178;11297771638;S
20241015;100736;4078;2;11297771639;S
20241015;100736;4078;40;11297771640;S
20241015;100736;4078;50;11297771641;S
20241015;100736;4078;22;11297771642;S
20241015;100737;4081.5;1;11297771811;B
20241015;100738;4081.5;12;11297771994;B
20241015;100738;4081.5;20;11297771995;B
20241015;100738;4082;49;11297771996;B
20241015;100738;4081.5;7;11297772047;B
20241015;100739;4081.5;8;11297772349;B
20241015;100739;4082;2;11297772350;B
20241015;100745;4082;1;11297773221;B
20241015;100745;4081.5;1;11297773355;S
20241015;100745;4082;5;11297773399;B
20241015;100745;4082;3;11297773400;B
20241015;100746;4081.5;6;11297773477;S
20241015;100746;4081;50;11297773478;S
20241015;100746;4081.5;2;11297773528;B
20241015;100747;4081.5;2;11297773613;B
20241015;100747;4081.5;2;11297773772;B
20241015;100747;4081;1;11297773773;S
20241015;100748;4080.5;2;11297773805;S
20241015;100748;4080;50;11297773806;S
20241015;100748;4080;30;11297773807;S
20241015;100748;4080;15;11297773808;S
20241015;100748;4080;3;11297773811;B
20241015;100748;4081.5;13;11297773812;B
20241015;100748;4082;14;11297773813;B
20241015;100748;4081.5;2;11297773817;B
20241015;100748;4081.5;2;11297773883;B
20241015;100755;4082;25;11297775403;B
20241015;100756;4082;1;11297775505;B
20241015;100756;4082;23;11297775572;B
20241015;100759;4082;10;11297776096;B
20241015;100800;4082;1;11297776392;B
20241015;100801;4081.5;9;11297776638;S
20241015;100804;4081.5;41;11297777232;S
20241015;100804;4081.5;43;11297777233;S
20241015;100804;4081.5;15;11297777234;S
20241015;100804;4081.5;49;11297777235;S
20241015;100804;4081.5;9;11297777236;S
20241015;100804;4081.5;30;11297777237;S
20241015;100804;4081.5;6;11297777238;S
20241015;100804;4081;333;11297777239;S
20241015;100804;4081;15;11297777240;S
20241015;100804;4081;43;11297777241;S
20241015;100804;4081;30;11297777242;S
20241015;100804;4080.5;15;11297777243;S
20241015;100804;4080;15;11297777244;S
20241015;100804;4080;7;11297777245;S
20241015;100804;4080;50;11297777246;S
20241015;100804;4080;60;11297777247;S
20241015;100804;4080;228;11297777248;S
20241015;100804;4079.5;11;11297777249;S
20241015;100804;4080.5;10;11297777251;S
20241015;100805;4081.5;10;11297777329;B
20241015;100805;4082;20;11297777359;B
20241015;100805;4081;55;11297777503;S
20241015;100805;4080.5;50;11297777504;S
20241015;100805;4080.5;10;11297777505;S
20241015;100806;4080;1;11297777537;S
20241015;100807;4081.5;2;11297777809;B
20241015;100808;4081.5;13;11297778152;B
20241015;100808;4082;98;11297778153;B
20241015;100809;4082;5;11297778372;B
20241015;100810;4082;30;11297778519;B
20241015;100813;4081.5;2;11297779307;S
20241015;100814;4082;24;11297779525;B
20241015;100815;4081.5;1;11297779690;S
20241015;100815;4082;10;11297779833;B
20241015;100818;4082;1;11297780206;B
20241015;100818;4081.5;1;11297780308;S
20241015;100819;4081.5;25;11297780466;S
20241015;100820;4081.5;21;11297780708;S
20241015;100821;4081.5;10;11297780868;S
20241015;100821;4082;100;11297780966;B
20241015;100822;4082;6;11297781053;B
20241015;100823;4082;7;11297781244;B
20241015;100823;4082;70;11297781276;B
20241015;100823;4082;208;11297781277;B
20241015;100823;4082;14;11297781278;B
20241015;100823;4082;1;11297781279;B
20241015;100823;4082;20;11297781280;B
20241015;100823;4082.5;101;11297781281;B
20241015;100823;4082.5;639;11297781282;B
20241015;100823;4082.5;261;11297781283;B
20241015;100823;4082.5;459;11297781284;B
20241015;100823;4082.5;65;11297781285;B
20241015;100823;4082;30;11297781441;S
20241015;100823;4082;20;11297781442;S
20241015;100823;4082.5;50;11297781451;B
20241015;100823;4082.5;425;11297781452;B
20241015;100823;4082.5;75;11297781453;B
20241015;100823;4082.5;25;11297781454;B
20241015;100823;4082.5;1;11297781455;B
20241015;100823;4082.5;69;11297781456;B
20241015;100823;4082.5;55;11297781457;B
20241015;100823;4082.5;40;11297781458;B
20241015;100824;4082.5;9;11297781521;B
20241015;100824;4083;1;11297781522;B
20241015;100824;4083;1;11297781523;B
20241015;100824;4083;1;11297781524;B
20241015;100824;4083;8;11297781539;B
20241015;100824;4083;42;11297781540;B
20241015;100824;4083;8;11297781541;B
20241015;100824;4083;4;11297781542;B
20241015;100824;4084;30;11297781546;B
20241015;100825;4083.5;25;11297781756;S
20241015;100827;4084;20;11297782076;B
20241015;100827;4084;75;11297782082;B
20241015;100827;4084;1;11297782083;B
20241015;100827;4084;4;11297782084;B
20241015;100827;4084;11;11297782085;B
20241015;100828;4084.5;1;11297782367;B
20241015;100828;4084.5;1;11297782368;S
20241015;100828;4084.5;9;11297782369;S
20241015;100828;4084.5;10;11297782370;S
20241015;100828;4084;1;11297782384;S
20241015;100829;4084;2;11297782408;S
20241015;100829;4085;25;11297782470;B
20241015;100829;4085;10;11297782471;B
20241015;100829;4085;10;11297782472;B
20241015;100829;4085;100;11297782473;B
20241015;100829;4085;10;11297782474;B
20241015;100829;4085.5;5;11297782475;B
20241015;100829;4085.5;9;11297782476;B
20241015;100829;4085.5;35;11297782477;B
20241015;100829;4085.5;15;11297782478;B
20241015;100829;4086;2;11297782479;B
20241015;100829;4086;79;11297782480;B
20241015;100829;4086;20;11297782631;B
20241015;100830;4086;1;11297782693;B
20241015;100830;4085.5;2;11297782734;S
20241015;100830;4085;7;11297782735;S
20241015;100832;4086;29;11297783213;B
20241015;100834;4086;1;11297783576;B
20241015;100835;4085.5;18;11297783732;S
20241015;100835;4085.5;8;11297783733;S
20241015;100835;4085;1;11297783734;S
20241015;100835;4084.5;4;11297783735;S
20241015;100835;4085.5;15;11297783840;B
20241015;100835;4086;9;11297783841;B
20241015;100835;4085.5;10;11297783843;B
20241015;100837;4085.5;1;11297784143;S
20241015;100837;4086;20;11297784336;B
20241015;100837;4086;50;11297784337;B
20241015;100837;4086;12;11297784338;B
20241015;100837;4086.5;15;11297784339;B
20241015;100837;4086.5;15;11297784340;B
20241015;100837;4087;2;11297784341;B
20241015;100837;4087;5;11297784342;B
20241015;100837;4087.5;6;11297784343;B
20241015;100838;4086.5;2;11297784475;S
20241015;100838;4086.5;2;11297784476;S
20241015;100838;4086.5;13;11297784523;S
20241015;100838;4086;15;11297784524;S
20241015;100838;4086;30;11297784525;S
20241015;100838;4085.5;15;11297784526;S
20241015;100838;4085.5;27;11297784527;S
20241015;100839;4086.5;3;11297784742;B
20241015;100840;4087;7;11297784826;B
20241015;100840;4087;15;11297784827;B
20241015;100840;4087.5;15;11297784828;B
20241015;100840;4088;5;11297784829;B
20241015;100840;4088;2;11297784830;B
20241015;100840;4088;1;11297784831;B
20241015;100840;4088;1;11297784832;B
20241015;100840;4088;2;11297784833;B
20241015;100840;4088;1;11297784834;B
20241015;100841;4086.5;12;11297784995;S
20241015;100841;4087;1;11297785048;B
20241015;100842;4087;3;11297785285;B
20241015;100842;4087;1;11297785327;B
20241015;100842;4087;10;11297785335;B
20241015;100842;4087;11;11297785336;B
20241015;100842;4087.5;64;11297785337;B
20241015;100843;4087.5;10;11297785361;B
20241015;100843;4087.5;5;11297785557;B
20241015;100846;4086;16;11297786095;S
20241015;100847;4087;5;11297786308;B
20241015;100847;4087;20;11297786324;B
20241015;100847;4087;7;11297786325;B
20241015;100847;4087;15;11297786326;B
20241015;100847;4087.5;50;11297786447;B
20241015;100848;4087.5;115;11297786548;B
20241015;100848;4087.5;1;11297786549;B
20241015;100848;4088;15;11297786550;B
20241015;100848;4088;1;11297786551;B
20241015;100848;4088;15;11297786552;B
20241015;100848;4088;60;11297786553;B
20241015;100848;4088.5;97;11297786554;B
20241015;100848;4088.5;15;11297786555;B
20241015;100848;4088.5;60;11297786556;B
20241015;100848;4088.5;5;11297786557;B
20241015;100848;4089;15;11297786558;B
20241015;100848;4089;1;11297786559;B
20241015;100848;4088.5;3;11297786660;B
20241015;100848;4087.5;2;11297786663;S
20241015;100848;4087.5;30;11297786664;S
20241015;100848;4087.5;4;11297786669;S
20241015;100848;4087.5;15;11297786672;S
20241015;100848;4087;1;11297786675;S
20241015;100849;4088;2;11297786709;B
20241015;100849;4087;2;11297786734;S
20241015;100849;4087;1;11297786739;S
20241015;100849;4087.5;50;11297786744;B
20241015;100849;4087.5;55;11297786745;B
20241015;100849;4088;48;11297786746;B
20241015;100849;4088;15;11297786747;B
20241015;100849;4088.5;32;11297786748;B
20241015;100849;4088.5;10;11297786754;B
20241015;100850;4088;25;11297787134;B
20241015;100850;4088;4;11297787135;B
20241015;100850;4088;9;11297787136;B
20241015;100852;4088.5;3;11297787498;B
20241015;100852;4088;1;11297787628;S
20241015;100853;4088;83;11297787832;S
20241015;100854;4088;1;11297787931;B
20241015;100855;4088;1;11297788119;B
20241015;100855;4088;15;11297788223;B
20241015;100856;4088;10;11297788435;B
20241015;100857;4088;134;11297788461;B
20241015;100857;4088;29;11297788462;B
20241015;100857;4088.5;2;11297788582;B
20241015;100857;4088.5;1;11297788583;B
20241015;100858;4088.5;3;11297788747;B
20241015;100858;4088.5;37;11297788812;B
20241015;100858;4088;1;11297788914;S
20241015;100859;4088;336;11297789035;S
20241015;100859;4088;15;11297789036;S
20241015;100859;4088;26;11297789037;S
20241015;100859;4088;5;11297789038;S
20241015;100859;4087.5;164;11297789039;S
20241015;100859;4087.5;15;11297789040;S
20241015;100859;4087.5;26;11297789041;S
20241015;100859;4087.5;30;11297789042;S
20241015;100859;4087;153;11297789043;S
20241015;100859;4088.5;2;11297789082;B
20241015;100859;4088.5;11;11297789083;B
20241015;100859;4088.5;9;11297789098;B
20241015;100900;4087;1;11297789170;S
20241015;100900;4087;4;11297789171;S
20241015;100900;4089;3;11297789200;B
20241015;100900;4089;1;11297789273;B
20241015;100900;4089;1;11297789274;B
20241015;100900;4089;1;11297789275;B
20241015;100900;4089;1;11297789276;B
20241015;100900;4089;1;11297789277;B
20241015;100900;4089;3;11297789278;B
20241015;100900;4089;6;11297789279;B
20241015;100900;4089;14;11297789396;B
20241015;100900;4087.5;2;11297789458;S
20241015;100900;4089;1;11297789526;B
20241015;100901;4089;20;11297789544;B
20241015;100902;4089;9;11297789797;B
20241015;100902;4089;1;11297789798;B
20241015;100902;4089;1;11297789960;B
20241015;100902;4089;5;11297789961;B
20241015;100902;4089;1;11297789962;B
20241015;100902;4089;13;11297789963;B
20241015;100903;4089;20;11297790064;B
20241015;100903;4089;40;11297790076;B
20241015;100903;4089;1;11297790249;B
20241015;100904;4089;10;11297790440;B
20241015;100905;4088;2;11297790668;S
20241015;100905;4088;1;11297790669;S
20241015;100905;4088;1;11297790670;S
20241015;100906;4089;3;11297790754;B
20241015;100912;4088.5;1;11297791877;B
20241015;100913;4088.5;14;11297792091;B
20241015;100913;4088.5;11;11297792092;B
20241015;100914;4088;2;11297792400;S
20241015;100914;4088;44;11297792401;S
20241015;100914;4088;6;11297792402;S
20241015;100914;4087.5;1;11297792403;S
20241015;100914;4087;17;11297792404;S
20241015;100914;4086.5;14;11297792405;S
20241015;100914;4086.5;15;11297792407;S
20241015;100914;4086;14;11297792408;S
20241015;100914;4086;1;11297792409;S
20241015;100914;4086;39;11297792411;S
20241015;100914;4086;109;11297792412;S
20241015;100914;4085.5;56;11297792413;S
20241015;100914;4085.5;4;11297792415;S
20241015;100914;4085.5;60;11297792416;S
20241015;100914;4085;150;11297792417;S
20241015;100914;4085;1;11297792418;S
20241015;100914;4085;21;11297792419;S
20241015;100914;4085;19;11297792423;S
20241015;100914;4085;3;11297792424;S
20241015;100916;4085.5;1;11297792667;B
20241015;100916;4085;26;11297792709;S
20241015;100916;4084.5;1;11297792710;S
20241015;100916;4084.5;1;11297792711;S
20241015;100916;4084.5;3;11297792712;S
20241015;100916;4084.5;40;11297792713;S
20241015;100916;4084.5;60;11297792714;S
20241015;100916;4084.5;60;11297792715;S
20241015;100916;4084.5;15;11297792716;S
20241015;100916;4084.5;16;11297792717;S
20241015;100916;4084;270;11297792718;S
20241015;100916;4084;4;11297792719;S
20241015;100916;4084.5;3;11297792898;S
20241015;100917;4084.5;1;11297793109;S
20241015;100918;4084.5;56;11297793166;S
20241015;100918;4084;144;11297793167;S
20241015;100918;4084;200;11297793236;S
20241015;100919;4085;3;11297793455;B
20241015;100920;4084;5;11297793499;S
20241015;100920;4085;2;11297793529;B
20241015;100920;4085;5;11297793560;B
20241015;100924;4085;10;11297794359;B
20241015;100926;4085;5;11297794741;B
20241015;100926;4085;50;11297794744;B
20241015;100927;4085.5;1;11297794942;S
20241015;100927;4086.5;8;11297795032;B
20241015;100927;4086.5;21;11297795125;B
20241015;100928;4086.5;25;11297795187;B
20241015;100928;4086.5;25;11297795316;B
20241015;100928;4085.5;2;11297795324;S
20241015;100931;4087;2;11297795810;B
20241015;100931;4087;4;11297795876;B
20241015;100932;4087;7;11297795951;B
20241015;100932;4087.5;3;11297795952;B
20241015;100932;4086;1;11297796029;S
20241015;100932;4086;5;11297796065;S
20241015;100932;4087.5;12;11297796133;B
20241015;100932;4087.5;1;11297796134;B
20241015;100932;4088;15;11297796135;B
20241015;100932;4088;22;11297796136;B
20241015;100934;4087.5;3;11297796359;B
20241015;100934;4086;1;11297796454;S
20241015;100937;4086;1;11297796939;S
20241015;100939;4086;7;11297797096;S
20241015;100939;4086;14;11297797097;S
20241015;100939;4087.5;2;11297797242;B
20241015;100939;4088;3;11297797243;B
20241015;100940;4088;10;11297797345;B
20241015;100941;4086.5;3;11297797670;S
20241015;100942;4088;14;11297797793;B
20241015;100943;4087.5;17;11297797923;B
20241015;100943;4087.5;25;11297798023;B
20241015;100943;4087.5;15;11297798046;B
20241015;100943;4088;1;11297798047;B
20241015;100943;4088;34;11297798048;B
20241015;100944;4087.5;15;11297798187;B
20241015;100944;4088;134;11297798188;B
20241015;100945;4086.5;2;11297798369;S
20241015;100945;4086;9;11297798370;S
20241015;100947;4086;1;11297798626;S
20241015;100948;4086;26;11297798868;S
20241015;100948;4085.5;7;11297798869;S
20241015;100950;4087.5;5;11297799280;B
20241015;100952;4087.5;50;11297799748;B
20241015;100953;4086.5;50;11297799821;S
20241015;100953;4086.5;30;11297799822;S
20241015;100953;4086;50;11297799823;S
20241015;100953;4086;15;11297799824;S
20241015;100954;4086;30;11297800095;B
20241015;100954;4086;12;11297800169;B
20241015;100955;4086;30;11297800288;B
20241015;100956;4086;35;11297800406;B
20241015;100956;4086;50;11297800545;B
20241015;100958;4086;1;11297800740;B
20241015;100958;4086;1;11297800868;B
20241015;100959;4086;7;11297800955;B
20241015;101000;4085.5;12;11297801185;S
20241015;101000;4085.5;12;11297801208;S
20241015;101001;4085.5;5;11297801408;S
20241015;101001;4085.5;2;11297801409;S
20241015;101001;4085.5;14;11297801410;S
20241015;101001;4085.5;12;11297801411;S
20241015;101001;4085.5;8;11297801413;S
20241015;101002;4086;1;11297801596;B
20241015;101002;4085.5;1;11297801681;S
20241015;101003;4085.5;7;11297801835;S
20241015;101003;4085.5;21;11297801836;S
20241015;101004;4085;430;11297802244;S
20241015;101004;4085;25;11297802245;S
20241015;101004;4084.5;3;11297802246;S
20241015;101004;4084.5;1;11297802247;S
20241015;101004;4084.5;11;11297802248;S
20241015;101004;4084;30;11297802249;S
20241015;101006;4084;3;11297802467;S
20241015;101006;4084;3;11297802510;S
20241015;101006;4084;20;11297802702;S
20241015;101009;4084.5;1;11297803212;B
20241015;101010;4084.5;49;11297803260;B
20241015;101010;4084.5;15;11297803261;B
20241015;101010;4084.5;50;11297803262;B
20241015;101010;4084.5;5;11297803263;B
20241015;101010;4084.5;13;11297803369;B
20241015;101010;4084.5;2;11297803370;B
20241015;101010;4084;4;11297803427;S
20241015;101010;4084;4;11297803449;S
20241015;101010;4084;418;11297803454;S
20241015;101010;4084;143;11297803463;S
20241015;101010;4084;54;11297803470;S
20241015;101010;4084;20;11297803496;S
20241015;101011;4084;100;11297803642;S
20241015;101012;4084;13;11297803787;S
20241015;101012;4084;13;11297803820;S
20241015;101012;4084;2;11297803846;S
20241015;101012;4084;6;11297803876;S
20241015;101012;4084;4;11297803883;S
20241015;101012;4084;23;11297803884;S
20241015;101012;4084.5;13;11297803994;B
20241015;101012;4084.5;7;11297803995;B
20241015;101012;4084;10;11297804154;S
20241015;101013;4084;50;11297804233;S
20241015;101013;4084;6;11297804248;S
20241015;101013;4084;6;11297804263;S
20241015;101013;4084;1;11297804326;S
20241015;101013;4084;1;11297804345;S
20241015;101014;4084;1;11297804442;S
20241015;101014;4084;1;11297804457;S
20241015;101014;4084;4;11297804475;S
20241015;101014;4084;4;11297804516;S
20241015;101014;4084;1;11297804708;S
20241015;101015;4084.5;42;11297804715;B
20241015;101015;4084.5;18;11297804716;B
20241015;101015;4084;1;11297804739;S
20241015;101015;4084;1;11297804743;S
20241015;101015;4084;1;11297804767;S
20241015;101015;4084;1;11297804871;S
20241015;101016;4084.5;5;11297805020;B
20241015;101017;4084;8;11297805095;S
20241015;101017;4084;8;11297805110;S
20241015;101018;4084;2;11297805248;S
20241015;101019;4084.5;1;11297805481;B
20241015;101019;4084.5;3;11297805530;B
20241015;101021;4084;2;11297805794;S
20241015;101022;4084.5;1;11297805986;B
20241015;101022;4084;408;11297806030;S
20241015;101022;4084;5;11297806031;S
20241015;101022;4084;1;11297806032;S
20241015;101022;4084;89;11297806033;S
20241015;101023;4084;4;11297806136;S
20241015;101023;4084;16;11297806137;S
20241015;101023;4084.5;25;11297806153;B
20241015;101024;4084;84;11297806219;S
20241015;101024;4084;76;11297806220;S
20241015;101024;4084;4;11297806221;S
20241015;101024;4084;10;11297806222;S
20241015;101024;4083;1;11297806232;S
20241015;101024;4083;19;11297806233;S
20241015;101024;4083;30;11297806238;S
20241015;101024;4083;2;11297806258;S
20241015;101024;4083;91;11297806289;S
20241015;101024;4083;758;11297806363;S
20241015;101024;4082.5;3;11297806364;S
20241015;101024;4082.5;2;11297806365;S
20241015;101024;4082;15;11297806375;B
20241015;101024;4082;30;11297806376;B
20241015;101024;4082;30;11297806377;B
20241015;101024;4082;25;11297806378;B
20241015;101025;4081.5;1;11297806488;S
20241015;101025;4081;1;11297806489;S
20241015;101025;4080.5;20;11297806492;S
20241015;101025;4081;6;11297806534;B
20241015;101028;4081;2;11297807040;B
20241015;101029;4081;2;11297807089;B
20241015;101029;4081;1;11297807223;B
20241015;101030;4081;7;11297807315;B
20241015;101031;4080.5;10;11297807443;S
20241015;101031;4080.5;4;11297807444;S
20241015;101031;4080.5;8;11297807453;S
20241015;101031;4080.5;3;11297807468;S
20241015;101031;4080;1;11297807469;S
20241015;101031;4080;1;11297807470;S
20241015;101031;4080;2;11297807501;S
20241015;101031;4080;11;11297807561;S
20241015;101031;4080;30;11297807562;S
20241015;101032;4080;12;11297807686;S
20241015;101034;4080;14;11297807911;S
20241015;101035;4080;2;11297808083;S
20241015;101036;4080.5;6;11297808258;B
20241015;101038;4080;42;11297808636;S
20241015;101038;4080;10;11297808637;S
20241015;101038;4080;20;11297808638;S
20241015;101038;4080;1;11297808639;S
20241015;101038;4080;127;11297808644;B
20241015;101038;4080;23;11297808645;B
20241015;101038;4079.5;2;11297808745;S
20241015;101042;4079.5;37;11297809618;S
20241015;101043;4079;1;11297809660;B
20241015;101043;4078.5;1;11297809791;S
20241015;101043;4078.5;5;11297809792;S
20241015;101045;4078;1;11297809966;S
20241015;101045;4078;5;11297810129;S
20241015;101046;4078;3;11297810252;S
20241015;101048;4079;2;11297810510;B
20241015;101049;4078.5;60;11297810625;B
20241015;101049;4078.5;30;11297810626;B
20241015;101049;4079;2;11297810653;B
20241015;101049;4078.5;9;11297810772;S
20241015;101050;4078.5;4;11297810898;S
20241015;101050;4078.5;12;11297810960;S
20241015;101050;4079;45;11297810980;B
20241015;101050;4079;5;11297810981;B
20241015;101051;4078.5;1;11297810990;S
20241015;101053;4078.5;4;11297811278;S
20241015;101053;4078.5;6;11297811279;S
20241015;101053;4079;9;11297811311;B
20241015;101053;4079;8;11297811312;B
20241015;101053;4079;5;11297811313;B
20241015;101053;4079;2;11297811314;B
20241015;101053;4079;1;11297811315;B
20241015;101053;4079;12;11297811316;B
20241015;101053;4079;30;11297811317;B
20241015;101053;4079;33;11297811318;B
20241015;101054;4078.5;10;11297811396;S
20241015;101054;4079;1;11297811428;B
20241015;101054;4079;1;11297811491;B
20241015;101055;4078.5;30;11297811573;S
20241015;101056;4078.5;2;11297811759;S
20241015;101057;4079;1;11297811947;B
20241015;101100;4079;1;11297812277;B
20241015;101101;4079;25;11297812373;B
20241015;101101;4078.5;4;11297812406;S
20241015;101102;4079;1;11297812522;B
20241015;101103;4078.5;1;11297812588;S
20241015;101103;4078.5;1;11297812644;S
20241015;101104;4079;12;11297812762;B
20241015;101108;4079;8;11297813329;B
20241015;101109;4078.5;5;11297813405;S
20241015;101112;4079;1;11297813773;B
20241015;101112;4079;2;11297813774;B
20241015;101114;4078.5;2;11297814052;S
20241015;101116;4078.5;14;11297814417;S
20241015;101116;4078.5;5;11297814431;S
20241015;101116;4078.5;4;11297814437;S
20241015;101116;4078.5;1;11297814438;S
20241015;101116;4078.5;2;11297814439;S
20241015;101116;4078.5;1;11297814440;S
20241015;101120;4078.5;3;11297814862;S
20241015;101120;4078.5;1;11297814863;S
20241015;101120;4078.5;1;11297814864;S
20241015;101120;4078;1;11297814865;S
20241015;101120;4078;2;11297814866;S
20241015;101120;4078;1;11297814867;S
20241015;101120;4078;3;11297814868;S
20241015;101120;4078.5;1;11297814882;B
20241015;101122;4078.5;6;11297815201;B
20241015;101123;4078.5;1;11297815258;B
20241015;101125;4078.5;1;11297815464;B
20241015;101125;4078.5;2;11297815466;B
20241015;101126;4078.5;4;11297815585;B
20241015;101126;4078.5;16;11297815586;B
20241015;101126;4078;2;11297815634;S
20241015;101128;4078;10;11297815769;S
20241015;101128;4078;1;11297815771;S
20241015;101128;4078.5;12;11297815794;B
20241015;101132;4078;2;11297816380;S
20241015;101132;4078.5;32;11297816396;B
20241015;101132;4078.5;30;11297816397;B
20241015;101132;4078.5;25;11297816398;B
20241015;101132;4078.5;13;11297816399;B
20241015;101132;4078;6;11297816402;S
20241015;101136;4078;6;11297817002;S
20241015;101136;4078;54;11297817003;S
20241015;101137;4078.5;34;11297817143;B
20241015;101137;4078.5;1;11297817144;B
20241015;101137;4078.5;14;11297817145;B
20241015;101137;4078.5;8;11297817146;B
20241015;101137;4078.5;5;11297817147;B
20241015;101137;4078.5;60;11297817148;B
20241015;101137;4078.5;30;11297817149;B
20241015;101137;4078.5;16;11297817150;B
20241015;101137;4078.5;14;11297817151;B
20241015;101137;4078.5;73;11297817152;B
20241015;101137;4078.5;5;11297817153;B
20241015;101137;4078.5;9;11297817154;B
20241015;101137;4078.5;12;11297817155;B
20241015;101137;4078.5;3;11297817156;B
20241015;101137;4078.5;15;11297817157;B
20241015;101137;4079;4;11297817158;B
20241015;101137;4079;50;11297817159;B
20241015;101137;4079;100;11297817160;B
20241015;101137;4079;30;11297817161;B
20241015;101137;4079;1;11297817162;B
20241015;101137;4079;31;11297817163;B
20241015;101137;4079;15;11297817164;B
20241015;101137;4079;10;11297817165;B
20241015;101137;4079.5;15;11297817166;B
20241015;101137;4079.5;60;11297817167;B
20241015;101137;4079.5;25;11297817168;B
20241015;101137;4079.5;31;11297817169;B
20241015;101137;4079.5;23;11297817170;B
20241015;101137;4080;306;11297817171;B
20241015;101138;4078.5;15;11297817228;S
20241015;101138;4078.5;9;11297817229;S
20241015;101138;4079.5;50;11297817331;B
20241015;101138;4080;694;11297817332;B
20241015;101138;4080;28;11297817333;B
20241015;101138;4080;1;11297817334;B
20241015;101138;4080;1;11297817335;B
20241015;101138;4080;26;11297817336;B
20241015;101139;4080;13;11297817367;B
20241015;101139;4080;91;11297817368;B
20241015;101139;4080;1;11297817369;B
20241015;101139;4080;10;11297817370;B
20241015;101139;4080;7;11297817371;B
20241015;101139;4080.5;3;11297817372;B
20241015;101139;4080.5;9;11297817373;B
20241015;101139;4081.5;1;11297817384;B
20241015;101139;4081.5;1;11297817391;B
20241015;101139;4081.5;20;11297817457;B
20241015;101139;4081;10;11297817459;S
20241015;101139;4081;5;11297817460;S
20241015;101139;4081;5;11297817461;S
20241015;101140;4081.5;1;11297817563;B
20241015;101142;4081.5;7;11297817809;B
20241015;101142;4082;7;11297817810;B
20241015;101142;4082.5;21;11297817811;B
20241015;101142;4083;20;11297817812;B
20241015;101142;4083;15;11297817813;B
20241015;101142;4083;21;11297817814;B
20241015;101142;4083.5;15;11297817815;B
20241015;101142;4083.5;24;11297817816;B
20241015;101143;4083.5;15;11297817997;B
20241015;101143;4083.5;2;11297817998;B
20241015;101143;4082;1;11297818056;S
20241015;101143;4082;9;11297818057;S
20241015;101147;4083.5;1;11297818636;B
20241015;101148;4083.5;1;11297818829;B
20241015;101152;4083.5;1;11297819374;B
20241015;101156;4082.5;1;11297819882;S
20241015;101156;4082.5;9;11297819935;S
20241015;101156;4082;41;11297819936;S
20241015;101156;4082;15;11297819937;S
20241015;101156;4082;5;11297819938;S
20241015;101156;4082;14;11297819954;B
20241015;101157;4079.5;15;11297820083;S
20241015;101200;4080;3;11297820537;B
20241015;101200;4080;1;11297820538;B
20241015;101200;4080;14;11297820601;B
20241015;101200;4080.5;15;11297820602;B
20241015;101200;4081;5;11297820603;B
20241015;101200;4081;15;11297820604;B
20241015;101200;4081.5;15;11297820605;B
20241015;101200;4081.5;3;11297820606;B
20241015;101200;4082;1;11297820607;B
20241015;101200;4082;32;11297820608;B
20241015;101201;4079.5;1;11297820730;S
20241015;101201;4079;2;11297820747;S
20241015;101201;4079;2;11297820748;S
20241015;101204;4081;18;11297821236;B
20241015;101204;4081;15;11297821237;B
20241015;101204;4081.5;15;11297821238;B
20241015;101204;4081.5;30;11297821239;B
20241015;101204;4082;3;11297821240;B
20241015;101204;4082;15;11297821241;B
20241015;101204;4082;1;11297821242;B
20241015;101205;4083;15;11297821295;B
20241015;101205;4083;30;11297821296;B
20241015;101205;4083.5;15;11297821297;B
20241015;101205;4083.5;1;11297821298;B
20241015;101207;4082.5;2;11297821704;S
20241015;101207;4083.5;30;11297821726;B
20241015;101207;4084;2;11297821727;B
20241015;101207;4084;10;11297821728;B
20241015;101207;4084;2;11297821729;B
20241015;101207;4084;2;11297821730;B
20241015;101207;4084;1;11297821731;B
20241015;101207;4084.5;1;11297821732;B
20241015;101207;4084.5;2;11297821733;B
20241015;101208;4083;1;11297821741;S
20241015;101208;4083;9;11297821742;S
20241015;101208;4083;6;11297821745;S
20241015;101209;4082.5;13;11297821902;S
20241015;101209;4082.5;1;11297821903;S
20241015;101211;4082.5;1;11297822272;B
20241015;101211;4082.5;5;11297822273;B
20241015;101215;4082.5;13;11297822836;B
20241015;101215;4083;4;11297822837;B
20241015;101215;4083;10;11297822838;B
20241015;101215;4083;10;11297822839;B
20241015;101215;4083;15;11297822840;B
20241015;101215;4083;7;11297822841;B
20241015;101215;4083.5;15;11297822842;B
20241015;101215;4083.5;26;11297822843;B
20241015;101215;4082.5;15;11297822844;S
20241015;101217;4082;1;11297823173;S
20241015;101218;4083.5;10;11297823328;B
20241015;101220;4082.5;3;11297823667;S
20241015;101222;4082.5;3;11297823857;S
20241015;101224;4083.5;1;11297824239;B
20241015;101224;4083.5;6;11297824249;B
20241015;101228;4083.5;13;11297824689;B
20241015;101228;4083.5;5;11297824690;B
20241015;101228;4084;5;11297824691;B
20241015;101228;4084;2;11297824692;B
20241015;101230;4083.5;15;11297824875;B
20241015;101234;4084;1;11297825402;B
20241015;101237;4084.5;1;11297825742;B
20241015;101238;4082.5;1;11297825855;S
20241015;101239;4082.5;1;11297826128;B
20241015;101240;4082;1;11297826308;S
20241015;101244;4082;1;11297826729;S
20241015;101244;4082;1;11297826730;S
20241015;101244;4082;23;11297826731;S
20241015;101244;4082;200;11297826784;S
20241015;101245;4082.5;1;11297826906;B
20241015;101248;4082;100;11297827395;S
20241015;101249;4082.5;16;11297827459;B
20241015;101249;4082.5;4;11297827460;B
20241015;101249;4082.5;11;11297827487;B
20241015;101249;4082.5;3;11297827488;B
20241015;101250;4082.5;15;11297827681;B
20241015;101250;4083;9;11297827682;B
20241015;101250;4083.5;6;11297827683;B
20241015;101253;4082.5;15;11297827956;S
20241015;101253;4082;331;11297827957;S
20241015;101253;4082;15;11297827958;S
20241015;101253;4082;2;11297827959;S
20241015;101253;4082;8;11297827960;S
20241015;101255;4082;2;11297828223;B
20241015;101256;4082;7;11297828320;B
20241015;101301;4082;1;11297829105;B
20241015;101302;4082;1;11297829229;B
20241015;101305;4081.5;1;11297829599;S
20241015;101307;4082;50;11297829855;B
20241015;101307;4082;3;11297829946;B
20241015;101309;4081.5;13;11297830109;S
20241015;101309;4081.5;1;11297830110;S
20241015;101309;4081;12;11297830111;S
20241015;101309;4081;15;11297830112;S
20241015;101309;4080.5;1;11297830113;S
20241015;101309;4080.5;15;11297830114;S
20241015;101309;4080.5;12;11297830115;S
20241015;101309;4080;15;11297830116;S
20241015;101309;4080;13;11297830117;S
20241015;101309;4080;1;11297830118;S
20241015;101309;4080;3;11297830119;S
20241015;101309;4081.5;3;11297830133;B
20241015;101309;4080.5;1;11297830220;S
20241015;101310;4080.5;14;11297830349;S
20241015;101310;4080;6;11297830350;S
20241015;101315;4080;17;11297831068;S
20241015;101315;4080;10;11297831069;S
20241015;101315;4080;15;11297831070;S
20241015;101315;4079.5;8;11297831071;S
