<DATE>;<TIME>;<LAST>;<VOL>;<ID>;<OPER>
20240508;095957;233;10;10314761236;B
20240508;095957;233;20;10314761237;S
20240508;095957;233;10;10314761238;S
20240508;095957;233;100;10314761239;S
20240508;095957;233;40;10314761240;S
20240508;095957;233;150;10314761241;S
20240508;095957;233;800;10314761242;S
20240508;095957;233;200;10314761243;B
20240508;095957;233;200;10314761244;S
20240508;095957;233;200;10314761245;S
20240508;095957;233;30;10314761246;S
20240508;095957;233;250;10314761247;S
20240508;095957;233;20;10314761248;S
20240508;095957;233;60;10314761249;S
20240508;095957;233;40;10314761250;S
20240508;095957;233;3470;10314761251;S
20240508;095957;233;10;10314761252;S
20240508;095957;233;100;10314761253;S
20240508;095957;233;300;10314761254;B
20240508;095957;233;420;10314761255;B
20240508;095957;233;10;10314761256;B
20240508;095957;233;90;10314761257;B
20240508;095957;233;10;10314761258;B
20240508;095957;233;10;10314761259;B
20240508;095957;233;90;10314761260;B
20240508;095957;233;20;10314761261;B
20240508;095957;233;100;10314761262;S
20240508;095957;233;770;10314761263;B
20240508;095957;233;20;10314761264;B
20240508;095957;233;300;10314761265;B
20240508;095957;233;10;10314761266;B
20240508;095957;233;10;10314761267;B
20240508;095957;233;240;10314761268;B
20240508;095957;233;10;10314761269;S
20240508;095957;233;20;10314761270;S
20240508;095957;233;10;10314761271;B
20240508;095957;233;30;10314761272;B
20240508;095957;233;400;10314761273;B
20240508;095957;233;40;10314761274;B
20240508;095957;233;20;10314761275;B
20240508;095957;233;10;10314761276;B
20240508;095957;233;160;10314761277;B
20240508;095957;233;240;10314761278;S
20240508;095957;233;10;10314761279;S
20240508;095957;233;10;10314761280;B
20240508;095957;233;10;10314761281;B
20240508;095957;233;180;10314761282;S
20240508;095957;233;10;10314761283;S
20240508;095957;233;10;10314761284;S
20240508;095957;233;10;10314761285;S
20240508;095957;233;20;10314761286;B
20240508;095957;233;10;10314761287;B
20240508;095957;233;20;10314761288;B
20240508;095957;233;10;10314761289;B
20240508;095957;233;90;10314761290;B
20240508;095957;233;10;10314761291;B
20240508;095957;233;400;10314761292;B
20240508;095957;233;270;10314761293;B
20240508;095957;233;10;10314761294;B
20240508;095957;233;30;10314761295;B
20240508;095957;233;10;10314761296;B
20240508;095957;233;30;10314761297;B
20240508;095957;233;10;10314761298;B
20240508;095957;233;20;10314761299;B
20240508;095957;233;50;10314761300;B
20240508;095957;233;10;10314761301;B
20240508;095957;233;10;10314761302;B
20240508;095957;233;20;10314761303;B
20240508;095957;233;50;10314761304;B
20240508;095957;233;30;10314761305;B
20240508;095957;233;10;10314761306;B
20240508;095957;233;20;10314761307;B
20240508;095957;233;10;10314761308;B
20240508;095957;233;10;10314761309;B
20240508;095957;233;900;10314761310;B
20240508;100000;233;50;10314761819;B
20240508;100000;233;110;10314762253;B
20240508;100000;233;100;10314762276;B
20240508;100000;233;200;10314762296;B
20240508;100000;232.87;310;10314762306;S
20240508;100000;232.86;780;10314762307;S
20240508;100000;232.85;270;10314762308;S
20240508;100000;232.85;30;10314762309;S
20240508;100000;232.85;30;10314762310;S
20240508;100000;232.85;10;10314762311;S
20240508;100000;232.85;30;10314762312;S
20240508;100000;232.85;40;10314762313;S
20240508;100000;232.85;30;10314762314;S
20240508;100000;232.85;10;10314762315;S
20240508;100000;232.85;10;10314762316;S
20240508;100000;232.85;10;10314762317;S
20240508;100000;232.85;20;10314762318;S
20240508;100000;232.85;30;10314762319;S
20240508;100000;232.85;780;10314762320;S
20240508;100000;232.85;330;10314762321;S
20240508;100000;232.8;50;10314762322;S
20240508;100000;232.77;780;10314762323;S
20240508;100000;232.77;60;10314762324;S
20240508;100000;232.76;20;10314762325;S
20240508;100000;232.76;2570;10314762326;S
20240508;100000;232.76;130;10314762327;S
20240508;100000;232.75;20;10314762328;S
20240508;100000;232.75;10;10314762329;S
20240508;100000;232.75;120;10314762330;S
20240508;100000;232.75;420;10314762331;S
20240508;100000;232.74;1700;10314762332;S
20240508;100001;232.8;20;10314762570;B
20240508;100001;232.86;10;10314762571;B
20240508;100001;232.76;10;10314762627;S
20240508;100001;232.75;10;10314762641;S
20240508;100001;232.75;90;10314762658;S
20240508;100001;232.74;660;10314762659;S
20240508;100001;232.88;10;10314762756;B
20240508;100001;232.88;10;10314762757;B
20240508;100001;232.88;60;10314762758;B
20240508;100001;232.88;10;10314763058;B
20240508;100002;232.81;10;10314763087;S
20240508;100002;232.81;10;10314763381;S
20240508;100002;232.75;100;10314763382;S
20240508;100002;232.75;20;10314763383;S
20240508;100002;232.84;90;10314763460;B
20240508;100002;232.84;120;10314763461;B
20240508;100002;232.85;90;10314763462;B
20240508;100003;232.89;300;10314763864;B
20240508;100003;232.84;20;10314764210;S
20240508;100005;232.84;170;10314765652;S
20240508;100005;232.76;120;10314765653;S
20240508;100005;232.75;120;10314765654;S
20240508;100005;232.75;270;10314765655;S
20240508;100005;232.74;9320;10314765656;S
20240508;100006;232.75;10;10314766959;S
20240508;100007;232.82;10;10314767729;B
20240508;100007;232.75;10;10314767936;S
20240508;100008;232.76;10;10314769380;S
20240508;100009;232.75;800;10314770053;S
20240508;100010;232.75;180;10314770173;S
20240508;100010;232.75;10;10314770174;S
20240508;100010;232.74;70;10314770175;S
20240508;100010;232.82;10;10314770224;B
20240508;100010;232.75;10;10314770286;S
20240508;100010;232.82;10;10314770305;B
20240508;100010;232.82;10;10314770419;B
20240508;100010;232.82;20;10314770442;B
20240508;100011;232.82;10;10314770693;B
20240508;100011;232.82;10;10314770823;B
20240508;100013;232.82;100;10314771245;B
20240508;100014;232.74;10;10314771413;S
20240508;100014;232.74;10;10314771473;S
20240508;100015;232.74;70;10314771578;S
20240508;100016;232.74;1040;10314772105;S
20240508;100016;232.74;20;10314772106;S
20240508;100016;232.74;10;10314772107;S
20240508;100016;232.74;50;10314772108;S
20240508;100016;232.74;120;10314772109;S
20240508;100016;232.74;70;10314772110;S
20240508;100016;232.74;240;10314772111;S
20240508;100016;232.73;850;10314772112;S
20240508;100016;232.73;40;10314772113;S
20240508;100016;232.73;10;10314772114;S
20240508;100016;232.73;190;10314772115;S
20240508;100016;232.73;20;10314772116;S
20240508;100016;232.73;20;10314772117;S
20240508;100016;232.73;10;10314772118;S
20240508;100016;232.73;10;10314772119;S
20240508;100016;232.73;20;10314772120;S
20240508;100016;232.73;280;10314772121;S
20240508;100016;232.73;10;10314772122;S
20240508;100016;232.73;4650;10314772123;S
20240508;100016;232.73;30;10314772124;S
20240508;100016;232.73;10;10314772125;S
20240508;100016;232.73;10;10314772126;S
20240508;100016;232.73;10;10314772127;S
20240508;100016;232.73;200;10314772128;S
20240508;100016;232.73;200;10314772129;S
20240508;100016;232.73;50;10314772130;S
20240508;100016;232.73;420;10314772131;S
20240508;100016;232.73;10;10314772132;S
20240508;100016;232.73;10;10314772133;S
20240508;100016;232.72;10;10314772134;S
20240508;100016;232.72;40;10314772135;S
20240508;100016;232.71;460;10314772136;S
20240508;100016;232.71;100;10314772137;S
20240508;100016;232.7;40;10314772138;S
20240508;100016;232.7;100;10314772139;S
20240508;100016;232.7;40;10314772140;S
20240508;100016;232.69;30;10314772166;B
20240508;100016;232.68;80;10314772234;S
20240508;100016;232.67;200;10314772235;S
20240508;100016;232.67;120;10314772236;S
20240508;100017;232.67;10;10314772408;S
20240508;100017;232.67;430;10314772453;S
20240508;100017;232.67;10;10314772454;S
20240508;100017;232.67;10;10314772455;S
20240508;100017;232.67;100;10314772456;S
20240508;100017;232.67;20;10314772457;S
20240508;100017;232.67;10;10314772458;S
20240508;100017;232.67;10;10314772459;S
20240508;100017;232.67;350;10314772460;S
20240508;100017;232.67;100;10314772461;S
20240508;100017;232.67;30;10314772462;S
20240508;100017;232.66;210;10314772463;S
20240508;100017;232.64;250;10314772464;S
20240508;100017;232.57;1000;10314772465;S
20240508;100017;232.52;120;10314772466;S
20240508;100017;232.5;100;10314772467;S
20240508;100017;232.45;100;10314772468;B
20240508;100017;232.45;100;10314772469;B
20240508;100017;232.45;40;10314772470;B
20240508;100017;232.45;100;10314772490;B
20240508;100017;232.45;100;10314772491;B
20240508;100017;232.45;100;10314772492;B
20240508;100018;232.41;100;10314772539;S
20240508;100018;232.45;10;10314772540;B
20240508;100018;232.41;10;10314772583;S
20240508;100018;232.41;10;10314772592;S
20240508;100018;232.41;10;10314772596;S
20240508;100018;232.41;10;10314772623;S
20240508;100018;232.45;20;10314772630;B
20240508;100019;232.41;20;10314772811;S
20240508;100020;232.44;180;10314772979;B
20240508;100020;232.45;760;10314772980;B
20240508;100020;232.45;10;10314773032;B
20240508;100020;232.45;160;10314773093;B
20240508;100020;232.46;120;10314773094;B
20240508;100020;232.47;170;10314773095;B
20240508;100020;232.48;60;10314773096;B
20240508;100022;232.42;200;10314773488;B
20240508;100022;232.39;400;10314773511;S
20240508;100023;232.31;40;10314773605;S
20240508;100023;232.32;250;10314773788;S
20240508;100024;232.32;270;10314773831;S
20240508;100024;232.32;120;10314773832;S
20240508;100024;232.31;420;10314773833;S
20240508;100024;232.27;300;10314773834;S
20240508;100024;232.24;40;10314773835;S
20240508;100024;232.23;40;10314773836;S
20240508;100024;232.22;40;10314773837;S
20240508;100024;232.22;90;10314773838;S
20240508;100024;232.22;860;10314773839;S
20240508;100024;232.21;40;10314773840;S
20240508;100024;232.21;120;10314773841;S
20240508;100024;232.2;40;10314773842;S
20240508;100024;232.2;450;10314773843;S
20240508;100024;232.2;220;10314773844;S
20240508;100024;232.19;40;10314773845;S
20240508;100024;232.18;40;10314773846;S
20240508;100024;232.17;430;10314773847;S
20240508;100024;232.17;40;10314773848;S
20240508;100024;232.16;430;10314773849;S
20240508;100024;232.16;40;10314773850;S
20240508;100024;232.15;430;10314773851;S
20240508;100024;232.23;270;10314773857;S
20240508;100024;232.16;520;10314773858;S
20240508;100024;232.15;40;10314773859;S
20240508;100024;232.14;330;10314773860;S
20240508;100024;232.11;70;10314773861;S
20240508;100024;232.11;100;10314773862;S
20240508;100024;232.03;670;10314773863;S
20240508;100024;232.4;30;10314773868;B
20240508;100024;232.35;100;10314773957;B
20240508;100024;232.35;20;10314773958;B
20240508;100024;232.35;80;10314773959;B
20240508;100024;232.35;20;10314773960;B
20240508;100024;232.35;80;10314773961;S
20240508;100024;232.35;100;10314773962;B
20240508;100024;232.34;100;10314773965;B
20240508;100024;232.34;100;10314773966;B
20240508;100024;232.34;100;10314773967;B
20240508;100024;232.34;100;10314773968;B
20240508;100024;232.34;100;10314773969;B
20240508;100024;232.34;100;10314773970;B
20240508;100024;232.34;100;10314773971;B
20240508;100024;232.34;100;10314773972;B
20240508;100024;232.34;100;10314773973;B
20240508;100024;232.34;100;10314773974;B
20240508;100024;232.34;100;10314773975;B
20240508;100024;232.34;100;10314773976;B
20240508;100024;232.34;100;10314773977;B
20240508;100024;232.34;100;10314773979;B
20240508;100024;232.34;100;10314773980;B
20240508;100024;232.34;60;10314773981;B
20240508;100024;232.34;40;10314773982;S
20240508;100024;232.34;100;10314773983;B
20240508;100024;232.34;100;10314773984;B
20240508;100024;232.34;100;10314773985;B
20240508;100024;232.34;100;10314773986;B
20240508;100024;232.34;100;10314773987;B
20240508;100024;232.34;100;10314773988;B
20240508;100024;232.34;100;10314773989;B
20240508;100024;232.34;70;10314773990;B
20240508;100024;232.34;30;10314773991;B
20240508;100024;232.34;50;10314773993;B
20240508;100024;232.34;50;10314773994;B
20240508;100024;232.33;70;10314773995;B
20240508;100024;232.34;30;10314773996;B
20240508;100024;232.34;100;10314773997;B
20240508;100024;232.33;40;10314773998;B
20240508;100024;232.34;60;10314773999;B
20240508;100024;232.34;100;10314774000;B
20240508;100024;232.34;100;10314774001;B
20240508;100024;232.34;100;10314774002;B
20240508;100024;232.34;100;10314774003;B
20240508;100024;232.34;100;10314774004;B
20240508;100024;232.34;30;10314774005;B
20240508;100024;232.34;50;10314774034;S
20240508;100024;232.34;20;10314774055;S
20240508;100024;232.19;100;10314774068;B
20240508;100024;232.19;100;10314774069;B
20240508;100024;232.35;20;10314774070;B
20240508;100024;232.35;80;10314774071;B
20240508;100024;232.35;80;10314774072;S
20240508;100025;232.36;20;10314774150;B
20240508;100025;232.36;60;10314774178;B
20240508;100025;232.36;40;10314774180;S
20240508;100025;232.12;80;10314774187;S
20240508;100025;232.12;20;10314774254;S
20240508;100025;232.12;50;10314774260;S
20240508;100025;232.35;100;10314774271;B
20240508;100025;232.35;100;10314774272;B
20240508;100025;232.35;100;10314774273;B
20240508;100025;232.35;100;10314774274;B
20240508;100025;232.35;100;10314774275;B
20240508;100025;232.35;100;10314774286;B
20240508;100025;232.14;20;10314774295;S
20240508;100025;232.14;30;10314774297;S
20240508;100025;232.14;30;10314774299;S
20240508;100025;232.13;130;10314774300;S
20240508;100025;232.37;10;10314774314;B
20240508;100025;232.35;10;10314774342;B
20240508;100025;232.35;40;10314774343;B
20240508;100025;232.1;40;10314774409;S
20240508;100025;232.35;100;10314774410;B
20240508;100025;232.35;100;10314774411;B
20240508;100025;232.35;100;10314774412;B
20240508;100025;232.35;100;10314774413;B
20240508;100025;232.35;100;10314774414;B
20240508;100025;232.35;100;10314774415;B
20240508;100025;232.35;100;10314774416;B
20240508;100025;232.35;20;10314774417;B
20240508;100025;232.35;80;10314774418;S
20240508;100025;232.1;20;10314774419;S
20240508;100025;232.36;30;10314774420;B
20240508;100025;232.36;70;10314774421;B
20240508;100025;232.36;100;10314774422;B
20240508;100025;232.36;100;10314774429;B
20240508;100025;232.36;100;10314774430;B
20240508;100025;232.36;100;10314774431;B
20240508;100025;232.36;100;10314774432;B
20240508;100025;232.36;100;10314774440;S
20240508;100025;232.36;100;10314774441;B
20240508;100025;232.36;100;10314774442;B
20240508;100025;232.36;100;10314774443;B
20240508;100025;232.36;100;10314774444;B
20240508;100025;232.36;100;10314774445;B
20240508;100025;232.36;100;10314774446;B
20240508;100025;232.36;100;10314774447;B
20240508;100025;232.36;100;10314774453;B
20240508;100025;232.36;100;10314774454;B
20240508;100025;232.36;100;10314774455;B
20240508;100025;232.36;100;10314774456;B
20240508;100025;232.36;100;10314774457;B
20240508;100025;232.36;100;10314774458;B
20240508;100025;232.36;100;10314774459;B
20240508;100025;232.36;100;10314774460;B
20240508;100025;232.36;100;10314774462;B
20240508;100025;232.35;100;10314774463;B
20240508;100025;232.35;100;10314774464;B
20240508;100025;232.35;100;10314774465;B
20240508;100025;232.35;100;10314774466;B
20240508;100025;232.35;100;10314774467;B
20240508;100025;232.3;70;10314774470;S
20240508;100025;232.1;70;10314774471;S
20240508;100025;232.05;1140;10314774472;S
20240508;100025;232.35;100;10314774473;B
20240508;100025;232.33;100;10314774477;B
20240508;100025;232.35;100;10314774478;B
20240508;100025;232.33;100;10314774479;B
20240508;100025;232.35;50;10314774515;B
20240508;100026;232.34;60;10314774534;B
20240508;100026;232.35;40;10314774535;B
20240508;100026;232.35;100;10314774543;B
20240508;100026;232.35;100;10314774544;B
20240508;100026;232.35;100;10314774545;B
20240508;100026;232.35;100;10314774546;B
20240508;100026;232.35;100;10314774547;B
20240508;100026;232.27;60;10314774609;S
20240508;100026;232.07;70;10314774610;S
20240508;100026;232.35;100;10314774611;B
20240508;100026;232.33;100;10314774612;B
20240508;100026;232.33;100;10314774613;B
20240508;100026;232.33;100;10314774615;B
20240508;100026;232.33;100;10314774616;B
20240508;100026;232.33;100;10314774617;B
20240508;100026;232.33;100;10314774618;B
20240508;100026;232.33;20;10314774731;S
20240508;100026;232.33;10;10314774846;S
20240508;100027;232.34;70;10314774847;B
20240508;100027;232.34;100;10314774848;B
20240508;100027;232.34;100;10314774850;B
20240508;100027;232.34;100;10314774851;B
20240508;100027;232.34;100;10314774852;B
20240508;100027;232.34;100;10314774853;B
20240508;100027;232.34;100;10314774854;B
20240508;100027;232.34;100;10314774855;B
20240508;100027;232.34;60;10314774856;B
20240508;100027;232.34;40;10314774857;B
20240508;100027;232.34;100;10314774858;B
20240508;100027;232.34;100;10314774859;B
20240508;100027;232.34;100;10314774860;B
20240508;100027;232.34;100;10314774861;B
20240508;100027;232.34;100;10314774862;B
20240508;100027;232.34;100;10314774863;B
20240508;100027;232.34;100;10314774864;B
20240508;100027;232.34;30;10314774865;B
20240508;100027;232.34;70;10314774866;B
20240508;100027;232.34;100;10314774867;B
20240508;100027;232.34;100;10314774868;B
20240508;100027;232.34;100;10314774869;B
20240508;100027;232.34;100;10314774870;B
20240508;100027;232.34;100;10314774871;B
20240508;100027;232.34;100;10314774872;B
20240508;100027;232.34;100;10314774873;B
20240508;100027;232.34;100;10314774875;B
20240508;100027;232.34;70;10314774876;B
20240508;100027;232.34;30;10314774877;B
20240508;100027;232.34;100;10314774878;B
20240508;100027;232.34;100;10314774879;B
20240508;100027;232.34;100;10314774880;B
20240508;100027;232.34;100;10314774881;B
20240508;100027;232.34;100;10314774882;B
20240508;100027;232.34;100;10314774883;B
20240508;100027;232.34;100;10314774884;B
20240508;100027;232.34;100;10314774885;B
20240508;100027;232.34;70;10314774886;B
20240508;100027;232.35;10;10314774972;B
20240508;100028;232.35;20;10314775062;B
20240508;100028;232.35;10;10314775063;B
20240508;100028;232.35;100;10314775064;B
20240508;100028;232.35;100;10314775065;B
20240508;100028;232.35;90;10314775066;B
20240508;100028;232.35;10;10314775067;B
20240508;100028;232.35;20;10314775071;B
20240508;100028;232.35;80;10314775072;B
20240508;100028;232.35;100;10314775073;B
20240508;100028;232.36;100;10314775074;B
20240508;100028;232.35;100;10314775075;B
20240508;100028;232.35;100;10314775076;B
20240508;100028;232.35;100;10314775077;B
20240508;100028;232.35;100;10314775078;B
20240508;100028;232.35;100;10314775079;B
20240508;100028;232.35;100;10314775080;B
20240508;100028;232.35;60;10314775081;B
20240508;100029;232.36;40;10314775254;B
20240508;100029;232.36;100;10314775255;B
20240508;100029;232.36;100;10314775256;B
20240508;100029;232.36;100;10314775257;B
20240508;100029;232.36;100;10314775258;B
20240508;100029;232.36;100;10314775259;B
20240508;100029;232.36;100;10314775260;B
20240508;100029;232.36;100;10314775261;B
20240508;100030;232.17;500;10314775696;S
20240508;100032;232.16;60;10314776096;S
20240508;100032;232.15;20;10314776097;S
20240508;100035;232.29;300;10314776663;B
20240508;100036;232.29;40;10314776819;B
20240508;100037;232.29;10;10314777081;B
20240508;100038;232.09;60;10314777126;S
20240508;100038;232.08;520;10314777127;S
20240508;100039;232.28;10;10314777366;B
20240508;100039;232.29;320;10314777367;B
20240508;100039;232.29;190;10314777375;B
20240508;100040;232.35;770;10314777546;B
20240508;100040;232.36;270;10314777547;B
20240508;100042;232.29;60;10314777769;S
20240508;100042;232.29;70;10314777770;S
20240508;100044;232.29;100;10314778401;S
20240508;100045;232.29;70;10314778592;S
20240508;100045;232.29;10;10314778679;S
20240508;100045;232.27;60;10314778680;S
20240508;100045;232.25;20;10314778686;B
20240508;100050;232.15;60;10314779723;S
20240508;100050;232.15;520;10314779724;S
20240508;100050;232.14;60;10314779725;S
20240508;100050;232.14;280;10314779726;S
20240508;100050;232.13;1560;10314779727;S
20240508;100050;232.12;100;10314779728;S
20240508;100052;232.25;410;10314780027;B
20240508;100052;232.28;10;10314780102;B
20240508;100054;232.24;200;10314780340;S
20240508;100055;232.28;100;10314780580;B
20240508;100056;232.24;50;10314780643;S
20240508;100056;232.23;350;10314780644;S
20240508;100058;232.28;250;10314780981;B
20240508;100059;232.28;10;10314781225;B
20240508;100100;232.28;10;10314781520;B
20240508;100100;232.23;10;10314781563;S
20240508;100102;232.23;1070;10314781797;B
20240508;100102;232.25;10;10314781875;S
20240508;100102;232.28;100;10314781908;B
20240508;100103;232.28;100;10314782178;B
20240508;100104;232.28;10;10314782275;B
20240508;100109;232.25;10;10314782840;S
20240508;100109;232.25;30;10314782854;S
20240508;100109;232.23;90;10314782855;S
20240508;100109;232.23;880;10314782856;B
20240508;100109;232.28;260;10314782970;B
20240508;100109;232.28;60;10314782971;B
20240508;100109;232.29;180;10314782972;B
20240508;100112;232.29;250;10314783272;B
20240508;100113;232.29;70;10314783391;B
20240508;100113;232.29;40;10314783392;B
20240508;100113;232.29;10;10314783393;B
20240508;100113;232.3;10;10314783540;S
20240508;100115;232.3;180;10314783710;B
20240508;100115;232.3;1470;10314783711;B
20240508;100117;232.33;650;10314783980;B
20240508;100119;232.32;20;10314784180;S
20240508;100119;232.36;10;10314784260;B
20240508;100121;232.36;180;10314784562;B
20240508;100123;232.47;20;10314784763;B
20240508;100123;232.48;190;10314784764;B
20240508;100123;232.48;80;10314784765;B
20240508;100124;232.42;60;10314784978;S
20240508;100124;232.48;270;10314785120;B
20240508;100124;232.53;30;10314785121;B
20240508;100125;232.48;20;10314785273;S
20240508;100130;232.62;40;10314786256;B
20240508;100130;232.62;200;10314786304;S
20240508;100132;232.69;30;10314786569;B
20240508;100132;232.69;160;10314786570;B
20240508;100132;232.7;600;10314786571;B
20240508;100132;232.7;100;10314786572;B
20240508;100132;232.73;300;10314786573;B
20240508;100132;232.74;100;10314786574;B
20240508;100132;232.77;60;10314786575;B
20240508;100132;232.81;660;10314786576;B
20240508;100132;232.82;490;10314786577;B
20240508;100138;232.68;10;10314787477;S
20240508;100138;232.68;50;10314787481;S
20240508;100138;232.67;250;10314787482;S
20240508;100138;232.67;10;10314787604;S
20240508;100138;232.62;10;10314787605;S
20240508;100138;232.6;10;10314787606;S
20240508;100143;232.57;520;10314788352;S
20240508;100143;232.57;60;10314788353;S
20240508;100143;232.57;60;10314788354;S
20240508;100143;232.56;410;10314788355;S
20240508;100143;232.53;860;10314788356;S
20240508;100143;232.52;300;10314788357;S
20240508;100143;232.5;770;10314788358;S
20240508;100143;232.49;10;10314788359;S
20240508;100143;232.48;500;10314788360;S
20240508;100143;232.41;490;10314788361;S
20240508;100143;232.4;170;10314788362;S
20240508;100144;232.43;20;10314788574;S
20240508;100145;232.43;800;10314788662;S
20240508;100147;232.7;20;10314789452;B
20240508;100148;232.7;30;10314789719;B
20240508;100148;232.71;60;10314789720;B
20240508;100148;232.73;20;10314789721;B
20240508;100148;232.74;50;10314789722;B
20240508;100148;232.74;60;10314789723;B
20240508;100148;232.75;20;10314789724;B
20240508;100150;232.75;10;10314790060;B
20240508;100150;232.75;80;10314790061;S
20240508;100151;232.55;100;10314790101;S
20240508;100151;232.55;210;10314790215;S
20240508;100151;232.54;60;10314790216;S
20240508;100151;232.53;60;10314790217;S
20240508;100151;232.53;290;10314790218;S
20240508;100151;232.55;360;10314790219;S
20240508;100151;232.54;40;10314790220;S
20240508;100151;232.53;570;10314790221;S
20240508;100151;232.52;210;10314790222;S
20240508;100151;232.52;10;10314790223;S
20240508;100151;232.51;60;10314790224;S
20240508;100151;232.5;360;10314790225;S
20240508;100152;232.53;290;10314790555;S
20240508;100152;232.5;140;10314790556;S
20240508;100152;232.49;170;10314790557;S
20240508;100152;232.51;350;10314790558;S
20240508;100152;232.49;360;10314790563;S
20240508;100152;232.49;280;10314790564;S
20240508;100152;232.5;310;10314790565;S
20240508;100154;232.47;100;10314790754;S
20240508;100154;232.45;400;10314790755;S
20240508;100154;232.41;280;10314790764;S
20240508;100154;232.4;150;10314790765;S
20240508;100154;232.38;60;10314790766;S
20240508;100154;232.38;10;10314790767;S
20240508;100154;232.37;60;10314790768;S
20240508;100154;232.36;1190;10314790769;S
20240508;100154;232.36;400;10314790770;S
20240508;100156;232.41;550;10314791277;S
20240508;100156;232.41;190;10314791278;S
20240508;100156;232.41;30;10314791279;S
20240508;100156;232.4;60;10314791280;S
20240508;100156;232.37;10;10314791281;S
20240508;100156;232.36;310;10314791282;S
20240508;100156;232.37;110;10314791284;S
20240508;100156;232.37;610;10314791285;S
20240508;100156;232.37;50;10314791286;S
20240508;100156;232.36;100;10314791287;S
20240508;100156;232.34;10;10314791288;S
20240508;100156;232.32;80;10314791289;S
20240508;100156;232.3;50;10314791290;S
20240508;100156;232.31;60;10314791291;S
20240508;100158;232.3;40;10314791529;S
20240508;100158;232.28;50;10314791530;S
20240508;100158;232.28;100;10314791531;S
20240508;100158;232.25;50;10314791532;S
20240508;100158;232.21;20;10314791533;S
20240508;100158;232.18;50;10314791534;S
20240508;100158;232.29;10;10314791535;S
20240508;100158;232.17;290;10314791536;S
20240508;100158;232.17;190;10314791538;S
20240508;100158;232.17;300;10314791539;S
20240508;100158;232.17;560;10314791540;S
20240508;100158;232.17;30;10314791541;S
20240508;100158;232.17;190;10314791542;S
20240508;100158;232.16;470;10314791543;S
20240508;100159;232.35;60;10314791678;B
20240508;100159;232.35;60;10314791679;B
20240508;100159;232.36;130;10314791680;B
20240508;100159;232.18;10;10314791705;S
20240508;100159;232.35;60;10314791750;B
20240508;100159;232.35;60;10314791751;B
20240508;100159;232.36;20;10314791752;B
20240508;100200;232.18;90;10314791839;S
20240508;100200;232.18;60;10314791840;S
20240508;100200;232.17;860;10314791841;S
20240508;100200;232.16;240;10314791842;S
20240508;100200;232.2;60;10314791899;S
20240508;100200;232.17;60;10314791900;S
20240508;100200;232.17;60;10314791901;S
20240508;100200;232.17;60;10314791902;S
20240508;100200;232.16;290;10314791903;S
20240508;100200;232.16;510;10314791904;S
20240508;100200;232.3;50;10314791939;S
20240508;100200;232.19;10;10314791940;S
20240508;100200;232.16;260;10314791941;S
20240508;100200;232.15;20;10314791942;S
20240508;100200;232.15;60;10314791943;S
20240508;100200;232.13;40;10314791944;S
20240508;100200;232.13;10;10314791945;S
20240508;100202;232.34;10;10314792071;B
20240508;100211;232.34;10;10314793426;B
20240508;100212;232.34;40;10314793558;B
20240508;100212;232.34;10;10314793585;S
20240508;100213;232.34;10;10314793661;S
20240508;100213;232.34;10;10314793665;S
20240508;100214;232.35;60;10314793796;B
20240508;100214;232.36;290;10314793797;B
20240508;100214;232.36;10;10314793798;B
20240508;100214;232.41;20;10314793811;B
20240508;100214;232.41;30;10314793812;S
20240508;100214;232.46;10;10314793854;B
20240508;100214;232.46;60;10314793855;B
20240508;100214;232.46;20;10314793856;S
20240508;100214;232.46;60;10314793867;B
20240508;100214;232.47;60;10314793892;B
20240508;100214;232.47;10;10314793893;S
20240508;100214;232.49;10;10314793927;B
20240508;100215;232.5;100;10314793939;B
20240508;100215;232.5;60;10314793950;B
20240508;100215;232.52;100;10314793964;B
20240508;100215;232.52;100;10314793989;B
20240508;100215;232.53;10;10314794003;B
20240508;100215;232.53;20;10314794004;S
20240508;100215;232.56;60;10314794029;B
20240508;100215;232.56;40;10314794030;B
20240508;100215;232.35;60;10314794042;S
20240508;100215;232.35;50;10314794043;S
20240508;100215;232.34;40;10314794044;S
20240508;100215;232.55;60;10314794050;B
20240508;100215;232.56;40;10314794051;B
20240508;100215;232.56;100;10314794058;B
20240508;100215;232.56;60;10314794061;B
20240508;100215;232.56;100;10314794065;B
20240508;100215;232.56;100;10314794086;B
20240508;100216;232.56;100;10314794102;B
20240508;100216;232.56;100;10314794133;B
20240508;100216;232.56;100;10314794159;B
20240508;100216;232.56;100;10314794168;B
20240508;100216;232.56;100;10314794190;B
20240508;100216;232.56;100;10314794198;B
20240508;100216;232.56;100;10314794214;B
20240508;100216;232.56;100;10314794229;B
20240508;100216;232.56;100;10314794237;B
20240508;100216;232.56;20;10314794244;B
20240508;100216;232.56;100;10314794249;B
20240508;100217;232.35;60;10314794263;S
20240508;100217;232.34;140;10314794264;S
20240508;100217;232.56;10;10314794275;S
20240508;100217;232.56;10;10314794276;S
20240508;100217;232.57;40;10314794322;B
20240508;100217;232.48;20;10314794354;S
20240508;100217;232.39;60;10314794355;S
20240508;100217;232.37;20;10314794356;S
20240508;100217;232.38;60;10314794364;S
20240508;100217;232.37;40;10314794365;S
20240508;100217;232.36;10;10314794366;S
20240508;100217;232.35;390;10314794367;S
20240508;100220;232.36;20;10314795033;S
20240508;100223;232.36;10;10314795410;S
20240508;100226;232.54;60;10314795879;B
20240508;100226;232.54;60;10314795880;B
20240508;100226;232.56;50;10314795891;B
20240508;100226;232.57;100;10314795892;B
20240508;100226;232.57;60;10314795893;B
20240508;100226;232.58;60;10314795894;B
20240508;100226;232.58;20;10314795895;B
20240508;100226;232.36;50;10314795898;S
20240508;100226;232.35;60;10314795899;S
20240508;100226;232.35;60;10314795900;S
20240508;100226;232.34;180;10314795901;S
20240508;100229;232.54;10;10314796342;B
20240508;100231;232.55;60;10314796639;B
20240508;100231;232.57;50;10314796640;B
20240508;100231;232.58;380;10314796641;B
20240508;100231;232.58;10;10314796642;B
20240508;100231;232.36;50;10314796643;S
20240508;100231;232.36;50;10314796644;S
20240508;100231;232.35;60;10314796645;S
20240508;100231;232.35;60;10314796646;S
20240508;100231;232.34;590;10314796647;S
20240508;100231;232.34;10;10314796648;S
20240508;100231;232.3;180;10314796649;S
20240508;100232;232.35;60;10314796761;B
20240508;100232;232.35;20;10314796766;B
20240508;100233;232.35;200;10314796948;B
20240508;100236;232.35;220;10314797325;B
20240508;100238;232.49;10;10314797617;B
20240508;100240;232.46;10;10314798015;B
20240508;100241;232.46;10;10314798076;B
20240508;100242;232.34;10;10314798325;S
20240508;100242;232.34;60;10314798326;S
20240508;100242;232.31;50;10314798327;S
20240508;100242;232.3;100;10314798328;S
20240508;100242;232.3;80;10314798329;B
20240508;100244;232.31;50;10314798612;B
20240508;100247;232.46;20;10314799093;B
20240508;100247;232.5;50;10314799094;B
20240508;100247;232.52;60;10314799095;B
20240508;100247;232.53;320;10314799096;B
20240508;100251;232.5;320;10314799560;B
20240508;100253;232.42;50;10314799834;S
20240508;100253;232.42;60;10314799835;S
20240508;100253;232.41;480;10314799836;S
20240508;100253;232.41;60;10314799906;S
20240508;100253;232.41;40;10314799907;S
20240508;100255;232.41;10;10314800087;S
20240508;100256;232.42;50;10314800239;S
20240508;100256;232.41;10;10314800240;S
20240508;100256;232.41;40;10314800241;S
20240508;100257;232.49;10;10314800407;B
20240508;100258;232.49;20;10314800471;B
20240508;100300;232.42;10;10314800808;S
20240508;100302;232.41;100;10314801030;S
20240508;100302;232.41;100;10314801047;S
20240508;100302;232.41;100;10314801068;S
20240508;100304;232.42;50;10314801362;S
20240508;100304;232.41;520;10314801363;S
20240508;100304;232.4;3430;10314801364;S
20240508;100306;232.49;30;10314801637;B
20240508;100310;232.49;20;10314802305;S
20240508;100311;232.5;10;10314802427;B
20240508;100313;232.49;50;10314802719;S
20240508;100314;232.5;100;10314802895;B
20240508;100314;232.5;100;10314802923;B
20240508;100315;232.49;100;10314803095;S
20240508;100315;232.49;30;10314803096;S
20240508;100315;232.48;50;10314803097;S
20240508;100315;232.47;40;10314803098;S
20240508;100315;232.41;60;10314803099;S
20240508;100315;232.4;170;10314803100;S
20240508;100317;232.49;10;10314803472;B
20240508;100320;232.41;50;10314803805;S
20240508;100320;232.41;50;10314803806;B
20240508;100320;232.4;100;10314803816;S
20240508;100320;232.4;100;10314803823;S
20240508;100320;232.4;100;10314803836;S
20240508;100320;232.4;100;10314803841;S
20240508;100320;232.4;100;10314803845;S
20240508;100320;232.4;100;10314803849;S
20240508;100323;232.41;230;10314804274;S
20240508;100323;232.4;270;10314804275;S
20240508;100325;232.4;10;10314804547;S
20240508;100326;232.4;30;10314804698;S
20240508;100326;232.47;290;10314804743;B
20240508;100328;232.4;100;10314804910;S
20240508;100328;232.4;100;10314804924;S
20240508;100328;232.4;100;10314804934;S
20240508;100328;232.4;100;10314804945;S
20240508;100334;232.46;10;10314806017;B
20240508;100339;232.45;270;10314806747;S
20240508;100339;232.45;50;10314806748;S
20240508;100341;232.4;500;10314806978;S
20240508;100341;232.46;30;10314806993;B
20240508;100343;232.4;1240;10314807244;S
20240508;100343;232.4;10;10314807245;S
20240508;100343;232.39;50;10314807246;S
20240508;100343;232.4;40;10314807247;B
20240508;100343;232.4;30;10314807250;S
20240508;100343;232.4;30;10314807251;S
20240508;100345;232.4;100;10314807528;B
20240508;100346;232.4;50;10314807613;B
20240508;100346;232.41;570;10314807614;B
20240508;100346;232.42;50;10314807615;B
20240508;100346;232.42;30;10314807616;B
20240508;100346;232.43;60;10314807617;B
20240508;100346;232.46;50;10314807618;B
20240508;100346;232.47;40;10314807619;B
20240508;100347;232.47;20;10314807725;B
20240508;100348;232.47;10;10314807849;B
20240508;100349;232.46;10;10314807946;S
20240508;100349;232.47;10;10314807955;B
20240508;100350;232.48;60;10314808130;B
20240508;100350;232.48;40;10314808131;B
20240508;100350;232.48;100;10314808141;B
20240508;100350;232.42;40;10314808177;S
20240508;100350;232.4;10;10314808178;S
20240508;100350;232.4;50;10314808179;S
20240508;100351;232.43;90;10314808292;B
20240508;100355;232.42;80;10314808880;B
20240508;100357;232.35;10;10314809115;S
20240508;100357;232.43;30;10314809119;B
20240508;100357;232.42;10;10314809174;B
20240508;100358;232.42;10;10314809359;B
20240508;100400;232.42;150;10314809470;B
20240508;100400;232.43;850;10314809471;B
20240508;100403;232.43;10;10314809935;B
20240508;100404;232.43;100;10314809985;B
20240508;100404;232.4;100;10314809992;S
20240508;100404;232.4;80;10314810002;S
20240508;100404;232.35;60;10314810009;S
20240508;100404;232.35;40;10314810010;B
20240508;100404;232.43;100;10314810017;B
20240508;100404;232.34;10;10314810018;S
20240508;100404;232.34;50;10314810019;S
20240508;100404;232.34;40;10314810020;S
20240508;100404;232.34;20;10314810035;S
20240508;100404;232.34;10;10314810036;B
20240508;100404;232.34;70;10314810037;B
20240508;100404;232.32;100;10314810063;S
20240508;100405;232.41;50;10314810140;B
20240508;100405;232.41;50;10314810141;S
20240508;100405;232.3;10;10314810142;S
20240508;100405;232.25;60;10314810153;S
20240508;100405;232.25;40;10314810154;B
20240508;100405;232.25;100;10314810173;S
20240508;100405;232.25;60;10314810184;S
20240508;100405;232.25;40;10314810185;B
20240508;100405;232.24;100;10314810203;S
20240508;100405;232.24;100;10314810214;S
20240508;100405;232.24;80;10314810222;S
20240508;100406;232.34;60;10314810315;B
20240508;100406;232.34;40;10314810316;S
20240508;100406;232.25;60;10314810318;S
20240508;100406;232.24;40;10314810319;S
20240508;100406;232.24;100;10314810364;S
20240508;100406;232.24;100;10314810373;S
20240508;100406;232.24;100;10314810385;S
20240508;100406;232.24;100;10314810393;S
20240508;100406;232.24;90;10314810403;S
20240508;100408;232.36;60;10314810584;B
20240508;100408;232.36;50;10314810585;B
20240508;100408;232.37;60;10314810586;B
20240508;100408;232.4;280;10314810587;B
20240508;100408;232.22;60;10314810626;S
20240508;100408;232.22;10;10314810628;B
20240508;100408;232.22;30;10314810629;B
20240508;100408;232.22;100;10314810639;S
20240508;100408;232.21;50;10314810646;S
20240508;100408;232.21;50;10314810647;S
20240508;100408;232.21;100;10314810664;S
20240508;100409;232.21;100;10314810672;S
20240508;100409;232.21;100;10314810691;S
20240508;100409;232.21;100;10314810745;S
20240508;100409;232.26;50;10314810766;B
20240508;100410;232.28;50;10314810848;B
20240508;100421;232.35;10;10314812402;B
20240508;100423;232.3;10;10314812725;B
20240508;100424;232.35;10;10314812855;B
20240508;100424;232.35;80;10314812856;S
20240508;100424;232.37;60;10314812915;B
20240508;100424;232.37;90;10314812916;B
20240508;100424;232.38;10;10314812917;B
20240508;100424;232.39;50;10314812918;B
20240508;100424;232.4;790;10314812919;B
20240508;100431;232.26;50;10314813890;S
20240508;100431;232.26;20;10314813891;B
20240508;100431;232.26;30;10314813892;B
20240508;100431;232.25;100;10314813904;S
20240508;100431;232.25;100;10314813915;S
20240508;100431;232.39;60;10314813919;B
20240508;100431;232.39;50;10314813920;B
20240508;100431;232.4;40;10314813921;B
20240508;100431;232.41;50;10314813922;B
20240508;100431;232.42;80;10314813923;B
20240508;100431;232.25;70;10314813928;S
20240508;100434;232.36;30;10314814274;S
20240508;100434;232.28;50;10314814294;S
20240508;100435;232.28;20;10314814381;S
20240508;100435;232.27;60;10314814382;S
20240508;100435;232.26;10;10314814383;S
20240508;100436;232.35;20;10314814588;B
20240508;100436;232.36;10;10314814589;B
20240508;100436;232.4;10;10314814590;B
20240508;100436;232.4;10;10314814591;B
20240508;100436;232.41;20;10314814592;B
20240508;100436;232.41;50;10314814593;B
20240508;100436;232.41;60;10314814594;B
20240508;100436;232.42;20;10314814595;B
20240508;100439;232.29;10;10314814926;S
20240508;100439;232.28;60;10314814927;S
20240508;100439;232.27;50;10314814928;S
20240508;100439;232.27;60;10314814929;S
20240508;100439;232.26;20;10314814930;S
20240508;100439;232.25;50;10314814931;S
20240508;100439;232.24;400;10314814932;S
20240508;100439;232.24;790;10314814933;S
20240508;100439;232.24;120;10314814934;S
20240508;100439;232.23;730;10314814935;S
20240508;100439;232.22;20;10314814936;S
20240508;100439;232.21;400;10314814937;S
20240508;100439;232.2;100;10314814938;S
20240508;100439;232.18;770;10314814939;S
20240508;100439;232.17;100;10314814940;S
20240508;100439;232.17;40;10314814941;B
20240508;100439;232.17;610;10314814942;B
20240508;100440;232.37;60;10314815026;B
20240508;100440;232.37;40;10314815027;S
20240508;100441;232.22;50;10314815265;S
20240508;100441;232.21;60;10314815266;S
20240508;100441;232.21;60;10314815267;S
20240508;100441;232.2;860;10314815268;S
20240508;100441;232.19;400;10314815269;S
20240508;100441;232.17;360;10314815270;S
20240508;100441;232.17;20;10314815271;S
20240508;100441;232.16;770;10314815272;S
20240508;100441;232.15;100;10314815273;S
20240508;100441;232.15;50;10314815274;S
20240508;100441;232.13;250;10314815275;S
20240508;100441;232.12;1790;10314815276;S
20240508;100441;232.12;10;10314815277;S
20240508;100441;232.12;730;10314815278;S
20240508;100441;232.07;300;10314815279;S
20240508;100441;232.06;160;10314815280;S
20240508;100441;232.05;1000;10314815281;S
20240508;100441;232.05;3030;10314815282;S
20240508;100442;232.31;20;10314815430;B
20240508;100447;232.29;250;10314816183;S
20240508;100452;232.28;10;10314816829;B
20240508;100452;232.29;10;10314816857;B
20240508;100454;232.29;40;10314817122;B
20240508;100457;232.18;10;10314817575;S
20240508;100459;232.28;30;10314817804;B
20240508;100459;232.28;30;10314817805;B
20240508;100459;232.29;60;10314817806;B
20240508;100459;232.29;40;10314817807;B
20240508;100459;232.3;50;10314817808;B
20240508;100459;232.33;100;10314817809;B
20240508;100459;232.33;60;10314817810;B
20240508;100459;232.34;50;10314817811;B
20240508;100500;232.25;10;10314818301;S
20240508;100501;232.25;50;10314818343;S
20240508;100501;232.25;20;10314818366;S
20240508;100504;232.25;30;10314819000;S
20240508;100504;232.24;60;10314819001;S
20240508;100504;232.23;50;10314819002;S
20240508;100504;232.21;60;10314819003;S
20240508;100508;232.17;20;10314819553;S
20240508;100508;232.17;60;10314819554;S
20240508;100508;232.16;50;10314819555;S
20240508;100508;232.14;100;10314819556;S
20240508;100508;232.14;100;10314819557;S
20240508;100508;232.13;10;10314819558;S
20240508;100508;232.12;250;10314819559;S
20240508;100508;232.12;60;10314819560;S
20240508;100508;232.11;400;10314819561;S
20240508;100508;232.09;400;10314819562;S
20240508;100508;232.09;50;10314819563;S
20240508;100508;232.06;10;10314819564;S
20240508;100508;232.05;20;10314819565;S
20240508;100508;232.02;70;10314819566;S
20240508;100508;232.03;100;10314819570;S
20240508;100508;232.03;80;10314819584;S
20240508;100508;232.15;60;10314819619;B
20240508;100508;232.17;50;10314819620;B
20240508;100508;232.19;60;10314819621;B
20240508;100508;232.21;180;10314819622;B
20240508;100509;232.17;10;10314819867;B
20240508;100510;232.17;40;10314819965;B
20240508;100510;232.19;60;10314819966;B
20240508;100510;232.05;210;10314820013;S
20240508;100510;232.05;10;10314820016;S
20240508;100512;232.07;60;10314820124;S
20240508;100512;232.06;50;10314820125;S
20240508;100512;232.06;110;10314820126;S
20240508;100512;232.05;50;10314820127;S
20240508;100512;232.04;30;10314820128;B
20240508;100513;232.16;100;10314820233;B
20240508;100513;232.14;50;10314820293;B
20240508;100513;232.16;20;10314820294;B
20240508;100513;232.03;10;10314820352;S
20240508;100514;232.17;20;10314820531;B
20240508;100517;232.04;50;10314821017;S
20240508;100517;232.04;70;10314821018;S
20240508;100517;232.03;50;10314821019;S
20240508;100517;232.02;80;10314821020;S
20240508;100518;232.02;10;10314821078;S
20240508;100519;232.12;50;10314821258;B
20240508;100519;232.12;50;10314821259;S
20240508;100519;232.12;40;10314821260;B
20240508;100519;232.12;60;10314821261;S
20240508;100520;232.03;50;10314821459;S
20240508;100520;232.02;40;10314821460;S
20240508;100520;232.02;30;10314821461;S
20240508;100520;232.02;20;10314821462;S
20240508;100520;232.01;100;10314821463;S
20240508;100520;232.01;60;10314821464;S
20240508;100520;232;80;10314821465;S
20240508;100520;232;350;10314821466;S
20240508;100520;232;30;10314821467;S
20240508;100520;232;100;10314821468;S
20240508;100520;232;10;10314821469;S
20240508;100520;232;100;10314821470;S
20240508;100520;232;50;10314821471;S
20240508;100520;232;50;10314821472;S
20240508;100520;232;10;10314821473;S
20240508;100520;231.99;10;10314821474;S
20240508;100520;231.98;10;10314821475;S
20240508;100520;231.97;100;10314821476;S
20240508;100520;231.96;10;10314821477;S
20240508;100520;231.96;770;10314821478;S
20240508;100520;231.94;100;10314821479;S
20240508;100520;231.94;1000;10314821480;S
20240508;100520;231.93;390;10314821481;S
20240508;100520;232.11;60;10314821484;B
20240508;100520;232.12;40;10314821485;B
20240508;100520;232.12;100;10314821486;B
20240508;100520;231.99;100;10314821494;B
20240508;100520;231.99;100;10314821495;B
20240508;100520;231.99;100;10314821496;B
20240508;100520;231.99;100;10314821497;B
20240508;100520;231.99;100;10314821498;B
20240508;100520;231.99;100;10314821499;B
20240508;100520;231.99;100;10314821500;B
20240508;100520;231.99;10;10314821561;B
20240508;100520;231.97;170;10314821565;S
20240508;100521;231.97;60;10314821610;S
20240508;100521;231.94;210;10314821611;S
20240508;100521;231.95;100;10314821612;S
20240508;100521;231.99;100;10314821643;B
20240508;100524;231.96;10;10314821939;S
20240508;100525;231.96;200;10314822185;S
20240508;100525;231.97;10;10314822196;B
20240508;100525;231.97;300;10314822197;B
20240508;100525;231.97;60;10314822198;B
20240508;100525;231.99;10;10314822248;B
20240508;100525;231.99;10;10314822261;B
20240508;100526;231.99;30;10314822369;B
20240508;100527;231.97;50;10314822458;S
20240508;100527;231.97;20;10314822459;S
20240508;100527;231.96;50;10314822460;S
20240508;100527;231.95;300;10314822461;S
20240508;100527;231.94;560;10314822462;S
20240508;100527;231.93;480;10314822463;S
20240508;100527;231.91;60;10314822464;S
20240508;100527;231.87;60;10314822465;S
20240508;100527;231.86;400;10314822466;S
20240508;100527;231.85;2520;10314822467;B
20240508;100527;231.88;60;10314822488;B
20240508;100527;231.93;60;10314822489;B
20240508;100527;231.94;60;10314822490;B
20240508;100527;231.95;50;10314822491;B
20240508;100527;231.99;150;10314822492;B
20240508;100527;231.99;20;10314822493;B
20240508;100527;232.01;10;10314822494;B
20240508;100527;232.02;1560;10314822495;B
20240508;100527;232.04;1060;10314822496;B
20240508;100528;231.99;10;10314822571;B
20240508;100528;231.99;90;10314822687;S
20240508;100528;231.97;50;10314822688;S
20240508;100528;231.93;60;10314822689;S
20240508;100529;232.03;10;10314822810;B
20240508;100530;231.92;60;10314822933;S
20240508;100530;231.92;40;10314822934;S
20240508;100533;231.97;30;10314823385;B
20240508;100533;231.97;50;10314823386;B
20240508;100533;231.98;10;10314823387;B
20240508;100533;231.98;130;10314823388;B
20240508;100536;231.99;900;10314823771;B
20240508;100537;231.96;30;10314823851;S
20240508;100537;231.96;30;10314823852;S
20240508;100539;231.95;10;10314824049;S
20240508;100541;231.97;40;10314824349;S
20240508;100541;231.96;40;10314824350;S
20240508;100542;231.95;40;10314824502;S
20240508;100543;231.95;210;10314824509;S
20240508;100543;231.95;40;10314824510;S
20240508;100544;231.95;60;10314824723;S
20240508;100544;231.95;60;10314824724;S
20240508;100545;231.95;10;10314824897;B
20240508;100547;231.95;30;10314825094;B
20240508;100547;231.94;20;10314825213;S
20240508;100547;231.94;20;10314825280;B
20240508;100548;231.95;10;10314825370;B
20240508;100550;231.94;500;10314825605;B
20240508;100551;231.9;10;10314825747;S
20240508;100554;231.91;40;10314826239;S
20240508;100554;231.9;60;10314826240;S
20240508;100556;231.93;30;10314826386;B
20240508;100557;231.94;10;10314826545;B
20240508;100557;231.94;40;10314826549;B
20240508;100557;231.94;10;10314826550;B
20240508;100559;231.9;50;10314826697;S
20240508;100600;231.9;130;10314826923;B
20240508;100601;231.86;10;10314826998;S
20240508;100601;231.84;50;10314827009;S
20240508;100601;231.84;340;10314827010;S
20240508;100601;231.83;1100;10314827011;S
20240508;100601;231.82;100;10314827012;S
20240508;100601;231.81;10;10314827013;S
20240508;100601;231.8;10;10314827014;S
20240508;100601;231.8;100;10314827015;S
20240508;100601;231.8;10;10314827016;S
20240508;100601;231.8;50;10314827017;S
20240508;100601;231.79;230;10314827018;S
20240508;100601;231.88;100;10314827020;B
20240508;100601;231.89;60;10314827021;B
20240508;100601;231.89;40;10314827022;B
20240508;100601;231.89;50;10314827050;B
20240508;100601;231.89;50;10314827051;B
20240508;100602;231.86;50;10314827084;S
20240508;100602;231.88;100;10314827085;B
20240508;100602;231.88;100;10314827086;B
20240508;100602;231.88;100;10314827087;B
20240508;100602;231.88;100;10314827088;B
20240508;100602;231.86;20;10314827094;S
20240508;100605;231.87;100;10314827547;B
20240508;100605;231.86;10;10314827609;S
20240508;100606;231.86;20;10314827624;S
20240508;100606;231.83;50;10314827625;S
20240508;100606;231.81;40;10314827626;S
20240508;100606;231.81;60;10314827627;S
20240508;100606;231.81;180;10314827628;S
20240508;100606;231.8;280;10314827629;S
20240508;100608;231.8;30;10314828012;S
20240508;100610;231.86;10;10314828219;B
20240508;100613;231.87;10;10314828484;B
20240508;100613;231.87;20;10314828485;B
20240508;100614;231.87;10;10314828614;B
20240508;100615;231.87;10;10314828745;B
20240508;100617;231.8;20;10314828892;S
20240508;100619;231.86;10;10314829331;S
20240508;100621;231.86;210;10314829547;S
20240508;100622;231.86;220;10314829696;S
20240508;100626;231.88;50;10314830057;B
20240508;100626;231.88;170;10314830058;B
20240508;100626;231.88;410;10314830059;B
20240508;100626;231.89;10;10314830075;B
20240508;100626;231.89;20;10314830104;B
20240508;100627;231.88;20;10314830198;S
20240508;100628;231.88;220;10314830253;S
20240508;100629;231.89;40;10314830390;B
20240508;100630;231.88;20;10314830535;S
20240508;100631;231.89;480;10314830623;B
20240508;100631;231.89;30;10314830658;B
20240508;100631;231.89;10;10314830660;B
20240508;100631;231.89;20;10314830671;B
20240508;100632;231.89;10;10314830723;B
20240508;100632;231.89;10;10314830774;B
20240508;100633;231.88;100;10314830810;S
20240508;100633;231.88;100;10314830817;S
20240508;100633;231.88;100;10314830848;S
20240508;100633;231.88;100;10314830855;S
20240508;100633;231.88;100;10314830858;S
20240508;100633;231.88;100;10314830864;S
20240508;100633;231.88;100;10314830867;S
20240508;100633;231.88;90;10314830880;S
20240508;100635;231.89;70;10314831095;B
20240508;100635;231.89;40;10314831096;B
20240508;100635;231.88;220;10314831167;S
20240508;100636;231.88;380;10314831248;S
20240508;100636;231.88;10;10314831249;S
20240508;100636;231.88;400;10314831250;S
20240508;100636;231.87;50;10314831251;S
20240508;100636;231.87;440;10314831252;S
20240508;100637;231.89;10;10314831298;B
20240508;100637;231.89;150;10314831327;B
20240508;100639;231.87;300;10314831428;S
20240508;100639;231.86;50;10314831429;S
20240508;100639;231.81;290;10314831430;S
20240508;100643;231.88;10;10314831982;B
20240508;100643;231.88;160;10314832009;B
20240508;100643;231.88;220;10314832010;B
20240508;100643;231.89;450;10314832011;B
20240508;100643;231.89;380;10314832012;B
20240508;100643;231.89;280;10314832013;B
20240508;100643;231.89;270;10314832014;B
20240508;100643;231.89;60;10314832015;B
20240508;100643;231.89;60;10314832016;B
20240508;100643;231.9;40;10314832017;B
20240508;100644;231.89;760;10314832065;S
20240508;100646;231.89;60;10314832311;S
20240508;100646;231.9;10;10314832332;B
20240508;100646;231.89;10;10314832341;S
20240508;100647;231.9;10;10314832381;B
20240508;100649;231.9;110;10314832566;B
20240508;100649;231.9;20;10314832668;B
20240508;100650;231.89;580;10314832716;S
20240508;100650;231.9;10;10314832789;B
20240508;100651;231.89;100;10314832900;S
20240508;100652;231.9;120;10314832939;B
20240508;100652;231.9;80;10314832940;B
20240508;100652;231.9;10;10314832987;B
20240508;100654;231.89;50;10314833169;B
20240508;100654;231.89;10;10314833226;B
20240508;100655;231.89;40;10314833301;B
20240508;100659;231.89;70;10314833801;S
20240508;100701;231.89;100;10314834004;S
20240508;100702;231.89;70;10314834136;S
20240508;100703;231.85;20;10314834307;B
20240508;100703;231.85;50;10314834401;B
20240508;100706;231.85;10;10314834767;B
20240508;100708;231.84;50;10314834931;S
20240508;100708;231.82;60;10314834932;S
20240508;100708;231.82;60;10314834933;S
20240508;100708;231.82;100;10314834934;S
20240508;100708;231.81;90;10314834935;S
20240508;100712;231.8;100;10314835362;S
20240508;100713;231.85;30;10314835576;B
20240508;100720;231.81;50;10314836488;B
20240508;100720;231.81;10;10314836503;B
20240508;100723;231.8;20;10314836692;S
20240508;100724;231.8;250;10314836801;S
20240508;100724;231.8;300;10314836817;S
20240508;100724;231.8;30;10314836818;S
20240508;100724;231.8;1020;10314836819;S
20240508;100724;231.81;10;10314836820;B
20240508;100724;231.81;10;10314836841;B
20240508;100725;231.8;270;10314836882;S
20240508;100726;231.81;20;10314837055;B
20240508;100728;231.81;50;10314837238;B
20240508;100729;231.81;10;10314837391;B
20240508;100730;231.81;90;10314837611;B
20240508;100730;231.83;10;10314837612;B
20240508;100732;231.8;10;10314837829;S
20240508;100732;231.8;240;10314837830;S
20240508;100732;231.84;100;10314837846;B
20240508;100734;231.8;480;10314838108;S
20240508;100734;231.8;10;10314838109;S
20240508;100736;231.85;60;10314838364;B
20240508;100736;231.84;10;10314838404;S
20240508;100737;231.83;200;10314838560;S
20240508;100738;231.85;10;10314838687;B
20240508;100739;231.83;20;10314838722;S
20240508;100739;231.85;280;10314838849;B
20240508;100739;231.85;70;10314838850;B
20240508;100739;231.85;20;10314838851;B
20240508;100739;231.86;60;10314838852;B
20240508;100739;231.89;60;10314838853;B
20240508;100739;231.89;60;10314838854;B
20240508;100739;231.9;100;10314838855;B
20240508;100739;231.92;510;10314838856;B
20240508;100739;231.93;50;10314838857;B
20240508;100739;231.93;120;10314838858;B
20240508;100742;231.88;20;10314839166;S
20240508;100742;231.88;60;10314839167;S
20240508;100742;231.87;170;10314839168;S
20240508;100742;231.86;60;10314839169;S
20240508;100742;231.84;60;10314839170;S
20240508;100742;231.84;50;10314839171;S
20240508;100745;231.86;60;10314839573;S
20240508;100745;231.84;350;10314839574;S
20240508;100752;231.92;20;10314840861;B
20240508;100752;231.93;60;10314840862;B
20240508;100752;231.93;60;10314840863;B
20240508;100752;231.93;60;10314840864;B
20240508;100752;231.93;50;10314840865;B
20240508;100754;231.93;70;10314841075;S
20240508;100756;231.93;70;10314841237;S
20240508;100757;231.94;10;10314841366;B
20240508;100800;231.87;60;10314841794;S
20240508;100800;231.86;140;10314841795;S
20240508;100802;231.94;10;10314842079;B
20240508;100803;231.87;10;10314842198;S
20240508;100804;231.87;50;10314842271;S
20240508;100804;231.87;50;10314842272;S
20240508;100804;231.94;10;10314842312;B
20240508;100807;231.86;60;10314842578;S
20240508;100808;231.94;50;10314842719;B
20240508;100813;231.93;20;10314843752;B
20240508;100814;231.93;10;10314843913;B
20240508;100817;231.87;60;10314844422;S
20240508;100817;231.86;60;10314844423;S
20240508;100817;231.86;10;10314844424;S
20240508;100817;231.86;10;10314844425;S
20240508;100817;231.86;10;10314844426;S
20240508;100817;231.86;10;10314844427;S
20240508;100817;231.84;40;10314844428;S
20240508;100818;231.84;60;10314844446;S
20240508;100818;231.92;20;10314844553;B
20240508;100825;231.93;10;10314845564;B
20240508;100825;231.93;10;10314845637;B
20240508;100825;231.93;60;10314845638;B
20240508;100825;231.94;20;10314845639;B
20240508;100825;231.94;20;10314845640;B
20240508;100825;231.95;700;10314845641;B
20240508;100826;231.95;20;10314845666;B
20240508;100827;231.95;30;10314845865;B
20240508;100829;231.91;60;10314846179;S
20240508;100829;231.9;120;10314846180;S
20240508;100830;231.95;10;10314846446;B
20240508;100832;231.9;50;10314846916;S
20240508;100832;231.89;60;10314846917;S
20240508;100832;231.88;50;10314846918;S
20240508;100832;231.87;60;10314846919;S
20240508;100832;231.87;10;10314846920;S
20240508;100832;231.87;310;10314846921;S
20240508;100832;231.86;110;10314846922;S
20240508;100833;231.95;10;10314847081;B
20240508;100835;231.95;10;10314847373;B
20240508;100836;231.95;5970;10314847421;B
20240508;100836;231.95;10;10314847422;B
20240508;100836;231.95;40;10314847423;B
20240508;100840;231.91;60;10314847840;S
20240508;100840;231.9;170;10314847841;S
20240508;100840;231.89;20;10314847842;S
20240508;100840;231.87;60;10314847843;S
20240508;100840;231.85;160;10314847844;S
20240508;100840;231.84;50;10314847845;S
20240508;100840;231.84;820;10314847846;S
20240508;100849;231.95;10;10314849324;B
20240508;100855;231.95;10;10314849953;B
20240508;100856;231.9;20;10314850042;S
20240508;100856;231.9;2000;10314850043;S
20240508;100856;231.9;170;10314850044;S
20240508;100856;231.9;60;10314850045;S
20240508;100856;231.83;50;10314850046;S
20240508;100856;231.83;20;10314850047;S
20240508;100856;231.83;60;10314850048;S
20240508;100856;231.83;80;10314850049;S
20240508;100856;231.82;1290;10314850050;S
20240508;100902;231.83;60;10314850881;S
20240508;100902;231.82;270;10314850882;S
20240508;100902;231.82;100;10314850883;S
20240508;100902;231.82;320;10314850884;S
20240508;100902;231.82;20;10314850892;S
20240508;100912;231.9;110;10314852340;B
20240508;100913;231.83;30;10314852394;S
20240508;100916;231.9;60;10314852856;B
20240508;100918;231.9;20;10314853039;S
20240508;100919;231.9;40;10314853190;S
20240508;100923;231.92;10;10314853592;B
20240508;100924;231.9;20;10314853773;S
20240508;100924;231.9;10;10314853831;S
20240508;100926;231.92;30;10314854044;B
20240508;100928;231.92;10;10314854547;B
20240508;100931;231.93;60;10314855089;B
20240508;100931;231.93;40;10314855090;B
20240508;100933;231.9;250;10314855686;S
20240508;100933;231.9;60;10314855687;S
20240508;100933;231.9;40;10314855688;S
20240508;100933;231.86;60;10314855689;S
20240508;100933;231.84;40;10314855690;S
20240508;100933;231.84;10;10314855691;S
20240508;100933;231.84;20;10314855692;S
20240508;100933;231.83;10;10314855693;S
20240508;100933;231.83;190;10314855694;S
20240508;100933;231.82;860;10314855695;S
20240508;100933;231.82;4000;10314855696;S
20240508;100933;231.81;50;10314855697;S
20240508;100933;231.81;1300;10314855698;S
20240508;100933;231.81;10;10314855699;S
20240508;100933;231.81;170;10314855700;S
20240508;100933;231.8;270;10314855701;S
20240508;100933;231.8;160;10314855702;S
20240508;100935;231.86;260;10314856081;S
20240508;100935;231.85;60;10314856082;S
20240508;100935;231.82;20;10314856083;S
20240508;100935;231.81;850;10314856084;S
20240508;100935;231.8;340;10314856085;S
20240508;100937;231.8;250;10314856593;S
20240508;100939;231.88;10;10314856815;B
20240508;100941;231.88;100;10314857165;B
20240508;100942;231.88;20;10314857328;B
20240508;100945;231.89;20;10314857819;B
20240508;100945;231.9;40;10314857820;B
20240508;100946;231.81;50;10314857825;S
20240508;100946;231.81;30;10314857826;S
20240508;100950;231.9;10;10314858661;B
20240508;100955;231.91;50;10314859567;B
20240508;100956;231.94;20;10314859642;B
20240508;100956;231.94;60;10314859643;B
20240508;100956;231.95;270;10314859644;B
20240508;100956;231.95;150;10314859645;B
20240508;100957;231.9;30;10314859831;S
20240508;100957;231.9;30;10314859832;S
20240508;100957;231.9;60;10314859833;S
20240508;101001;231.94;20;10314860839;B
20240508;101002;231.94;110;10314860958;B
20240508;101002;231.95;10;10314861045;B
20240508;101008;231.95;10;10314861868;B
20240508;101008;231.9;30;10314861869;S
20240508;101008;231.95;200;10314861894;B
20240508;101008;231.95;80;10314861906;B
20240508;101008;231.95;3920;10314861907;B
20240508;101011;231.95;10;10314862534;B
20240508;101013;231.92;30;10314862764;S
20240508;101013;231.95;10;10314862771;B
20240508;101015;231.95;250;10314863084;B
20240508;101016;231.95;10;10314863270;B
20240508;101017;231.95;10;10314863505;B
20240508;101019;231.92;60;10314863624;S
20240508;101019;231.92;500;10314863625;S
20240508;101019;231.92;10;10314863626;S
20240508;101019;231.92;10;10314863627;S
20240508;101019;231.91;170;10314863628;S
20240508;101019;231.9;20;10314863629;S
20240508;101019;231.9;10;10314863630;S
20240508;101019;231.9;10;10314863631;S
20240508;101019;231.9;10;10314863632;S
20240508;101019;231.9;20;10314863633;S
20240508;101019;231.9;10;10314863634;S
20240508;101019;231.9;10;10314863635;S
20240508;101019;231.9;70;10314863636;S
20240508;101025;231.92;10;10314864604;S
20240508;101025;231.92;30;10314864605;S
20240508;101029;231.94;70;10314865440;B
20240508;101030;231.9;20;10314865449;S
20240508;101031;231.9;220;10314865735;S
20240508;101031;231.9;80;10314865736;S
20240508;101034;231.94;500;10314866066;B
20240508;101039;231.91;10;10314866843;S
20240508;101039;231.92;10;10314866846;B
20240508;101041;231.91;20;10314866952;S
20240508;101041;231.91;20;10314866953;S
20240508;101041;231.9;120;10314866954;S
20240508;101041;231.9;10;10314867014;S
20240508;101043;231.92;140;10314867212;B
20240508;101043;231.92;60;10314867213;B
20240508;101046;231.93;20;10314867816;B
20240508;101046;231.94;90;10314867856;B
20240508;101046;231.94;10;10314867857;B
20240508;101046;231.95;400;10314867858;B
20240508;101047;231.94;50;10314867945;B
20240508;101049;231.93;50;10314868212;B
20240508;101052;231.91;10;10314868614;S
20240508;101052;231.9;160;10314868615;S
20240508;101054;231.9;170;10314868895;S
20240508;101054;231.9;20;10314868896;S
20240508;101054;231.87;50;10314868897;S
20240508;101054;231.87;10;10314868898;S
20240508;101056;231.88;100;10314869305;B
20240508;101103;231.81;10;10314870427;S
20240508;101103;231.8;60;10314870428;S
20240508;101104;231.87;170;10314870673;B
20240508;101104;231.87;60;10314870674;B
20240508;101104;231.88;770;10314870675;S
20240508;101106;231.87;20;10314870913;B
20240508;101114;231.8;190;10314871902;S
20240508;101114;231.8;10;10314871903;S
20240508;101119;231.8;30;10314872441;S
20240508;101119;231.8;150;10314872442;S
20240508;101119;231.8;10;10314872443;S
20240508;101119;231.8;1000;10314872444;S
20240508;101119;231.8;20;10314872445;S
20240508;101119;231.79;770;10314872446;S
20240508;101119;231.78;60;10314872447;S
20240508;101119;231.77;10;10314872448;S
20240508;101119;231.76;20;10314872449;S
20240508;101119;231.75;100;10314872450;S
20240508;101119;231.75;150;10314872451;S
20240508;101119;231.73;260;10314872452;S
20240508;101119;231.72;20;10314872453;S
20240508;101119;231.72;60;10314872454;S
20240508;101119;231.72;170;10314872455;S
20240508;101119;231.71;50;10314872456;S
20240508;101119;231.7;100;10314872457;S
20240508;101119;231.7;100;10314872458;S
20240508;101119;231.7;10;10314872459;S
20240508;101119;231.7;50;10314872460;S
20240508;101119;231.7;20;10314872461;S
20240508;101119;231.7;1000;10314872462;S
20240508;101119;231.69;530;10314872463;S
20240508;101119;231.76;100;10314872465;B
20240508;101119;231.76;20;10314872523;B
20240508;101119;231.76;50;10314872527;B
20240508;101119;231.76;60;10314872528;B
20240508;101119;231.77;60;10314872529;B
20240508;101119;231.79;80;10314872530;B
20240508;101119;231.79;400;10314872531;B
20240508;101119;231.83;300;10314872532;B
20240508;101119;231.84;1560;10314872533;B
20240508;101119;231.86;1560;10314872534;B
20240508;101119;231.86;520;10314872535;B
20240508;101119;231.87;380;10314872536;B
20240508;101119;231.87;2140;10314872537;S
20240508;101119;231.87;960;10314872538;S
20240508;101119;231.87;1930;10314872539;S
20240508;101120;231.86;100;10314872544;B
20240508;101120;231.72;80;10314872558;S
20240508;101120;231.72;80;10314872559;S
20240508;101120;231.71;60;10314872560;S
20240508;101120;231.7;1560;10314872561;S
20240508;101120;231.69;110;10314872562;S
20240508;101120;231.69;20;10314872563;S
20240508;101120;231.68;200;10314872564;S
20240508;101120;231.67;40;10314872565;S
20240508;101120;231.66;1560;10314872566;S
20240508;101120;231.66;290;10314872567;S
20240508;101120;231.65;10;10314872569;S
20240508;101120;231.74;90;10314872642;B
20240508;101120;231.76;60;10314872643;B
20240508;101120;231.77;170;10314872644;B
20240508;101120;231.8;50;10314872645;B
20240508;101121;231.79;70;10314872701;B
20240508;101121;231.8;120;10314872702;B
20240508;101121;231.81;10;10314872703;B
20240508;101121;231.83;10;10314872715;B
20240508;101122;231.8;10;10314872856;B
20240508;101122;231.84;150;10314872857;B
20240508;101122;231.85;280;10314872858;B
20240508;101123;231.85;50;10314872933;B
20240508;101125;231.77;10;10314873122;S
20240508;101125;231.77;20;10314873123;S
20240508;101125;231.76;110;10314873124;S
20240508;101125;231.75;60;10314873125;S
20240508;101125;231.74;170;10314873126;S
20240508;101125;231.73;20;10314873127;S
20240508;101125;231.73;50;10314873128;S
20240508;101125;231.7;20;10314873129;S
20240508;101125;231.68;80;10314873130;S
20240508;101125;231.68;10;10314873131;S
20240508;101125;231.66;10;10314873132;S
20240508;101125;231.66;230;10314873133;S
20240508;101125;231.66;330;10314873134;S
20240508;101125;231.65;660;10314873135;S
20240508;101125;231.64;300;10314873136;S
20240508;101125;231.64;20;10314873137;S
20240508;101125;231.64;500;10314873138;S
20240508;101125;231.64;50;10314873139;S
20240508;101125;231.64;1350;10314873140;S
20240508;101125;231.75;60;10314873238;B
20240508;101129;231.74;10;10314873767;B
20240508;101130;231.74;10;10314873836;B
20240508;101132;231.73;110;10314874103;B
20240508;101136;231.72;40;10314874469;S
20240508;101140;231.74;10;10314875275;B
20240508;101140;231.75;50;10314875276;B
20240508;101140;231.76;40;10314875277;B
20240508;101141;231.73;10;10314875465;B
20240508;101142;231.72;20;10314875489;S
20240508;101144;231.72;10;10314875942;S
20240508;101144;231.72;90;10314875943;S
20240508;101144;231.72;10;10314875944;S
20240508;101145;231.73;30;10314876139;B
20240508;101145;231.71;270;10314876277;S
20240508;101145;231.67;50;10314876278;S
20240508;101145;231.65;60;10314876279;S
20240508;101145;231.64;300;10314876280;S
20240508;101145;231.63;10;10314876281;S
20240508;101145;231.62;20;10314876282;S
20240508;101145;231.62;50;10314876283;S
20240508;101146;231.7;150;10314876377;S
20240508;101146;231.7;150;10314876378;S
20240508;101147;231.62;270;10314876408;S
20240508;101148;231.7;20;10314876559;B
20240508;101154;231.63;30;10314877549;S
20240508;101154;231.63;10;10314877550;S
20240508;101154;231.62;60;10314877551;S
20240508;101154;231.62;20;10314877552;S
20240508;101154;231.62;10;10314877553;S
20240508;101154;231.61;1170;10314877554;S
20240508;101157;231.7;10;10314878105;B
20240508;101158;231.65;260;10314878114;S
20240508;101203;231.71;20;10314878791;B
20240508;101203;231.72;50;10314878792;B
20240508;101203;231.72;170;10314878793;B
20240508;101203;231.73;20;10314878794;B
20240508;101203;231.73;100;10314878795;B
20240508;101203;231.73;60;10314878796;B
20240508;101203;231.76;130;10314878797;B
20240508;101203;231.75;10;10314878814;B
20240508;101203;231.66;70;10314878863;S
20240508;101204;231.75;10;10314878899;B
20240508;101206;231.75;50;10314879411;B
20240508;101206;231.76;100;10314879412;B
20240508;101209;231.7;160;10314879777;S
20240508;101209;231.7;240;10314879853;S
20240508;101211;231.7;10;10314879995;S
20240508;101211;231.75;50;10314880075;B
20240508;101211;231.76;50;10314880076;B
20240508;101214;231.7;490;10314880374;S
20240508;101214;231.67;10;10314880375;S
20240508;101220;231.71;50;10314881018;S
20240508;101220;231.67;50;10314881019;S
20240508;101220;231.66;30;10314881020;S
20240508;101220;231.65;40;10314881021;S
20240508;101224;231.7;100;10314881915;S
20240508;101225;231.71;50;10314881946;B
20240508;101225;231.72;10;10314881947;B
20240508;101226;231.7;100;10314882158;S
20240508;101230;231.72;10;10314882557;B
20240508;101231;231.7;50;10314882562;S
20240508;101231;231.72;20;10314882588;B
20240508;101233;231.72;730;10314882742;B
20240508;101233;231.73;50;10314882743;B
20240508;101236;231.75;10;10314883072;B
20240508;101238;231.75;10;10314883279;B
20240508;101241;231.75;10;10314883593;B
20240508;101241;231.74;30;10314883596;S
20240508;101242;231.74;180;10314883661;S
20240508;101242;231.75;140;10314883754;B
20240508;101242;231.76;10;10314883755;B
20240508;101242;231.76;50;10314883756;B
20240508;101242;231.76;360;10314883757;B
20240508;101242;231.81;10;10314883758;B
20240508;101242;231.82;10;10314883759;B
20240508;101242;231.82;10;10314883760;B
20240508;101242;231.82;710;10314883761;B
20240508;101243;231.75;170;10314883790;S
20240508;101243;231.75;170;10314883791;S
20240508;101243;231.74;10;10314883792;S
20240508;101243;231.73;70;10314883793;S
20240508;101243;231.73;10;10314883794;S
20240508;101243;231.73;50;10314883795;S
20240508;101243;231.72;1520;10314883796;S
20240508;101244;231.8;10;10314883961;B
20240508;101245;231.8;60;10314884029;B
20240508;101245;231.8;50;10314884030;B
20240508;101245;231.81;170;10314884031;B
20240508;101245;231.81;100;10314884032;B
20240508;101245;231.83;40;10314884033;B
20240508;101246;231.75;10;10314884147;B
20240508;101246;231.83;20;10314884148;B
20240508;101249;231.73;20;10314884376;S
20240508;101252;231.82;10;10314884639;B
20240508;101252;231.82;50;10314884640;B
20240508;101252;231.84;150;10314884641;B
20240508;101253;231.73;50;10314884668;S
20240508;101253;231.73;90;10314884669;S
20240508;101253;231.72;650;10314884670;S
20240508;101254;231.79;50;10314884861;B
20240508;101255;231.73;30;10314884986;B
20240508;101255;231.78;50;10314884987;B
20240508;101255;231.79;120;10314884988;B
20240508;101255;231.81;70;10314884989;B
20240508;101255;231.82;100;10314884990;B
20240508;101255;231.83;130;10314884991;B
20240508;101256;231.8;170;10314885085;S
20240508;101256;231.8;140;10314885086;S
20240508;101256;231.8;40;10314885087;S
20240508;101258;231.8;50;10314885383;B
20240508;101258;231.82;170;10314885384;B
20240508;101258;231.82;10;10314885385;S
20240508;101258;231.82;270;10314885386;S
20240508;101304;231.73;50;10314885987;S
20240508;101304;231.73;90;10314885988;S
20240508;101304;231.72;140;10314885989;S
20240508;101306;231.79;10;10314886324;B
20240508;101307;231.72;190;10314886404;S
20240508;101307;231.72;130;10314886405;S
20240508;101307;231.69;50;10314886406;S
20240508;101307;231.67;20;10314886407;S
20240508;101307;231.65;70;10314886408;S
20240508;101307;231.65;20;10314886409;S
20240508;101307;231.64;190;10314886410;S
20240508;101307;231.63;50;10314886411;S
20240508;101307;231.63;170;10314886412;S
20240508;101307;231.62;110;10314886413;S
20240508;101315;231.64;10;10314887342;S
20240508;101315;231.64;10;10314887343;S
20240508;101315;231.63;10;10314887344;S
20240508;101315;231.62;60;10314887345;S
20240508;101315;231.62;50;10314887346;S
20240508;101315;231.62;50;10314887347;S
20240508;101315;231.61;20;10314887348;S
20240508;101319;231.68;10;10314888018;B
20240508;101319;231.68;10;10314888024;B
20240508;101319;231.69;70;10314888025;B
20240508;101319;231.7;20;10314888026;B
20240508;101321;231.71;10;10314888389;B
20240508;101326;231.64;10;10314888928;S
20240508;101326;231.64;10;10314888929;S
20240508;101327;231.71;80;10314889130;B
20240508;101327;231.72;770;10314889131;B
20240508;101327;231.72;50;10314889132;B
20240508;101327;231.75;170;10314889133;B
20240508;101327;231.76;400;10314889134;B
20240508;101327;231.8;50;10314889135;B
20240508;101327;231.81;1560;10314889136;B
20240508;101327;231.84;660;10314889137;B
20240508;101327;231.87;760;10314889138;B
20240508;101334;231.71;130;10314889895;B
20240508;101336;231.79;50;10314890123;B
20240508;101336;231.8;400;10314890124;B
20240508;101336;231.84;20;10314890125;B
20240508;101336;231.85;110;10314890126;B
20240508;101336;231.85;800;10314890127;B
20240508;101336;231.86;750;10314890128;B
20240508;101337;231.77;170;10314890202;S
20240508;101337;231.76;60;10314890203;S
20240508;101337;231.76;50;10314890204;S
20240508;101337;231.72;60;10314890205;S
20240508;101337;231.71;130;10314890206;S
20240508;101337;231.65;880;10314890207;S
20240508;101340;231.71;10;10314890947;S
20240508;101341;231.7;10;10314891091;S
20240508;101341;231.66;30;10314891092;S
20240508;101341;231.65;50;10314891093;S
20240508;101341;231.65;200;10314891094;S
20240508;101342;231.69;10;10314891154;B
20240508;101344;231.72;20;10314891551;B
20240508;101347;231.72;10;10314891850;B
20240508;101348;231.65;20;10314891899;S
20240508;101348;231.64;50;10314891900;S
20240508;101349;231.64;100;10314892149;S
20240508;101351;231.7;10;10314892433;B
20240508;101359;231.66;20;10314893558;S
20240508;101407;231.75;10;10314894558;B
20240508;101409;231.75;10;10314894765;B
20240508;101410;231.7;10;10314894781;S
20240508;101416;231.75;10;10314895518;B
20240508;101432;231.74;10;10314897355;B
20240508;101435;231.74;10;10314897688;B
20240508;101439;231.7;150;10314898215;S
20240508;101439;231.7;50;10314898216;S
20240508;101439;231.7;10;10314898217;S
20240508;101439;231.7;500;10314898218;S
20240508;101439;231.67;30;10314898219;S
20240508;101439;231.66;480;10314898220;S
20240508;101439;231.64;200;10314898221;S
20240508;101439;231.63;340;10314898222;S
20240508;101439;231.63;60;10314898223;S
20240508;101439;231.63;20;10314898224;S
20240508;101439;231.62;480;10314898225;S
20240508;101439;231.62;620;10314898226;S
20240508;101440;231.63;10;10314898286;S
20240508;101440;231.69;10;10314898321;B
20240508;101442;231.69;200;10314898488;B
20240508;101443;231.63;160;10314898596;S
20240508;101443;231.63;120;10314898597;S
20240508;101443;231.63;50;10314898598;S
20240508;101443;231.62;300;10314898599;S
20240508;101445;231.68;520;10314898873;B
20240508;101445;231.69;170;10314898874;B
20240508;101445;231.69;50;10314898875;B
20240508;101445;231.7;200;10314898876;B
20240508;101445;231.7;60;10314898877;B
20240508;101445;231.71;80;10314898878;B
20240508;101445;231.74;230;10314898879;B
20240508;101445;231.74;690;10314898880;B
20240508;101446;231.63;50;10314899016;S
20240508;101447;231.63;80;10314899110;S
20240508;101447;231.63;80;10314899111;S
20240508;101447;231.62;640;10314899112;S
20240508;101447;231.62;170;10314899113;S
20240508;101447;231.62;690;10314899114;S
20240508;101447;231.62;60;10314899115;S
20240508;101447;231.62;280;10314899116;S
20240508;101454;231.62;240;10314899923;S
20240508;101454;231.62;50;10314899924;S
20240508;101454;231.62;40;10314899925;S
20240508;101454;231.61;480;10314899926;S
20240508;101456;231.63;10;10314900106;S
20240508;101456;231.62;750;10314900107;S
20240508;101456;231.61;330;10314900108;S
20240508;101456;231.61;500;10314900109;S
20240508;101456;231.61;10;10314900110;S
20240508;101456;231.61;50;10314900111;S
20240508;101456;231.61;10;10314900112;S
20240508;101458;231.69;10;10314900312;B
20240508;101501;231.65;20;10314900766;S
20240508;101501;231.62;50;10314900767;S
20240508;101501;231.62;20;10314900768;S
20240508;101501;231.61;60;10314900769;S
20240508;101502;231.69;160;10314900849;B
20240508;101502;231.7;60;10314900850;B
20240508;101502;231.7;50;10314900851;B
20240508;101502;231.71;80;10314900852;B
20240508;101502;231.74;250;10314900853;B
20240508;101502;231.71;10;10314901009;B
20240508;101505;231.65;50;10314901264;S
20240508;101505;231.64;10;10314901265;S
20240508;101505;231.64;50;10314901266;S
20240508;101505;231.63;380;10314901267;S
20240508;101505;231.62;80;10314901316;S
20240508;101505;231.62;20;10314901317;S
20240508;101505;231.62;50;10314901318;S
20240508;101505;231.61;550;10314901319;S
20240508;101506;231.61;20;10314901667;S
20240508;101512;231.64;10;10314902677;B
20240508;101513;231.64;130;10314902857;B
20240508;101514;231.64;50;10314902968;B
20240508;101514;231.63;10;10314903069;S
20240508;101515;231.64;40;10314903133;B
20240508;101515;231.62;10;10314903250;S
20240508;101516;231.62;10;10314903340;S
20240508;101516;231.62;10;10314903341;S
20240508;101516;231.61;60;10314903342;S
20240508;101516;231.61;110;10314903343;S
20240508;101518;231.62;10;10314904131;S
20240508;101518;231.64;10;10314904180;B
20240508;101520;231.62;50;10314904461;S
20240508;101523;231.62;50;10314905042;S
20240508;101523;231.62;10;10314905043;S
20240508;101523;231.61;210;10314905044;S
20240508;101526;231.62;10;10314905566;S
20240508;101527;231.61;70;10314905647;S
20240508;101527;231.64;10;10314905839;B
20240508;101528;231.64;200;10314905917;B
20240508;101528;231.65;50;10314905918;B
20240508;101530;231.65;10;10314906251;B
20240508;101533;231.65;20;10314906859;B
20240508;101534;231.65;270;10314906966;B
20240508;101534;231.65;10;10314906969;B
20240508;101535;231.65;10;10314907223;B
20240508;101535;231.62;50;10314907232;S
20240508;101535;231.61;40;10314907233;S
20240508;101538;231.62;10;10314907735;S
20240508;101538;231.62;50;10314907736;S
20240508;101538;231.61;80;10314907737;S
20240508;101540;231.61;10;10314908169;S
20240508;101540;231.61;10;10314908215;S
20240508;101541;231.61;10;10314908330;S
20240508;101541;231.61;70;10314908397;S
20240508;101542;231.61;10;10314908743;S
20240508;101543;231.61;3000;10314909006;S
20240508;101545;231.61;10;10314909473;S
20240508;101547;231.61;10;10314909753;S
20240508;101547;231.61;320;10314909793;S
20240508;101547;231.62;10;10314909798;B
20240508;101548;231.61;10;10314909963;S
20240508;101549;231.61;690;10314910124;S
20240508;101549;231.61;10;10314910136;S
20240508;101550;231.61;10;10314910333;S
20240508;101550;231.62;20;10314910441;B
20240508;101550;231.61;70;10314910448;S
20240508;101551;231.61;10;10314910599;S
20240508;101551;231.61;100;10314910603;S
20240508;101551;231.61;10;10314910604;S
20240508;101551;231.61;30;10314910605;S
20240508;101551;231.61;100;10314910606;S
20240508;101551;231.6;100;10314910607;S
20240508;101551;231.6;80;10314910608;S
20240508;101552;231.62;10;10314910824;B
20240508;101554;231.61;10;10314911104;B
20240508;101554;231.61;50;10314911105;B
20240508;101554;231.62;300;10314911106;B
20240508;101554;231.63;50;10314911107;B
20240508;101554;231.64;10;10314911108;B
20240508;101554;231.65;150;10314911109;B
20240508;101554;231.65;580;10314911110;B
20240508;101558;231.65;10;10314911602;B
20240508;101600;231.61;50;10314911871;S
20240508;101600;231.6;50;10314911872;S
20240508;101606;231.62;10;10314912821;S
20240508;101608;231.62;10;10314913192;B
20240508;101612;231.64;20;10314913852;B
20240508;101617;231.64;10;10314914652;B
20240508;101618;231.64;10;10314914693;B
20240508;101621;231.64;10;10314915312;B
20240508;101621;231.65;10;10314915313;B
20240508;101624;231.65;100;10314916010;B
20240508;101624;231.65;50;10314916011;B
20240508;101630;231.64;10;10314916856;S
20240508;101630;231.64;170;10314916857;S
20240508;101630;231.64;60;10314916858;S
20240508;101631;231.6;20;10314916933;S
20240508;101631;231.62;10;10314916961;B
20240508;101631;231.62;10;10314916966;B
20240508;101631;231.62;10;10314916971;B
20240508;101631;231.62;20;10314916994;B
20240508;101632;231.62;10;10314917093;B
20240508;101632;231.62;10;10314917104;B
20240508;101635;231.62;30;10314917506;B
20240508;101636;231.61;60;10314917567;S
20240508;101636;231.61;10;10314917581;B
20240508;101636;231.6;10;10314917602;S
20240508;101637;231.6;1000;10314917671;S
20240508;101637;231.61;20;10314917693;B
20240508;101637;231.61;10;10314917694;B
20240508;101637;231.61;20;10314917697;B
20240508;101637;231.61;30;10314917708;B
20240508;101637;231.61;10;10314917710;B
20240508;101637;231.61;10;10314917797;B
20240508;101639;231.61;10;10314918055;B
20240508;101639;231.6;10;10314918072;S
20240508;101639;231.61;380;10314918082;B
20240508;101639;231.61;10;10314918117;B
20240508;101639;231.61;1250;10314918134;B
20240508;101640;231.6;10;10314918149;S
20240508;101640;231.61;10;10314918155;B
20240508;101640;231.6;1320;10314918218;S
20240508;101640;231.6;20;10314918219;S
20240508;101640;231.6;20;10314918220;S
20240508;101640;231.6;10;10314918221;S
20240508;101640;231.6;10;10314918222;S
20240508;101640;231.6;120;10314918223;S
20240508;101640;231.6;100;10314918224;S
20240508;101640;231.6;10;10314918225;S
20240508;101640;231.6;50;10314918226;S
20240508;101640;231.6;10;10314918227;S
20240508;101640;231.6;200;10314918228;S
20240508;101640;231.6;10;10314918229;S
20240508;101640;231.6;500;10314918230;S
20240508;101640;231.6;10;10314918231;S
20240508;101640;231.6;10;10314918232;S
20240508;101640;231.6;10;10314918233;S
20240508;101640;231.6;1000;10314918234;S
20240508;101640;231.6;50;10314918235;S
20240508;101640;231.6;1000;10314918236;S
20240508;101640;231.6;10;10314918237;S
20240508;101640;231.59;200;10314918238;S
20240508;101640;231.59;20;10314918239;S
20240508;101640;231.59;40;10314918240;S
20240508;101640;231.59;770;10314918241;S
20240508;101640;231.59;60;10314918242;S
20240508;101640;231.59;170;10314918243;S
20240508;101640;231.57;10;10314918244;S
20240508;101640;231.55;1450;10314918245;S
20240508;101640;231.54;1000;10314918246;S
20240508;101640;231.54;250;10314918247;S
20240508;101640;231.54;50;10314918248;S
20240508;101640;231.54;100;10314918249;S
20240508;101640;231.53;20;10314918250;S
20240508;101640;231.53;20;10314918251;S
20240508;101640;231.52;20;10314918252;S
20240508;101640;231.52;100;10314918253;S
20240508;101640;231.51;1250;10314918254;S
20240508;101641;231.59;100;10314918362;B
20240508;101641;231.52;770;10314918384;S
20240508;101641;231.51;750;10314918385;S
20240508;101641;231.51;20;10314918386;S
20240508;101641;231.51;50;10314918387;S
20240508;101641;231.5;100;10314918388;S
20240508;101641;231.5;10;10314918389;S
20240508;101641;231.5;10;10314918390;S
20240508;101641;231.5;50;10314918391;S
20240508;101641;231.5;10;10314918392;S
20240508;101641;231.5;10;10314918393;S
20240508;101641;231.5;100;10314918394;S
20240508;101641;231.5;300;10314918395;S
20240508;101641;231.5;20;10314918396;S
20240508;101641;231.5;10;10314918397;S
20240508;101641;231.5;10;10314918398;S
20240508;101641;231.5;40;10314918399;S
20240508;101641;231.5;10;10314918400;S
20240508;101641;231.5;40;10314918401;S
20240508;101641;231.5;10;10314918402;S
20240508;101641;231.5;370;10314918403;S
20240508;101641;231.51;10;10314918414;S
20240508;101642;231.51;10;10314918611;S
20240508;101643;231.57;70;10314918793;B
20240508;101643;231.57;170;10314918794;B
20240508;101643;231.58;740;10314918795;B
20240508;101643;231.6;60;10314918796;B
20240508;101643;231.6;60;10314918797;B
20240508;101643;231.6;240;10314918798;S
20240508;101643;231.6;110;10314918799;S
20240508;101643;231.6;250;10314918800;S
20240508;101646;231.6;10;10314919266;B
20240508;101646;231.6;60;10314919324;B
20240508;101647;231.6;10;10314919530;B
20240508;101649;231.6;60;10314919730;B
20240508;101652;231.61;10;10314920054;B
20240508;101652;231.54;90;10314920090;S
20240508;101655;231.6;20;10314920507;B
20240508;101655;231.6;10;10314920566;B
20240508;101656;231.6;10;10314920645;B
20240508;101700;231.59;10;10314921316;B
20240508;101701;231.54;10;10314921433;S
20240508;101702;231.59;10;10314921697;B
20240508;101705;231.59;10;10314922062;B
20240508;101706;231.57;20;10314922457;B
20240508;101709;231.59;20;10314923110;B
20240508;101709;231.59;30;10314923135;B
20240508;101710;231.59;40;10314923248;B
20240508;101713;231.58;10;10314923644;S
20240508;101714;231.6;50;10314923784;B
20240508;101714;231.6;10;10314923803;B
20240508;101715;231.6;20;10314923917;B
20240508;101715;231.6;10;10314923961;B
20240508;101716;231.58;20;10314924030;S
20240508;101716;231.58;10;10314924043;S
20240508;101716;231.6;10;10314924161;B
20240508;101718;231.58;10;10314924336;S
20240508;101718;231.6;10;10314924411;B
20240508;101719;231.58;20;10314924431;S
20240508;101720;231.6;40;10314924510;B
20240508;101721;231.59;10;10314924620;S
20240508;101721;231.6;70;10314924674;B
20240508;101723;231.6;10;10314924930;B
20240508;101723;231.6;310;10314924950;B
20240508;101723;231.6;10;10314924988;B
20240508;101724;231.59;10;10314925129;S
20240508;101725;231.6;10;10314925268;B
20240508;101725;231.6;10;10314925300;B
20240508;101725;231.6;10;10314925366;B
20240508;101726;231.6;10;10314925431;B
20240508;101726;231.6;100;10314925438;B
20240508;101726;231.6;80;10314925439;B
20240508;101726;231.6;10;10314925440;B
20240508;101727;231.6;10;10314925587;B
20240508;101728;231.6;10;10314925616;B
20240508;101728;231.61;10;10314925635;B
20240508;101728;231.6;20;10314925678;S
20240508;101729;231.6;50;10314925722;S
20240508;101729;231.61;40;10314925823;B
20240508;101730;231.61;20;10314925907;B
20240508;101731;231.61;140;10314926041;B
20240508;101731;231.61;10;10314926094;B
20240508;101732;231.61;10;10314926162;B
20240508;101732;231.61;10;10314926227;B
20240508;101734;231.61;260;10314926428;B
20240508;101735;231.61;10;10314926478;B
20240508;101735;231.61;10;10314926526;B
20240508;101736;231.61;20;10314926579;B
20240508;101737;231.61;10;10314926670;B
20240508;101737;231.61;10;10314926685;B
20240508;101737;231.61;10;10314926762;B
20240508;101737;231.61;10;10314926790;B
20240508;101737;231.61;100;10314926797;B
20240508;101738;231.61;60;10314926893;B
20240508;101739;231.61;10;10314926956;B
20240508;101739;231.61;10;10314927016;B
20240508;101740;231.61;10;10314927135;B
20240508;101741;231.61;10;10314927241;B
20240508;101741;231.61;10;10314927244;B
20240508;101743;231.61;50;10314927493;B
20240508;101743;231.61;350;10314927507;B
20240508;101743;231.6;70;10314927543;S
20240508;101743;231.6;70;10314927544;S
20240508;101743;231.6;100;10314927545;S
20240508;101743;231.6;60;10314927546;S
20240508;101744;231.61;20;10314927621;B
20240508;101745;231.61;20;10314927714;B
20240508;101746;231.6;120;10314927800;S
20240508;101747;231.61;10;10314927923;B
20240508;101748;231.61;70;10314928096;B
20240508;101752;231.6;30;10314928337;S
20240508;101753;231.61;40;10314928476;B
20240508;101755;231.61;80;10314928660;B
20240508;101802;231.61;50;10314929296;B
20240508;101802;231.61;10;10314929366;B
20240508;101803;231.61;10;10314929436;B
20240508;101804;231.61;50;10314929543;B
20240508;101805;231.6;10;10314929650;S
20240508;101806;231.61;70;10314929755;B
20240508;101807;231.61;50;10314929841;B
20240508;101809;231.61;10;10314930109;B
20240508;101811;231.61;10;10314930339;B
20240508;101815;231.6;10;10314930852;S
20240508;101815;231.6;60;10314930868;S
20240508;101817;231.6;40;10314931008;S
20240508;101817;231.61;10;10314931081;B
20240508;101817;231.61;20;10314931099;B
20240508;101817;231.61;20;10314931172;B
20240508;101818;231.61;20;10314931277;B
20240508;101818;231.61;20;10314931411;B
20240508;101819;231.61;500;10314931605;B
20240508;101822;231.61;10;10314931891;B
20240508;101827;231.61;10;10314932535;B
20240508;101827;231.61;850;10314932536;B
20240508;101829;231.62;400;10314932955;S
20240508;101831;231.63;120;10314933454;B
20240508;101833;231.63;3760;10314933767;B
20240508;101833;231.68;20;10314933768;B
20240508;101833;231.7;10;10314933770;B
20240508;101833;231.72;10;10314933771;B
20240508;101833;231.73;120;10314933772;B
20240508;101833;231.73;70;10314933773;B
20240508;101833;231.74;40;10314933774;B
20240508;101835;231.69;70;10314934337;S
20240508;101835;231.68;430;10314934338;S
20240508;101835;231.68;170;10314934339;S
20240508;101835;231.66;60;10314934340;S
20240508;101835;231.66;60;10314934341;S
20240508;101835;231.66;400;10314934342;S
20240508;101835;231.63;440;10314934343;S
20240508;101835;231.62;10;10314934344;S
20240508;101835;231.62;10;10314934345;S
20240508;101835;231.62;10;10314934346;S
20240508;101835;231.62;1290;10314934347;B
20240508;101835;231.72;60;10314934348;B
20240508;101836;231.73;60;10314934430;B
20240508;101836;231.74;70;10314934431;B
20240508;101836;231.75;120;10314934432;B
20240508;101836;231.67;60;10314934454;S
20240508;101836;231.67;40;10314934455;S
20240508;101837;231.75;300;10314934612;B
20240508;101839;231.68;10;10314934821;S
20240508;101846;231.75;240;10314935907;B
20240508;101847;231.75;70;10314935991;B
20240508;101849;231.75;40;10314936152;B
20240508;101849;231.75;180;10314936153;B
20240508;101849;231.75;20;10314936193;B
20240508;101852;231.75;10;10314936578;B
20240508;101853;231.75;20;10314936700;B
20240508;101853;231.75;100;10314936708;B
20240508;101855;231.74;10;10314936885;S
20240508;101855;231.74;70;10314936886;S
20240508;101855;231.74;10;10314936887;S
20240508;101855;231.74;10;10314936888;S
20240508;101900;231.74;20;10314937442;B
20240508;101900;231.75;210;10314937443;B
20240508;101901;231.75;10;10314937658;B
20240508;101901;231.75;10;10314937679;B
20240508;101902;231.75;10;10314937844;B
20240508;101903;231.74;10;10314937875;S
20240508;101905;231.75;30;10314938138;B
20240508;101905;231.77;70;10314938139;B
20240508;101905;231.77;10;10314938140;B
20240508;101905;231.78;140;10314938141;B
20240508;101905;231.74;10;10314938340;S
20240508;101905;231.74;70;10314938341;S
20240508;101908;231.74;500;10314938728;B
20240508;101911;231.73;10;10314939144;S
20240508;101911;231.74;60;10314939163;B
20240508;101912;231.74;10;10314939468;B
20240508;101913;231.74;10;10314939736;B
20240508;101914;231.74;40;10314939998;B
20240508;101915;231.74;10;10314940085;B
20240508;101915;231.74;100;10314940180;B
20240508;101916;231.74;10;10314940263;B
20240508;101916;231.74;50;10314940283;B
20240508;101918;231.74;20;10314940637;B
20240508;101921;231.74;10;10314940903;B
20240508;101922;231.74;100;10314941063;B
20240508;101922;231.77;20;10314941064;B
20240508;101927;231.78;10;10314941749;B
20240508;101930;231.78;140;10314942107;B
20240508;101930;231.79;70;10314942108;B
20240508;101930;231.84;30;10314942109;B
20240508;101935;231.8;270;10314943076;S
20240508;101935;231.8;70;10314943077;S
20240508;101935;231.77;60;10314943078;S
20240508;101935;231.77;60;10314943079;S
20240508;101935;231.76;40;10314943080;S
20240508;101937;231.74;10;10314943383;S
20240508;101937;231.74;10;10314943384;S
20240508;101937;231.74;10;10314943385;S
20240508;101940;231.85;10;10314943736;B
20240508;101940;231.76;10;10314943748;S
20240508;101940;231.75;170;10314943749;S
20240508;101940;231.74;100;10314943750;S
20240508;101940;231.74;250;10314943751;S
20240508;101940;231.73;1020;10314943752;S
20240508;101940;231.85;50;10314943764;B
20240508;101940;231.85;60;10314943765;B
20240508;101940;231.86;10;10314943766;B
20240508;101940;231.87;70;10314943767;B
20240508;101940;231.87;1560;10314943768;B
20240508;101940;231.88;290;10314943769;B
20240508;101940;231.89;500;10314943770;B
20240508;101940;231.89;10;10314943771;B
20240508;101940;231.91;450;10314943772;B
20240508;101941;231.82;70;10314943802;S
20240508;101953;231.81;60;10314945420;S
20240508;101953;231.8;10;10314945421;S
20240508;101953;231.79;170;10314945422;S
20240508;101953;231.78;60;10314945423;S
20240508;101953;231.77;310;10314945424;S
20240508;101954;231.86;60;10314945512;B
20240508;101954;231.87;170;10314945513;B
20240508;101954;231.88;60;10314945514;B
20240508;101954;231.89;120;10314945515;B
20240508;102000;231.88;10;10314946211;B
20240508;102001;231.9;10;10314946357;B
20240508;102001;231.91;40;10314946358;B
20240508;102005;231.89;70;10314946749;S
20240508;102005;231.88;20;10314946750;S
20240508;102006;231.91;10;10314946979;B
20240508;102006;231.9;50;10314946992;S
20240508;102007;231.92;20;10314947149;B
20240508;102007;231.92;10;10314947196;B
20240508;102007;231.92;20;10314947209;B
20240508;102007;231.91;70;10314947227;S
20240508;102007;231.91;120;10314947228;S
20240508;102007;231.9;180;10314947229;S
20240508;102007;231.87;10;10314947230;S
20240508;102007;231.87;130;10314947231;S
20240508;102007;231.87;170;10314947232;S
20240508;102008;231.85;10;10314947333;S
20240508;102008;231.85;10;10314947334;S
20240508;102008;231.85;30;10314947441;B
20240508;102010;231.85;70;10314947724;B
20240508;102010;231.87;60;10314947725;B
20240508;102011;231.87;10;10314947869;B
20240508;102011;231.87;10;10314947978;B
20240508;102012;231.87;10;10314948119;B
20240508;102014;231.86;110;10314948357;S
20240508;102015;231.87;10;10314948520;B
20240508;102017;231.86;10;10314948712;S
20240508;102021;231.87;90;10314950240;B
20240508;102024;231.86;10;10314951271;S
20240508;102025;231.86;850;10314951382;S
20240508;102026;231.87;10;10314951536;B
20240508;102026;231.87;10;10314951680;B
20240508;102030;231.87;50;10314954578;B
20240508;102033;231.87;160;10314954827;B
20240508;102034;231.87;10;10314954976;B
20240508;102034;231.87;80;10314954999;B
20240508;102037;231.86;20;10314956554;S
20240508;102037;231.86;10;10314956555;S
20240508;102037;231.85;20;10314956556;S
20240508;102037;231.85;170;10314956557;S
20240508;102037;231.84;270;10314956558;S
20240508;102037;231.87;10;10314956667;B
20240508;102042;231.87;20;10314957375;B
20240508;102042;231.87;10;10314957895;B
20240508;102043;231.87;10;10314959016;B
20240508;102049;231.87;10;10314960719;B
20240508;102051;231.85;40;10314960981;S
20240508;102053;231.85;500;10314961495;B
20240508;102057;231.85;110;10314962533;B
20240508;102107;231.85;10;10314965530;B
20240508;102108;231.85;130;10314966292;B
20240508;102108;231.85;10;10314966293;B
20240508;102109;231.85;360;10314966418;B
20240508;102110;231.87;10;10314966621;B
20240508;102110;231.85;10;10314966707;S
20240508;102111;231.87;10;10314966789;B
20240508;102111;231.87;10;10314966821;B
20240508;102112;231.87;10;10314967159;B
20240508;102112;231.91;60;10314967160;B
20240508;102112;231.92;110;10314967161;B
20240508;102112;231.94;30;10314967162;B
20240508;102115;231.95;10;10314967441;B
20240508;102118;231.95;10;10314969042;B
20240508;102126;231.95;10;10314971015;B
20240508;102128;231.95;10;10314972282;B
20240508;102129;231.95;10;10314972363;B
20240508;102129;231.95;40;10314972417;B
20240508;102130;231.95;10;10314972804;B
20240508;102130;231.97;10;10314972805;B
20240508;102133;231.97;290;10314973135;B
20240508;102133;231.97;60;10314973136;B
20240508;102133;231.98;50;10314973137;B
20240508;102133;231.99;40;10314973138;B
20240508;102133;231.99;100;10314973139;B
20240508;102133;232;10;10314973140;B
20240508;102133;232;570;10314973141;B
20240508;102133;232;150;10314973142;B
20240508;102133;232;10;10314973143;B
20240508;102133;232;100;10314973144;B
20240508;102133;232;10;10314973145;B
20240508;102133;232;50;10314973146;B
20240508;102133;232.1;50;10314973191;B
20240508;102133;232.1;610;10314973192;B
20240508;102134;232.1;40;10314973232;S
20240508;102134;232.1;10;10314973492;S
20240508;102134;232.12;30;10314973504;B
20240508;102137;232.13;10;10314973945;B
20240508;102138;232.12;10;10314973980;S
20240508;102141;232.14;30;10314975750;B
20240508;102144;232.14;20;10314976329;B
20240508;102146;232.13;10;10314976604;S
20240508;102146;232.12;100;10314976605;S
20240508;102146;232.14;10;10314976625;B
20240508;102146;232.12;10;10314976645;S
20240508;102147;232.12;60;10314976744;S
20240508;102151;232.12;60;10314978509;S
20240508;102151;232.12;60;10314978510;S
20240508;102151;232.1;10;10314978511;S
20240508;102151;232.1;10;10314978513;S
20240508;102152;232.14;10;10314978574;B
20240508;102155;232.14;20;10314979033;B
20240508;102158;232.14;30;10314979439;B
20240508;102200;232.12;10;10314979651;S
20240508;102200;232.11;60;10314979652;S
20240508;102200;232.1;270;10314979653;S
20240508;102200;232.09;170;10314979654;S
20240508;102200;232.06;30;10314979655;S
20240508;102200;232.05;60;10314979656;S
20240508;102200;232.04;40;10314979657;S
20240508;102202;232.13;10;10314980828;B
20240508;102204;232.04;20;10314981044;S
20240508;102204;232.04;60;10314981045;S
20240508;102204;232.03;30;10314981046;S
20240508;102204;232.03;150;10314981047;S
20240508;102212;232.12;20;10314984707;B
20240508;102212;232.13;20;10314984708;B
20240508;102213;232.13;10;10314984788;B
20240508;102218;232.03;10;10314986649;S
20240508;102219;232.03;10;10314987543;S
20240508;102223;232.04;10;10314989384;S
20240508;102223;232.04;10;10314989385;S
20240508;102223;232.03;60;10314989386;S
20240508;102223;232.03;10;10314989387;S
20240508;102223;232.03;10;10314989388;S
20240508;102223;232.03;50;10314989389;B
20240508;102223;232.02;10;10314989650;S
20240508;102224;232.02;10;10314989698;S
20240508;102224;232.02;10;10314989842;S
20240508;102224;232.02;20;10314989875;S
20240508;102226;232.01;10;10314990325;S
20240508;102226;232.01;10;10314990421;S
20240508;102227;232.01;10;10314990627;S
20240508;102230;232.03;10;10314992213;S
20240508;102232;232.02;10;10314993385;S
20240508;102232;232.08;10;10314993740;B
20240508;102233;232.08;30;10314993794;B
20240508;102235;232.02;10;10314994265;S
20240508;102238;232.01;10;10314995451;S
20240508;102238;232.07;10;10314995494;B
20240508;102238;232.08;30;10314995495;B
20240508;102238;232.08;60;10314995496;B
20240508;102238;232.08;60;10314995497;B
20240508;102238;232.09;10;10314995498;B
20240508;102238;232.09;10;10314995499;B
20240508;102238;232.09;10;10314995500;B
20240508;102238;232.09;10;10314995501;B
20240508;102238;232.1;60;10314995502;B
20240508;102238;232.12;520;10314995503;B
20240508;102238;232.13;170;10314995504;B
20240508;102238;232.14;50;10314995505;B
20240508;102242;232.13;60;10314997066;B
20240508;102242;232.14;270;10314997067;B
20240508;102242;232.17;10;10314997068;B
20240508;102242;232.17;310;10314997069;B
20240508;102242;232.18;50;10314997070;B
20240508;102242;232.19;300;10314997071;B
20240508;102242;232.2;60;10314997072;B
20240508;102242;232.12;50;10314997148;S
20240508;102242;232.12;10;10314997149;S
20240508;102245;232.12;10;10314998546;S
20240508;102248;232.12;10;10315000267;S
20240508;102249;232.12;10;10315000503;S
20240508;102249;232.12;10;10315000534;S
20240508;102250;232.12;10;10315000668;S
20240508;102254;232.2;10;10315003013;B
20240508;102254;232.13;10;10315003115;S
20240508;102255;232.2;10;10315003231;B
20240508;102255;232.2;10;10315003321;B
20240508;102256;232.1;10;10315003453;S
20240508;102256;232.09;10;10315003483;S
20240508;102256;232.09;10;10315003484;S
20240508;102301;232.09;10;10315004850;S
20240508;102301;232.12;10;10315005232;B
20240508;102301;232.09;10;10315005312;S
20240508;102302;232.09;10;10315005347;S
20240508;102302;232.11;10;10315005606;B
20240508;102304;232.03;10;10315007054;S
20240508;102306;232.11;10;10315008014;B
20240508;102306;232.12;40;10315008015;B
20240508;102307;232.09;10;10315008126;S
20240508;102307;232.03;50;10315008181;S
20240508;102308;232.01;10;10315008601;S
20240508;102308;232;10;10315008617;S
20240508;102309;232;10;10315008642;S
20240508;102309;232;10;10315008826;S
20240508;102311;232;10;10315009440;S
20240508;102311;232.01;10;10315009641;S
20240508;102311;232;10;10315009692;S
20240508;102313;232;10;10315010104;S
20240508;102314;232;10;10315010425;S
20240508;102314;232.01;10;10315010949;S
20240508;102315;232.03;20;10315011279;B
20240508;102315;232.07;30;10315011280;B
20240508;102317;232;10;10315012607;S
20240508;102323;232;10;10315014552;S
20240508;102324;232;10;10315014788;S
20240508;102324;232;10;10315014839;S
20240508;102325;232;10;10315015066;S
20240508;102325;232.08;20;10315015076;B
20240508;102327;232;10;10315015578;S
20240508;102327;232.08;10;10315016359;B
20240508;102328;232;10;10315016618;S
20240508;102330;232;10;10315017655;S
20240508;102330;232.08;30;10315017725;B
20240508;102332;232;10;10315018110;S
20240508;102334;232.08;200;10315019065;B
20240508;102334;232.08;320;10315019066;B
20240508;102335;232.08;10;10315019098;S
20240508;102335;232.08;10;10315019154;S
20240508;102335;232.08;10;10315019169;S
20240508;102335;232.08;10;10315019851;S
20240508;102336;232.08;300;10315019933;S
20240508;102336;232.08;10;10315019957;S
20240508;102336;232.08;10;10315019971;S
20240508;102336;232.08;10;10315019982;S
20240508;102337;232.08;10;10315020494;S
20240508;102338;232.08;10;10315020554;S
20240508;102338;232.08;10;10315020591;S
20240508;102338;232.08;10;10315020660;S
20240508;102338;232.09;10;10315020668;B
20240508;102338;232.08;10;10315020687;S
20240508;102339;232.08;10;10315020726;S
20240508;102339;232.08;10;10315020863;S
20240508;102340;232.08;50;10315020979;S
20240508;102341;232.08;10;10315021087;S
20240508;102343;232.09;10;10315021539;B
20240508;102345;232.08;10;10315021843;S
20240508;102346;232.08;10;10315022076;S
20240508;102347;232.08;10;10315022195;S
20240508;102348;232.09;10;10315022363;B
20240508;102354;232.08;20;10315025329;S
20240508;102357;232.08;40;10315025726;S
20240508;102357;232.08;10;10315025730;S
20240508;102357;232.09;20;10315025763;B
20240508;102357;232.09;10;10315025773;B
20240508;102400;232.08;100;10315026210;S
20240508;102401;232.09;10;10315026267;B
20240508;102401;232.09;40;10315026300;B
20240508;102403;232.08;10;10315027065;S
20240508;102405;232.08;10;10315027876;S
20240508;102409;232.08;10;10315028796;S
20240508;102413;232.08;10;10315030086;S
20240508;102415;232.08;10;10315030207;S
20240508;102416;232.09;60;10315030301;B
20240508;102416;232.09;50;10315030302;B
20240508;102416;232.09;60;10315030303;B
20240508;102416;232.09;30;10315030304;B
20240508;102423;232.09;100;10315033039;B
20240508;102423;232.09;70;10315033059;B
20240508;102424;232.09;30;10315033214;B
20240508;102425;232.09;10;10315033334;B
20240508;102427;232.09;10;10315033569;B
20240508;102428;232.08;30;10315033698;S
20240508;102428;232.08;70;10315033699;S
20240508;102429;232.08;10;10315033713;S
20240508;102435;232.09;10;10315036358;B
20240508;102435;232.08;10;10315036363;S
20240508;102435;232.09;20;10315036398;B
20240508;102436;232.09;10;10315036763;B
20240508;102438;232.08;10;10315037156;S
20240508;102439;232.09;10;10315037309;B
