<DATE>;<TIME>;<LAST>;<VOL>;<ID>;<OPER>
20241021;095934;0.6983;3000;11318102161;S
20241021;095934;0.6983;2000;11318102162;S
20241021;095934;0.6983;1000;11318102163;B
20241021;095934;0.6983;1000;11318102164;S
20241021;095934;0.6983;3000;11318102165;B
20241021;095934;0.6983;2000;11318102166;B
20241021;095934;0.6983;1000;11318102167;B
20241021;095934;0.6983;1000;11318102168;B
20241021;095934;0.6983;1000;11318102169;B
20241021;095934;0.6983;6000;11318102170;B
20241021;095934;0.6983;1000;11318102171;B
20241021;095934;0.6983;46000;11318102172;B
20241021;095934;0.6983;8000;11318102173;B
20241021;095934;0.6983;2000;11318102174;B
20241021;095934;0.6983;5000;11318102175;B
20241021;095934;0.6983;1000;11318102176;B
20241021;095934;0.6983;17000;11318102177;B
20241021;095934;0.6983;190000;11318102178;B
20241021;100000;0.6996;1000;11318112366;B
20241021;100000;0.6996;6000;11318112367;B
20241021;100000;0.6996;36000;11318112368;B
20241021;100001;0.6984;4000;11318112501;S
20241021;100001;0.6986;109000;11318112685;S
20241021;100001;0.6986;10000;11318112686;S
20241021;100001;0.6993;8000;11318112759;S
20241021;100001;0.6993;17000;11318112863;S
20241021;100002;0.6996;2000;11318113158;B
20241021;100002;0.6996;48000;11318113159;B
20241021;100005;0.6995;2000;11318116727;B
20241021;100005;0.6997;2000;11318116728;B
20241021;100005;0.6997;2000;11318117370;B
20241021;100005;0.6997;1000;11318117396;B
20241021;100005;0.6993;1000;11318117398;S
20241021;100005;0.6993;3000;11318117414;S
20241021;100005;0.6993;5000;11318117503;S
20241021;100005;0.6997;1000;11318117513;B
20241021;100005;0.6997;1000;11318117560;B
20241021;100005;0.6997;1000;11318117850;B
20241021;100005;0.6997;1000;11318117875;B
20241021;100005;0.6993;46000;11318117881;S
20241021;100005;0.6991;10000;11318117882;S
20241021;100005;0.699;5000;11318117883;S
20241021;100005;0.6988;1000;11318117884;S
20241021;100005;0.6996;1000;11318117904;B
20241021;100005;0.6996;1000;11318117929;B
20241021;100005;0.6988;1000;11318117946;S
20241021;100005;0.6996;10000;11318119273;B
20241021;100005;0.6988;3000;11318119339;S
20241021;100005;0.6987;10000;11318119340;S
20241021;100005;0.6987;70000;11318119341;S
20241021;100005;0.6984;30000;11318119342;S
20241021;100006;0.6997;3000;11318119815;B
20241021;100006;0.6995;1000;11318120106;B
20241021;100006;0.6995;1000;11318120107;B
20241021;100006;0.6995;1000;11318120122;B
20241021;100006;0.6995;4000;11318120125;B
20241021;100006;0.6995;1000;11318120127;B
20241021;100006;0.6995;1000;11318120136;B
20241021;100006;0.6984;2000;11318120138;S
20241021;100006;0.6995;1000;11318120148;B
20241021;100006;0.6984;2000;11318120151;S
20241021;100006;0.6995;2000;11318121356;B
20241021;100006;0.6984;1000;11318121362;S
20241021;100006;0.6984;1000;11318121386;S
20241021;100006;0.6984;5000;11318121397;S
20241021;100007;0.6994;1000;11318122919;B
20241021;100007;0.6994;1000;11318123213;B
20241021;100007;0.6984;1000;11318123221;S
20241021;100007;0.6994;1000;11318123309;B
20241021;100007;0.6994;1000;11318123319;B
20241021;100007;0.6984;1000;11318123323;S
20241021;100007;0.6994;3000;11318123328;B
20241021;100007;0.6992;5000;11318124486;B
20241021;100008;0.6984;1000;11318127184;S
20241021;100009;0.6984;3000;11318131198;S
20241021;100009;0.6992;1000;11318131199;B
20241021;100009;0.6992;2000;11318131200;B
20241021;100009;0.6984;5000;11318132244;S
20241021;100009;0.6984;2000;11318132245;S
20241021;100009;0.6984;1000;11318132907;S
20241021;100009;0.6992;1000;11318132917;B
20241021;100010;0.6992;1000;11318133385;B
20241021;100010;0.6992;1000;11318133389;B
20241021;100010;0.6992;1000;11318133578;B
20241021;100010;0.6992;1000;11318133579;B
20241021;100010;0.6993;1000;11318133580;B
20241021;100010;0.6993;1000;11318134208;B
20241021;100015;0.6986;5000;11318136744;S
20241021;100015;0.6986;5000;11318136745;S
20241021;100016;0.6992;115000;11318136752;B
20241021;100016;0.6992;30000;11318136753;B
20241021;100016;0.6993;5000;11318136754;B
20241021;100016;0.6984;2000;11318136789;S
20241021;100019;0.6987;138000;11318137965;B
20241021;100019;0.6989;5000;11318137966;B
20241021;100019;0.699;107000;11318137967;B
20241021;100023;0.6994;1000;11318139053;B
20241021;100025;0.6992;216000;11318140041;B
20241021;100025;0.6993;34000;11318140042;B
20241021;100037;0.6993;1000;11318143551;B
20241021;100039;0.6993;4000;11318144289;B
20241021;100039;0.6994;4000;11318144290;B
20241021;100039;0.6995;19000;11318144291;B
20241021;100042;0.6994;100000;11318145050;S
20241021;100042;0.6985;50000;11318145051;S
20241021;100045;0.6985;145000;11318146029;S
20241021;100045;0.6985;155000;11318146030;S
20241021;100046;0.6994;1000;11318146136;B
20241021;100048;0.6993;30000;11318146815;B
20241021;100048;0.6993;30000;11318146816;B
20241021;100048;0.6994;204000;11318146817;B
20241021;100048;0.6995;181000;11318146818;B
20241021;100048;0.6995;80000;11318146819;B
20241021;100048;0.6997;3000;11318146820;B
20241021;100048;0.6998;3000;11318146821;B
20241021;100048;0.6998;1000;11318146822;B
20241021;100048;0.6998;10000;11318146823;B
20241021;100048;0.6998;3000;11318146824;B
20241021;100048;0.6998;80000;11318146825;B
20241021;100048;0.6999;591000;11318146826;B
20241021;100049;0.6999;1000;11318147031;B
20241021;100049;0.6999;1000;11318147036;B
20241021;100050;0.6995;1000;11318147434;B
20241021;100050;0.6998;93000;11318147435;B
20241021;100053;0.699;1000;11318148543;S
20241021;100053;0.6986;30000;11318148544;S
20241021;100053;0.6986;19000;11318148545;S
20241021;100053;0.6992;60000;11318148785;B
20241021;100053;0.6998;30000;11318148786;B
20241021;100054;0.6989;11000;11318149075;S
20241021;100054;0.6988;3000;11318149076;S
20241021;100058;0.6991;1000;11318150271;B
20241021;100059;0.6993;1000;11318150474;S
20241021;100100;0.6993;1000;11318150967;S
20241021;100102;0.6994;1000;11318151555;B
20241021;100102;0.6997;67000;11318151556;B
20241021;100102;0.6998;77000;11318151557;B
20241021;100102;0.6998;15000;11318151558;B
20241021;100102;0.6993;1000;11318151617;S
20241021;100104;0.6995;1000;11318152106;B
20241021;100104;0.6998;84000;11318152107;B
20241021;100109;0.6996;1000;11318153502;B
20241021;100110;0.6997;1000;11318153862;B
20241021;100110;0.6998;201000;11318153863;B
20241021;100110;0.6998;10000;11318153864;B
20241021;100110;0.6998;1000;11318153865;B
20241021;100110;0.6999;87000;11318153866;B
20241021;100111;0.6999;2000;11318154030;B
20241021;100116;0.6999;50000;11318154990;B
20241021;100116;0.6999;1268000;11318155043;B
20241021;100116;0.6999;15000;11318155044;B
20241021;100116;0.6999;1000;11318155045;B
20241021;100116;0.6999;309000;11318155046;B
20241021;100116;0.6999;31000;11318155047;B
20241021;100116;0.7;1000;11318155048;B
20241021;100116;0.7;4000;11318155049;B
20241021;100116;0.7;50000;11318155050;B
20241021;100116;0.7;1000;11318155051;B
20241021;100116;0.7;1000;11318155052;B
20241021;100117;0.7001;13000;11318155212;B
20241021;100117;0.7001;1000;11318155213;B
20241021;100117;0.7002;1000;11318155214;B
20241021;100117;0.7003;1000;11318155215;B
20241021;100117;0.7004;1000;11318155216;B
20241021;100117;0.7005;1000;11318155241;S
20241021;100117;0.7005;22000;11318155250;S
20241021;100117;0.7005;5000;11318155273;S
20241021;100117;0.7009;19000;11318155280;B
20241021;100117;0.701;181000;11318155281;B
20241021;100117;0.701;25000;11318155286;B
20241021;100117;0.7005;1000;11318155290;S
20241021;100118;0.7006;12000;11318155368;S
20241021;100118;0.701;11000;11318155509;B
20241021;100118;0.701;4000;11318155510;B
20241021;100118;0.701;50000;11318155516;B
20241021;100118;0.7006;78000;11318155520;S
20241021;100118;0.7005;38000;11318155521;S
20241021;100118;0.7004;38000;11318155522;S
20241021;100118;0.7001;46000;11318155523;S
20241021;100118;0.701;1000;11318155528;B
20241021;100119;0.7006;1000;11318155837;B
20241021;100119;0.701;16000;11318155838;B
20241021;100119;0.7011;3000;11318155839;B
20241021;100119;0.7014;30000;11318155840;B
20241021;100121;0.7007;1000;11318156227;B
20241021;100122;0.7008;1000;11318156353;B
20241021;100122;0.7015;9000;11318156354;B
20241021;100122;0.7015;1000;11318156355;B
20241021;100122;0.7017;11000;11318156356;B
20241021;100122;0.7018;1000;11318156357;B
20241021;100122;0.7018;4000;11318156358;B
20241021;100122;0.7018;6000;11318156359;B
20241021;100122;0.7018;46000;11318156360;B
20241021;100122;0.7019;41000;11318156361;B
20241021;100122;0.7019;182000;11318156362;B
20241021;100122;0.702;300000;11318156363;B
20241021;100122;0.702;1000;11318156364;B
20241021;100122;0.7021;1000;11318156365;B
20241021;100122;0.7021;30000;11318156366;B
20241021;100122;0.7022;5000;11318156367;B
20241021;100122;0.7022;70000;11318156368;B
20241021;100122;0.7023;1291000;11318156369;B
20241021;100123;0.7014;1000;11318156562;B
20241021;100123;0.7009;1000;11318156626;B
20241021;100123;0.7008;30000;11318156819;S
20241021;100124;0.7006;30000;11318156982;S
20241021;100125;0.7009;5000;11318157046;B
20241021;100125;0.701;1000;11318157047;B
20241021;100125;0.701;4000;11318157050;S
20241021;100127;0.7002;40000;11318157401;S
20241021;100127;0.7001;76000;11318157402;S
20241021;100127;0.7007;1000;11318157429;B
20241021;100128;0.7007;7000;11318157674;B
20241021;100134;0.7001;97000;11318158920;S
20241021;100135;0.7001;1000;11318159254;S
20241021;100137;0.7001;4000;11318159454;S
20241021;100138;0.7;287000;11318159661;S
20241021;100142;0.7;22000;11318160466;S
20241021;100142;0.7;10000;11318160656;S
20241021;100142;0.7;64000;11318160657;S
20241021;100142;0.7;1000;11318160658;S
20241021;100143;0.7001;1000;11318160868;B
20241021;100143;0.7002;2000;11318160869;B
20241021;100143;0.7003;3000;11318160870;B
20241021;100143;0.7003;22000;11318160871;B
20241021;100143;0.6998;176000;11318160908;S
20241021;100144;0.6998;24000;11318161023;S
20241021;100144;0.6992;2000;11318161024;S
20241021;100144;0.6991;10000;11318161025;S
20241021;100144;0.6989;48000;11318161026;S
20241021;100144;0.6989;87000;11318161027;S
20241021;100145;0.7;2000;11318161184;S
20241021;100145;0.7;1000;11318161279;S
20241021;100148;0.7;35000;11318162056;S
20241021;100150;0.7001;4000;11318162382;B
20241021;100154;0.7001;96000;11318163263;B
20241021;100154;0.7001;10000;11318163264;B
20241021;100154;0.7001;5000;11318163265;B
20241021;100155;0.7001;89000;11318163704;S
20241021;100155;0.7;12000;11318163705;S
20241021;100155;0.7;1000;11318163706;S
20241021;100155;0.7;19000;11318163707;S
20241021;100156;0.7;50000;11318163825;S
20241021;100156;0.7;13000;11318163880;S
20241021;100157;0.7002;17000;11318164057;B
20241021;100157;0.7002;10000;11318164058;B
20241021;100157;0.7003;50000;11318164059;B
20241021;100157;0.7004;4000;11318164060;B
20241021;100157;0.7004;218000;11318164061;B
20241021;100157;0.7004;145000;11318164062;B
20241021;100157;0.7005;556000;11318164063;B
20241021;100157;0.7001;50000;11318164081;S
20241021;100159;0.7001;1000;11318164624;S
20241021;100203;0.7;27000;11318165548;S
20241021;100203;0.7;73000;11318165549;S
20241021;100204;0.7;100000;11318165622;S
20241021;100205;0.7;48000;11318165807;S
20241021;100205;0.7001;14000;11318165901;B
20241021;100205;0.7002;10000;11318165902;B
20241021;100205;0.7003;85000;11318165903;B
20241021;100205;0.7004;145000;11318165904;B
20241021;100205;0.7004;51000;11318165905;B
20241021;100205;0.7004;64000;11318165906;B
20241021;100205;0.7005;91000;11318165907;B
20241021;100209;0.7004;1000;11318166864;B
20241021;100210;0.7004;50000;11318167056;B
20241021;100217;0.7003;2000;11318168770;B
20241021;100217;0.7004;1000;11318168771;B
20241021;100219;0.7004;50000;11318169348;B
20241021;100220;0.7004;13000;11318169496;B
20241021;100222;0.7004;1000;11318170032;B
20241021;100224;0.7002;5000;11318170436;S
20241021;100224;0.7001;45000;11318170437;S
20241021;100229;0.7001;1000;11318171812;S
20241021;100234;0.7002;20000;11318172791;B
20241021;100234;0.7002;50000;11318172792;B
20241021;100234;0.7003;80000;11318172793;B
20241021;100235;0.7001;4000;11318173013;S
20241021;100235;0.7001;21000;11318173014;S
20241021;100237;0.7;9000;11318173380;S
20241021;100242;0.7;1000;11318174493;S
20241021;100242;0.7;2000;11318174574;S
20241021;100244;0.7001;1000;11318174702;B
20241021;100254;0.7;100000;11318176564;S
20241021;100303;0.7;100000;11318178179;S
20241021;100304;0.7;12000;11318178373;S
20241021;100304;0.7001;10000;11318178417;B
20241021;100304;0.7;554000;11318178538;S
20241021;100304;0.7;5000;11318178539;S
20241021;100304;0.7;41000;11318178540;S
20241021;100305;0.7;5000;11318178763;S
20241021;100305;0.7;30000;11318178783;S
20241021;100305;0.7;10000;11318178784;S
20241021;100306;0.7;10000;11318178843;B
20241021;100306;0.7;114000;11318178844;B
20241021;100306;0.7001;4000;11318178850;B
20241021;100306;0.7;100000;11318178919;B
20241021;100311;0.6999;1000;11318180295;B
20241021;100312;0.6998;1000;11318180449;S
20241021;100313;0.6999;10000;11318181075;B
20241021;100314;0.6998;1000;11318181149;S
20241021;100314;0.6999;39000;11318181316;B
20241021;100314;0.6999;60000;11318181317;B
20241021;100314;0.7;145000;11318181318;B
20241021;100314;0.7;756000;11318181319;B
20241021;100316;0.7;100000;11318181875;B
20241021;100316;0.6998;1000;11318182080;S
20241021;100319;0.6998;197000;11318182776;S
20241021;100319;0.6998;43000;11318182777;S
20241021;100319;0.6997;43000;11318182778;S
20241021;100319;0.6995;1000;11318182779;S
20241021;100319;0.6992;145000;11318182780;S
20241021;100319;0.6992;50000;11318182781;S
20241021;100319;0.6991;32000;11318182782;S
20241021;100320;0.7;14000;11318182971;B
20241021;100320;0.7;1000;11318182972;B
20241021;100320;0.7;10000;11318182973;B
20241021;100320;0.7;145000;11318182974;B
20241021;100320;0.7;42000;11318182975;B
20241021;100320;0.7;87000;11318182976;B
20241021;100320;0.7001;301000;11318182977;B
20241021;100320;0.7001;159000;11318183011;B
20241021;100320;0.7001;1000;11318183012;B
20241021;100320;0.7001;1000;11318183013;B
20241021;100320;0.7001;1000;11318183014;B
20241021;100328;0.6994;27000;11318185415;S
20241021;100328;0.6994;73000;11318185416;S
20241021;100332;0.6994;27000;11318186529;S
20241021;100332;0.6993;50000;11318186530;S
20241021;100332;0.6993;23000;11318186531;S
20241021;100334;0.6993;2000;11318186979;S
20241021;100336;0.6997;75000;11318187448;B
20241021;100336;0.6998;200000;11318187449;B
20241021;100336;0.6998;5000;11318187450;B
20241021;100341;0.6999;4000;11318188675;B
20241021;100341;0.7;19000;11318188676;B
20241021;100341;0.7001;145000;11318188677;B
20241021;100341;0.7001;1000;11318188678;B
20241021;100341;0.7001;19000;11318188679;B
20241021;100341;0.7002;2000;11318188680;B
20241021;100341;0.7002;10000;11318188681;B
20241021;100342;0.7;32000;11318188914;B
20241021;100342;0.7001;18000;11318188915;B
20241021;100342;0.7002;50000;11318188916;B
20241021;100346;0.6996;1000;11318190139;B
20241021;100346;0.6996;9000;11318190140;B
20241021;100348;0.6993;7000;11318190640;S
20241021;100348;0.6993;30000;11318190641;S
20241021;100348;0.6993;18000;11318190642;S
20241021;100348;0.6992;50000;11318190643;S
20241021;100348;0.6991;95000;11318190644;S
20241021;100353;0.6991;46000;11318192267;S
20241021;100355;0.6996;100000;11318192590;B
20241021;100356;0.6996;91000;11318192841;B
20241021;100356;0.6999;141000;11318192842;B
20241021;100356;0.6999;68000;11318192843;B
20241021;100357;0.6999;5000;11318193186;B
20241021;100357;0.6991;1000;11318193243;S
20241021;100358;0.6998;100000;11318193469;B
20241021;100358;0.6998;5000;11318193522;B
20241021;100359;0.6998;50000;11318193747;B
20241021;100359;0.6992;1000;11318193760;S
20241021;100400;0.6992;19000;11318193904;S
20241021;100400;0.6991;4000;11318193919;S
20241021;100400;0.6991;1000;11318193920;S
20241021;100400;0.6991;218000;11318193921;S
20241021;100400;0.6991;145000;11318193922;S
20241021;100400;0.699;350000;11318193923;S
20241021;100400;0.699;27000;11318193924;S
20241021;100400;0.6989;150000;11318193925;S
20241021;100400;0.6989;27000;11318193926;S
20241021;100400;0.6988;78000;11318193927;S
20241021;100402;0.6989;4000;11318194538;S
20241021;100402;0.6988;10000;11318194539;S
20241021;100403;0.6988;102000;11318194725;S
20241021;100405;0.6988;1000;11318195115;S
20241021;100408;0.6988;100000;11318195796;S
20241021;100408;0.6993;1000;11318195824;B
20241021;100408;0.6993;5000;11318195825;B
20241021;100408;0.6993;218000;11318195826;B
20241021;100408;0.6993;145000;11318195827;B
20241021;100408;0.6994;1000;11318195828;B
20241021;100408;0.6994;150000;11318195829;B
20241021;100408;0.6995;1000;11318195830;B
20241021;100408;0.6996;1000;11318195831;B
20241021;100408;0.6996;43000;11318195832;B
20241021;100408;0.6997;50000;11318195833;B
20241021;100408;0.6997;1000;11318195834;B
20241021;100408;0.6997;30000;11318195835;B
20241021;100408;0.6998;1000;11318195836;B
20241021;100408;0.6999;100000;11318195837;B
20241021;100408;0.7;50000;11318195838;B
20241021;100408;0.7;100000;11318195839;B
20241021;100408;0.7;103000;11318195840;B
20241021;100416;0.6997;8000;11318197634;B
20241021;100424;0.6998;20000;11318199316;B
20241021;100429;0.6999;1000;11318200462;B
20241021;100429;0.6999;17000;11318200463;B
20241021;100429;0.7;297000;11318200464;B
20241021;100429;0.7;160000;11318200465;B
20241021;100429;0.7;10000;11318200466;B
20241021;100429;0.7;1000;11318200467;B
20241021;100429;0.7;50000;11318200468;B
20241021;100429;0.7;26000;11318200469;B
20241021;100429;0.7001;1000;11318200470;B
20241021;100429;0.7001;27000;11318200471;B
20241021;100429;0.7002;1000;11318200472;B
20241021;100429;0.7002;200000;11318200473;B
20241021;100429;0.7002;2000;11318200474;B
20241021;100429;0.7003;170000;11318200475;B
20241021;100429;0.7003;3000;11318200476;B
20241021;100429;0.7004;34000;11318200477;B
20241021;100431;0.6999;2000;11318200987;S
20241021;100435;0.7004;166000;11318201717;B
20241021;100435;0.7004;4000;11318201718;B
20241021;100435;0.7004;50000;11318201719;B
20241021;100435;0.7004;18000;11318201720;B
20241021;100435;0.7004;5000;11318201721;B
20241021;100435;0.7005;7000;11318201722;B
20241021;100436;0.7;5000;11318201946;S
20241021;100436;0.7;24000;11318201947;S
20241021;100436;0.6999;143000;11318201948;S
20241021;100436;0.6999;18000;11318201949;S
20241021;100436;0.6999;59000;11318201950;S
20241021;100438;0.7001;1000;11318202516;S
20241021;100438;0.6999;19000;11318202517;S
20241021;100439;0.7003;5000;11318202867;B
20241021;100439;0.7003;21000;11318202868;B
20241021;100439;0.7004;59000;11318202869;B
20241021;100439;0.7004;21000;11318202870;B
20241021;100439;0.7005;194000;11318202871;B
20241021;100441;0.7005;250000;11318203131;B
20241021;100446;0.7004;1000;11318204451;B
20241021;100446;0.7004;100000;11318204452;B
20241021;100446;0.7005;142000;11318204453;B
20241021;100446;0.7005;5000;11318204454;B
20241021;100446;0.7005;2000;11318204455;B
20241021;100446;0.6999;11000;11318204543;S
20241021;100448;0.7005;23000;11318204901;B
20241021;100452;0.7005;75000;11318205821;B
20241021;100452;0.7005;2000;11318205822;B
20241021;100452;0.7005;1000;11318205823;B
20241021;100452;0.7005;10000;11318205824;B
20241021;100452;0.7006;6000;11318205825;B
20241021;100452;0.7006;25000;11318205826;B
20241021;100452;0.7007;7000;11318205827;B
20241021;100452;0.7007;1000;11318205828;B
20241021;100452;0.7007;25000;11318205829;B
20241021;100452;0.7008;8000;11318205830;B
20241021;100452;0.7008;300000;11318205831;B
20241021;100452;0.7009;9000;11318205832;B
20241021;100452;0.701;10000;11318205833;B
20241021;100452;0.7011;1000;11318205834;B
20241021;100452;0.7011;11000;11318205835;B
20241021;100452;0.7012;1000;11318205836;B
20241021;100452;0.7012;12000;11318205837;B
20241021;100452;0.7012;9000;11318205838;B
20241021;100452;0.7013;1000;11318205839;B
20241021;100452;0.7013;400000;11318205840;B
20241021;100452;0.7013;13000;11318205841;B
20241021;100452;0.7014;1000;11318205842;B
20241021;100452;0.7014;72000;11318205843;B
20241021;100453;0.7012;100000;11318206020;B
20241021;100455;0.7012;20000;11318206432;B
20241021;100455;0.7013;4000;11318206433;B
20241021;100455;0.7013;1000;11318206434;B
20241021;100455;0.7014;15000;11318206435;B
20241021;100455;0.7014;10000;11318206436;B
20241021;100455;0.7014;20000;11318206437;B
20241021;100455;0.7014;14000;11318206438;B
20241021;100455;0.7014;5000;11318206439;B
20241021;100455;0.7014;68000;11318206440;B
20241021;100455;0.7014;30000;11318206441;B
20241021;100455;0.7014;100000;11318206442;B
20241021;100455;0.7014;414000;11318206443;B
20241021;100455;0.7014;50000;11318206444;B
20241021;100455;0.7015;659000;11318206445;B
20241021;100456;0.7015;55000;11318206692;B
20241021;100501;0.7011;5000;11318207713;S
20241021;100501;0.701;1000;11318207714;S
20241021;100502;0.701;19000;11318207974;S
20241021;100502;0.701;20000;11318208042;B
20241021;100503;0.701;3000;11318208218;B
20241021;100504;0.701;15000;11318208437;B
20241021;100505;0.7009;20000;11318208764;S
20241021;100509;0.701;20000;11318209548;B
20241021;100511;0.701;123000;11318210118;B
20241021;100511;0.7014;1000;11318210119;B
20241021;100511;0.7014;42000;11318210120;B
20241021;100511;0.7015;567000;11318210121;B
20241021;100519;0.701;5000;11318211959;B
20241021;100519;0.701;2000;11318211960;B
20241021;100519;0.701;2000;11318211961;B
20241021;100520;0.701;48000;11318212226;B
20241021;100520;0.701;1000;11318212227;B
20241021;100520;0.7011;145000;11318212228;B
20241021;100520;0.7011;1000;11318212229;B
20241021;100520;0.7012;5000;11318212230;B
20241021;100520;0.7012;100000;11318212231;B
20241021;100520;0.7012;3000;11318212232;B
20241021;100520;0.7012;100000;11318212233;B
20241021;100520;0.7012;2000;11318212234;B
20241021;100520;0.7013;50000;11318212235;B
20241021;100520;0.7013;100000;11318212236;B
20241021;100520;0.7013;100000;11318212237;B
20241021;100520;0.7013;50000;11318212238;B
20241021;100520;0.7014;618000;11318212239;B
20241021;100527;0.7013;3000;11318213622;B
20241021;100527;0.7013;4000;11318213623;B
20241021;100529;0.7013;50000;11318213987;B
20241021;100535;0.7011;20000;11318215048;S
20241021;100535;0.7012;69000;11318215067;B
20241021;100535;0.7013;6000;11318215068;B
20241021;100535;0.7013;782000;11318215069;B
20241021;100535;0.7014;566000;11318215070;B
20241021;100535;0.701;3000;11318215075;S
20241021;100536;0.7014;644000;11318215135;B
20241021;100538;0.7013;2000;11318215428;S
20241021;100538;0.7013;14000;11318215429;S
20241021;100538;0.7012;95000;11318215430;S
20241021;100538;0.7014;7000;11318215433;B
20241021;100538;0.7013;1000;11318215473;B
20241021;100549;0.7011;2000;11318217186;S
20241021;100550;0.7012;1000;11318217249;S
20241021;100551;0.701;10000;11318217628;S
20241021;100554;0.7011;2000;11318218049;S
20241021;100555;0.7013;1000;11318218203;B
20241021;100555;0.7013;4000;11318218204;B
20241021;100557;0.7013;1000;11318218460;B
20241021;100601;0.7013;1000;11318219265;B
20241021;100601;0.7014;14000;11318219266;B
20241021;100602;0.7013;1000;11318219670;B
20241021;100602;0.7014;31000;11318219671;B
20241021;100603;0.7014;9000;11318219748;B
20241021;100604;0.7014;14000;11318220009;B
20241021;100606;0.7014;3000;11318220485;B
20241021;100606;0.7014;4000;11318220491;B
20241021;100612;0.7015;500000;11318222011;B
20241021;100612;0.7015;2000000;11318222019;B
20241021;100613;0.7015;14000;11318222033;B
20241021;100613;0.7015;30000;11318222078;B
20241021;100613;0.7015;100000;11318222101;B
20241021;100613;0.7015;90000;11318222132;B
20241021;100614;0.7015;300000;11318222141;B
20241021;100614;0.7015;60000;11318222144;B
20241021;100614;0.7015;60000;11318222145;B
20241021;100614;0.7015;250000;11318222150;B
20241021;100614;0.7015;20000;11318222166;B
20241021;100614;0.7015;5295000;11318222171;B
20241021;100614;0.7015;140000;11318222172;B
20241021;100614;0.7015;1000;11318222173;B
20241021;100614;0.7015;50000;11318222174;B
20241021;100614;0.7015;5000;11318222175;B
20241021;100614;0.7015;13000;11318222176;B
20241021;100614;0.7015;5000;11318222177;B
20241021;100614;0.7016;1000;11318222179;B
20241021;100614;0.7017;1000;11318222182;B
20241021;100614;0.7018;1000;11318222184;B
20241021;100614;0.7019;10000;11318222185;B
20241021;100614;0.7019;1000;11318222186;B
20241021;100614;0.702;29000;11318222188;B
20241021;100614;0.702;1000;11318222189;B
20241021;100614;0.7021;1000;11318222190;B
20241021;100614;0.7022;1000;11318222191;B
20241021;100614;0.7023;20000;11318222192;B
20241021;100614;0.7023;2000;11318222193;B
20241021;100614;0.7023;10000;11318222194;B
20241021;100614;0.7023;1000;11318222195;B
20241021;100614;0.7023;1000;11318222196;B
20241021;100614;0.7024;1000;11318222197;B
20241021;100614;0.7025;2000;11318222198;B
20241021;100614;0.7025;1000;11318222199;B
20241021;100614;0.7026;1000;11318222200;B
20241021;100614;0.7027;1000;11318222201;B
20241021;100614;0.7028;1000;11318222203;B
20241021;100614;0.7029;5000;11318222204;B
20241021;100614;0.7029;1000;11318222205;B
20241021;100614;0.703;10000;11318222206;B
20241021;100614;0.703;1000;11318222207;B
20241021;100614;0.7031;9000;11318222208;B
20241021;100614;0.7031;1000;11318222209;B
20241021;100614;0.7031;1000;11318222210;B
20241021;100614;0.7031;1000;11318222211;B
20241021;100614;0.7032;554000;11318222213;B
20241021;100614;0.7032;84000;11318222214;B
20241021;100614;0.7032;1000;11318222215;B
20241021;100614;0.7032;1000;11318222216;B
20241021;100614;0.7033;1000;11318222219;B
20241021;100614;0.7034;1000;11318222260;B
20241021;100614;0.7035;1000;11318222261;B
20241021;100614;0.7036;1000;11318222262;B
20241021;100614;0.7037;1000;11318222263;B
20241021;100614;0.7038;1000;11318222264;B
20241021;100614;0.7039;1000;11318222265;B
20241021;100614;0.704;1000;11318222266;B
20241021;100614;0.704;1000;11318222267;B
20241021;100614;0.704;7000;11318222268;B
20241021;100614;0.704;13000;11318222277;B
20241021;100614;0.704;1000;11318222278;B
20241021;100614;0.7041;50000;11318222279;B
20241021;100614;0.7041;1000;11318222280;B
20241021;100614;0.7041;1000;11318222281;B
20241021;100614;0.7042;1000;11318222282;B
20241021;100614;0.7043;200000;11318222283;B
20241021;100614;0.7043;1000;11318222284;B
20241021;100614;0.7044;1000;11318222285;B
20241021;100614;0.7045;1000;11318222286;B
20241021;100614;0.7045;1000;11318222287;B
20241021;100614;0.7046;1000;11318222288;B
20241021;100614;0.7046;1000;11318222289;B
20241021;100614;0.7047;10000;11318222290;B
20241021;100614;0.7047;1000;11318222291;B
20241021;100614;0.7047;1000;11318222292;B
20241021;100614;0.7048;1000;11318222293;B
20241021;100614;0.7049;37000;11318222294;B
20241021;100614;0.7049;5000;11318222295;B
20241021;100614;0.7049;1000;11318222296;B
20241021;100614;0.705;1000;11318222297;B
20241021;100614;0.705;69000;11318222298;B
20241021;100614;0.705;1000;11318222299;B
20241021;100614;0.705;4000;11318222311;B
20241021;100614;0.705;10000;11318222314;B
20241021;100614;0.705;5000;11318222348;B
20241021;100614;0.705;41000;11318222351;B
20241021;100614;0.705;100000;11318222352;B
20241021;100614;0.705;50000;11318222353;B
20241021;100614;0.705;50000;11318222354;B
20241021;100614;0.705;1000;11318222355;B
20241021;100614;0.7051;10000;11318222356;B
20241021;100614;0.7052;2000;11318222357;B
20241021;100614;0.7052;1000;11318222358;B
20241021;100614;0.7058;45000;11318222359;B
20241021;100614;0.7032;25000;11318222363;B
20241021;100614;0.7058;60000;11318222368;B
20241021;100614;0.7032;18000;11318222373;S
20241021;100614;0.7058;145000;11318222378;B
20241021;100614;0.7058;120000;11318222379;B
20241021;100614;0.7059;40000;11318222380;B
20241021;100614;0.7032;76000;11318222430;S
20241021;100614;0.7059;40000;11318222435;B
20241021;100614;0.704;5000;11318222471;S
20241021;100614;0.705;1000;11318222492;B
20241021;100614;0.7054;5000;11318222493;B
20241021;100614;0.7055;73000;11318222494;B
20241021;100614;0.7059;20000;11318222495;B
20241021;100614;0.7059;101000;11318222496;B
20241021;100614;0.7037;145000;11318222513;S
20241021;100614;0.7037;218000;11318222514;S
20241021;100614;0.7036;80000;11318222515;S
20241021;100614;0.7034;117000;11318222516;S
20241021;100614;0.7036;51000;11318222518;S
20241021;100615;0.7037;30000;11318222682;S
20241021;100615;0.7033;10000;11318222683;S
20241021;100615;0.7032;91000;11318222710;S
20241021;100615;0.7031;150000;11318222714;S
20241021;100615;0.7032;145000;11318222724;B
20241021;100615;0.7033;155000;11318222725;B
20241021;100616;0.702;2000;11318222957;S
20241021;100618;0.703;25000;11318223785;S
20241021;100621;0.7027;10000;11318224301;S
20241021;100621;0.7024;6000;11318224302;S
20241021;100621;0.7018;1000;11318224303;S
20241021;100621;0.7018;20000;11318224304;S
20241021;100621;0.7017;49000;11318224305;S
20241021;100621;0.7026;25000;11318224385;B
20241021;100622;0.7026;30000;11318224633;B
20241021;100622;0.7028;41000;11318224634;B
20241021;100622;0.7029;218000;11318224635;B
20241021;100622;0.7029;218000;11318224636;B
20241021;100622;0.7029;145000;11318224637;B
20241021;100622;0.703;218000;11318224638;B
20241021;100622;0.7032;130000;11318224639;B
20241021;100623;0.7024;1000;11318224818;B
20241021;100623;0.7028;26000;11318224819;B
20241021;100623;0.7029;73000;11318224820;B
20241021;100623;0.7029;145000;11318224826;B
20241021;100623;0.703;112000;11318224827;B
20241021;100623;0.7032;211000;11318224828;B
20241021;100623;0.7033;332000;11318224829;B
20241021;100624;0.7032;77000;11318224899;B
20241021;100624;0.7033;98000;11318224900;B
20241021;100624;0.7033;90000;11318225039;B
20241021;100624;0.7033;10000;11318225119;B
20241021;100624;0.7033;40000;11318225137;B
20241021;100624;0.7033;100000;11318225152;B
20241021;100624;0.7033;10000;11318225153;B
20241021;100624;0.7033;59000;11318225154;B
20241021;100624;0.7033;100000;11318225167;B
20241021;100624;0.7033;10000;11318225175;B
20241021;100624;0.7033;100000;11318225193;B
20241021;100624;0.7033;300000;11318225201;B
20241021;100624;0.7033;111000;11318225203;B
20241021;100625;0.7033;100000;11318225225;B
20241021;100625;0.7033;64000;11318225226;B
20241021;100625;0.7033;88000;11318225227;B
20241021;100625;0.7033;30000;11318225234;B
20241021;100625;0.7033;1000000;11318225239;B
20241021;100625;0.7033;90000;11318225240;B
20241021;100625;0.7033;100000;11318225241;B
20241021;100625;0.7033;100000;11318225251;B
20241021;100625;0.7033;5000;11318225257;B
20241021;100625;0.7033;50000;11318225260;B
20241021;100625;0.7033;20000;11318225261;B
20241021;100625;0.7033;100000;11318225265;B
20241021;100625;0.7033;10000;11318225271;B
20241021;100625;0.7033;150000;11318225272;B
20241021;100625;0.7033;20000;11318225277;B
20241021;100625;0.7033;4000;11318225279;B
20241021;100625;0.7033;500000;11318225281;B
20241021;100625;0.7033;250000;11318225282;B
20241021;100625;0.7033;802000;11318225283;B
20241021;100625;0.7033;600000;11318225284;B
20241021;100625;0.7033;295000;11318225285;B
20241021;100625;0.7033;600000;11318225286;B
20241021;100625;0.7033;149000;11318225287;B
20241021;100625;0.7033;396000;11318225288;B
20241021;100625;0.7033;300000;11318225289;B
20241021;100625;0.7033;20000;11318225290;B
20241021;100625;0.7033;10000;11318225297;B
20241021;100625;0.7033;60000;11318225318;B
20241021;100625;0.7033;20000;11318225327;B
20241021;100626;0.7044;40000;11318225392;B
20241021;100626;0.7048;20000;11318225393;B
20241021;100626;0.7048;30000;11318225394;B
20241021;100626;0.7049;24000;11318225395;B
20241021;100626;0.7049;44000;11318225396;B
20241021;100626;0.7049;20000;11318225486;S
20241021;100626;0.7049;10000;11318225550;S
20241021;100626;0.7049;1000;11318225593;S
20241021;100626;0.7049;50000;11318225670;S
20241021;100626;0.705;40000;11318225680;B
20241021;100627;0.705;2000;11318225751;B
20241021;100627;0.7049;11000;11318225766;S
20241021;100627;0.7049;31000;11318225834;S
20241021;100629;0.7048;50000;11318226254;B
20241021;100629;0.7048;10000;11318226255;B
20241021;100629;0.7049;250000;11318226256;B
20241021;100629;0.7049;1000;11318226257;B
20241021;100629;0.705;49000;11318226258;B
20241021;100629;0.705;340000;11318226259;B
20241021;100629;0.705;557000;11318226260;B
20241021;100629;0.705;20000;11318226261;B
20241021;100629;0.7051;1000;11318226262;B
20241021;100629;0.7052;2000;11318226263;B
20241021;100629;0.7053;3000;11318226264;B
20241021;100629;0.7054;4000;11318226265;B
20241021;100629;0.7055;5000;11318226266;B
20241021;100629;0.7055;100000;11318226267;B
20241021;100629;0.7056;6000;11318226268;B
20241021;100629;0.7058;10000;11318226269;B
20241021;100629;0.7058;50000;11318226270;B
20241021;100629;0.706;109000;11318226271;B
20241021;100629;0.7063;50000;11318226272;B
20241021;100629;0.7063;80000;11318226273;B
20241021;100629;0.7064;1000;11318226274;B
20241021;100629;0.7065;1000000;11318226275;B
20241021;100629;0.7066;530000;11318226276;B
20241021;100629;0.7068;1000000;11318226277;B
20241021;100629;0.7069;5000;11318226278;B
20241021;100629;0.707;1000;11318226279;B
20241021;100629;0.707;80000;11318226280;B
20241021;100629;0.707;447000;11318226281;B
20241021;100629;0.707;2000;11318226282;B
20241021;100629;0.7071;1000;11318226283;B
20241021;100629;0.7072;80000;11318226284;B
20241021;100629;0.7075;10000;11318226285;B
20241021;100629;0.7076;28000;11318226286;B
20241021;100629;0.7077;1000;11318226287;B
20241021;100629;0.7078;117000;11318226288;B
20241021;100629;0.7045;15000;11318226299;S
20241021;100629;0.7048;10000;11318226330;B
20241021;100630;0.7076;1000;11318226334;B
20241021;100630;0.7048;10000;11318226339;S
20241021;100630;0.7057;3000;11318226582;S
20241021;100630;0.7058;14000;11318226594;B
20241021;100630;0.7059;16000;11318226595;B
20241021;100633;0.705;22000;11318227277;S
20241021;100633;0.705;120000;11318227278;S
20241021;100633;0.705;58000;11318227279;S
20241021;100633;0.7048;39000;11318227280;S
20241021;100633;0.7051;5000;11318227281;B
20241021;100633;0.7051;20000;11318227282;S
20241021;100633;0.7051;5000;11318227283;S
20241021;100633;0.7048;1000;11318227284;S
20241021;100633;0.7047;10000;11318227394;S
20241021;100634;0.7045;1000;11318227760;B
20241021;100635;0.7038;2000;11318228168;S
20241021;100636;0.7044;1000;11318228495;B
20241021;100636;0.7044;1000;11318228621;B
20241021;100636;0.7044;1000;11318228653;B
20241021;100636;0.7045;99000;11318228654;B
20241021;100637;0.7048;2000;11318228975;B
20241021;100637;0.7048;20000;11318229007;B
20241021;100637;0.7048;2000;11318229008;B
20241021;100637;0.705;3000;11318229074;B
20241021;100638;0.705;1000;11318229129;B
20241021;100638;0.705;1000;11318229161;B
20241021;100638;0.705;1000;11318229317;B
20241021;100638;0.705;1000;11318229356;B
20241021;100638;0.705;1000;11318229384;B
20241021;100638;0.705;1000;11318229407;B
20241021;100638;0.705;31000;11318229411;B
20241021;100639;0.705;1000;11318229447;B
20241021;100639;0.705;1000;11318229454;B
20241021;100639;0.705;4000;11318229474;B
20241021;100639;0.705;1000;11318229477;B
20241021;100639;0.705;1000;11318229497;B
20241021;100639;0.705;1000;11318229537;B
20241021;100639;0.705;1000;11318229545;B
20241021;100639;0.705;3000;11318229551;B
20241021;100639;0.705;4000;11318229552;B
20241021;100639;0.705;50000;11318229553;B
20241021;100639;0.7052;20000;11318229554;B
20241021;100639;0.7052;22000;11318229555;B
20241021;100639;0.7053;20000;11318229556;B
20241021;100639;0.7053;12000;11318229557;B
20241021;100639;0.7054;133000;11318229558;B
20241021;100639;0.7055;100000;11318229559;B
20241021;100639;0.7056;22000;11318229560;B
20241021;100639;0.7056;6000;11318229561;B
20241021;100639;0.7056;10000;11318229562;B
20241021;100639;0.7056;312000;11318229563;B
20241021;100639;0.7057;7000;11318229564;B
20241021;100639;0.7057;10000;11318229565;B
20241021;100639;0.7058;1000;11318229566;B
20241021;100639;0.7058;100000;11318229567;B
20241021;100639;0.7058;8000;11318229568;B
20241021;100639;0.7058;5000;11318229569;B
20241021;100639;0.7059;12000;11318229570;B
20241021;100639;0.7059;9000;11318229571;B
20241021;100639;0.706;1239000;11318229572;B
20241021;100641;0.7055;1000;11318229933;S
20241021;100641;0.7051;3000;11318229934;S
20241021;100641;0.7059;1000;11318229980;B
20241021;100641;0.7055;3000;11318229987;S
20241021;100641;0.7052;1000;11318229997;B
20241021;100641;0.7052;66000;11318230023;B
20241021;100641;0.7057;36000;11318230024;S
20241021;100641;0.7057;124000;11318230025;S
20241021;100641;0.7057;110000;11318230026;S
20241021;100641;0.7057;64000;11318230027;S
20241021;100641;0.7058;1000;11318230028;B
20241021;100641;0.7058;1000;11318230032;B
20241021;100641;0.7058;1000;11318230057;B
20241021;100642;0.7058;1000;11318230081;B
20241021;100642;0.7058;2000;11318230146;B
20241021;100642;0.7059;6000;11318230147;B
20241021;100642;0.7059;1000;11318230168;B
20241021;100642;0.7051;1000;11318230229;S
20241021;100642;0.7059;1000;11318230437;B
20241021;100642;0.7059;1000;11318230471;B
20241021;100643;0.7059;1000;11318230482;B
20241021;100643;0.7059;1000;11318230513;B
20241021;100643;0.7059;1000;11318230543;B
20241021;100643;0.7056;35000;11318230556;S
20241021;100643;0.7056;8000;11318230557;S
20241021;100643;0.7056;7000;11318230558;S
20241021;100643;0.7059;1000;11318230564;B
20241021;100643;0.7059;1000;11318230578;B
20241021;100643;0.7059;1000;11318230599;B
20241021;100644;0.7052;3000;11318230612;S
20241021;100644;0.7052;22000;11318230613;S
20241021;100644;0.7051;1000;11318230614;S
20241021;100644;0.705;10000;11318230615;S
20241021;100644;0.7049;9000;11318230616;S
20241021;100644;0.7058;1000;11318230623;B
20241021;100644;0.7058;1000;11318230675;B
20241021;100644;0.7058;1000;11318230846;B
20241021;100644;0.7053;50000;11318230868;S
20241021;100644;0.705;50000;11318230869;S
20241021;100644;0.7049;50000;11318230870;S
20241021;100644;0.7049;50000;11318230871;S
20241021;100644;0.705;1000;11318230876;B
20241021;100644;0.7058;1000;11318230881;B
20241021;100644;0.7058;1000;11318230917;B
20241021;100645;0.705;1000;11318230937;S
20241021;100645;0.7048;78000;11318230938;S
20241021;100645;0.7046;21000;11318230939;S
20241021;100645;0.7057;1000;11318230942;B
20241021;100645;0.7057;1000;11318230972;B
20241021;100645;0.7041;40000;11318231009;S
20241021;100645;0.7056;1000;11318231012;B
20241021;100645;0.7054;1000;11318231035;B
20241021;100646;0.7043;10000;11318231358;S
20241021;100646;0.7041;27000;11318231359;S
20241021;100648;0.7042;1000;11318231973;S
20241021;100649;0.7042;15000;11318232121;S
20241021;100651;0.7046;6000;11318232571;B
20241021;100652;0.7046;1000;11318232787;B
20241021;100652;0.7045;1000;11318232803;S
20241021;100652;0.7044;1000;11318232804;S
20241021;100652;0.7043;2000;11318232805;S
20241021;100652;0.7043;18000;11318232806;S
20241021;100652;0.7042;184000;11318232807;S
20241021;100652;0.7042;18000;11318232808;S
20241021;100652;0.7041;100000;11318232809;S
20241021;100652;0.7038;152000;11318232810;S
20241021;100652;0.7038;164000;11318232811;S
20241021;100652;0.7038;150000;11318232812;S
20241021;100652;0.7037;210000;11318232813;S
20241021;100652;0.7042;1000;11318232834;B
20241021;100652;0.7042;1000;11318232855;B
20241021;100653;0.7042;1000;11318232886;B
20241021;100654;0.7037;15000;11318233217;S
20241021;100656;0.7041;1000;11318233384;B
20241021;100657;0.7041;4000;11318233642;B
20241021;100657;0.7041;34000;11318233643;B
20241021;100657;0.7042;32000;11318233644;B
20241021;100701;0.7044;17000;11318234331;B
20241021;100701;0.7044;186000;11318234332;B
20241021;100701;0.7045;3000;11318234333;B
20241021;100701;0.7045;1000;11318234334;B
20241021;100701;0.7045;150000;11318234335;B
20241021;100701;0.7046;281000;11318234336;B
20241021;100701;0.7047;30000;11318234337;B
20241021;100701;0.7048;100000;11318234338;B
20241021;100701;0.705;1000;11318234339;B
20241021;100701;0.705;1000;11318234340;B
20241021;100701;0.705;1000;11318234341;B
20241021;100701;0.705;1000;11318234342;B
20241021;100701;0.7051;218000;11318234343;B
20241021;100701;0.7052;50000;11318234344;B
20241021;100701;0.7054;10000;11318234345;B
20241021;100701;0.7054;30000;11318234346;B
20241021;100701;0.7055;250000;11318234347;B
20241021;100701;0.7057;2000;11318234348;B
20241021;100701;0.7057;3000;11318234349;B
20241021;100701;0.7057;50000;11318234350;B
20241021;100701;0.7057;10000;11318234351;B
20241021;100701;0.7058;5000;11318234352;B
20241021;100701;0.7058;3000;11318234353;B
20241021;100701;0.7058;300000;11318234354;B
20241021;100701;0.7058;22000;11318234355;B
20241021;100701;0.7058;11000;11318234356;B
20241021;100701;0.7059;50000;11318234357;B
20241021;100701;0.7059;5000;11318234358;B
20241021;100701;0.7059;21000;11318234359;B
20241021;100701;0.7059;50000;11318234360;B
20241021;100701;0.7059;80000;11318234361;B
20241021;100701;0.7059;20000;11318234362;B
20241021;100701;0.706;38000;11318234363;B
20241021;100701;0.7039;1000;11318234382;S
20241021;100702;0.704;14000;11318234669;S
20241021;100703;0.7043;50000;11318234823;S
20241021;100703;0.705;16000;11318234884;B
20241021;100703;0.7052;28000;11318234885;B
20241021;100703;0.7053;51000;11318234886;B
20241021;100703;0.7054;55000;11318234887;B
20241021;100704;0.7054;12000;11318235064;B
20241021;100706;0.7054;17000;11318235323;B
20241021;100706;0.7056;25000;11318235324;B
20241021;100706;0.7057;39000;11318235325;B
20241021;100706;0.7057;10000;11318235326;B
20241021;100706;0.7057;25000;11318235327;B
20241021;100706;0.7058;50000;11318235328;B
20241021;100706;0.7058;14000;11318235329;B
20241021;100706;0.7059;2000;11318235330;B
20241021;100706;0.7059;84000;11318235331;B
20241021;100706;0.7059;50000;11318235332;B
20241021;100706;0.7059;60000;11318235333;B
20241021;100706;0.706;601000;11318235334;B
20241021;100706;0.7053;1000;11318235347;S
20241021;100706;0.7053;40000;11318235361;S
20241021;100706;0.706;10000;11318235436;B
20241021;100706;0.7053;10000;11318235470;S
20241021;100708;0.706;490000;11318235736;B
20241021;100708;0.706;1000;11318235783;B
20241021;100710;0.7055;1000;11318236170;S
20241021;100711;0.706;5000;11318236399;B
20241021;100712;0.706;85000;11318236830;B
20241021;100715;0.706;1000;11318237211;B
20241021;100715;0.7057;5000;11318237220;S
20241021;100715;0.706;1000;11318237226;B
20241021;100715;0.706;1000;11318237235;B
20241021;100715;0.706;1000;11318237247;B
20241021;100715;0.7057;15000;11318237250;S
20241021;100715;0.7056;5000;11318237251;S
20241021;100715;0.7055;4000;11318237252;S
20241021;100715;0.7055;10000;11318237253;S
20241021;100715;0.7054;16000;11318237254;S
20241021;100715;0.706;1000;11318237266;B
20241021;100716;0.706;1000;11318237340;B
20241021;100716;0.706;1000;11318237451;B
20241021;100716;0.7055;1000;11318237497;B
20241021;100716;0.7055;1000;11318237515;B
20241021;100717;0.7055;1000;11318237546;B
20241021;100717;0.7055;1000;11318237583;B
20241021;100717;0.7055;1000;11318237613;B
20241021;100717;0.7055;9000;11318237621;B
20241021;100717;0.7059;25000;11318237622;B
20241021;100717;0.706;26000;11318237623;B
20241021;100717;0.706;1000;11318237630;B
20241021;100717;0.706;1000;11318237665;B
20241021;100718;0.706;1000;11318237679;B
20241021;100718;0.706;1000;11318237812;B
20241021;100718;0.7058;1000;11318237857;B
20241021;100718;0.7058;1000;11318237891;B
20241021;100719;0.7058;1000;11318237971;B
20241021;100719;0.7058;1000;11318237989;B
20241021;100719;0.7058;1000;11318238041;B
20241021;100719;0.7058;1000;11318238046;B
20241021;100720;0.7058;6000;11318238098;B
20241021;100721;0.7057;1000;11318238396;S
20241021;100722;0.7057;1000;11318238528;B
20241021;100722;0.7057;1000;11318238661;B
20241021;100722;0.7057;1000;11318238690;B
20241021;100722;0.7057;1000;11318238719;B
20241021;100722;0.7058;1000;11318238739;B
20241021;100723;0.7053;22000;11318238869;S
20241021;100723;0.7052;10000;11318238870;S
20241021;100723;0.7052;1000;11318238871;S
20241021;100723;0.705;30000;11318238872;S
20241021;100723;0.705;17000;11318238873;S
20241021;100723;0.7049;17000;11318238874;S
20241021;100723;0.7048;1000;11318238875;S
20241021;100723;0.7048;45000;11318238876;S
20241021;100723;0.7057;1000;11318238885;B
20241021;100723;0.7053;3000;11318238971;S
20241021;100723;0.7049;1000;11318238984;S
20241021;100724;0.7055;1000;11318239015;S
20241021;100724;0.7049;12000;11318239187;S
20241021;100726;0.7049;17000;11318239582;S
20241021;100726;0.7046;1000;11318239583;S
20241021;100726;0.7045;4000;11318239584;S
20241021;100726;0.7044;2000;11318239585;S
20241021;100726;0.7044;22000;11318239586;S
20241021;100726;0.7044;173000;11318239587;S
20241021;100726;0.7043;3000;11318239588;S
20241021;100728;0.7053;10000;11318239996;B
20241021;100728;0.7055;10000;11318239997;B
20241021;100728;0.7055;6000;11318239998;B
20241021;100730;0.7052;50000;11318240657;B
20241021;100730;0.7053;10000;11318240658;B
20241021;100731;0.7045;10000;11318240896;S
20241021;100731;0.7045;10000;11318240897;S
20241021;100731;0.7043;10000;11318240898;S
20241021;100731;0.7042;6000;11318240899;S
20241021;100731;0.7042;30000;11318240900;S
20241021;100731;0.7041;34000;11318240901;S
20241021;100733;0.7048;1000;11318241388;S
20241021;100734;0.7048;4000;11318241474;B
20241021;100734;0.7047;22000;11318241599;B
20241021;100734;0.7048;46000;11318241600;B
20241021;100734;0.7048;10000;11318241601;B
20241021;100734;0.7049;60000;11318241602;B
20241021;100734;0.7049;3000;11318241633;B
20241021;100735;0.7041;1000;11318241748;S
20241021;100735;0.7048;100000;11318241807;B
20241021;100735;0.7048;4000;11318241849;B
20241021;100737;0.7043;2000;11318242080;S
20241021;100738;0.7043;8000;11318242495;S
20241021;100738;0.7041;183000;11318242496;S
20241021;100738;0.7041;26000;11318242497;S
20241021;100738;0.704;83000;11318242498;S
20241021;100739;0.7043;3000;11318242540;B
20241021;100739;0.7047;28000;11318242541;B
20241021;100739;0.7047;1000;11318242542;B
20241021;100739;0.7048;104000;11318242543;B
20241021;100739;0.7048;19000;11318242544;B
20241021;100743;0.7044;3000;11318243783;B
20241021;100745;0.7043;10000;11318244203;S
20241021;100748;0.704;317000;11318245212;S
20241021;100748;0.704;20000;11318245213;S
20241021;100748;0.7038;14000;11318245214;S
20241021;100748;0.7038;100000;11318245215;S
20241021;100748;0.7038;282000;11318245216;S
20241021;100748;0.7038;2000;11318245221;S
20241021;100748;0.7042;5000;11318245253;B
20241021;100750;0.7042;9000;11318245598;B
20241021;100751;0.7042;1000;11318245843;B
20241021;100751;0.7042;3000;11318245896;B
20241021;100752;0.7041;1000;11318246115;S
20241021;100752;0.7038;116000;11318246252;S
20241021;100752;0.7031;1000;11318246253;S
20241021;100752;0.7031;30000;11318246254;S
20241021;100752;0.7031;30000;11318246255;S
20241021;100752;0.703;123000;11318246256;S
20241021;100753;0.704;1000;11318246301;B
20241021;100753;0.704;14000;11318246344;B
20241021;100753;0.7039;1000;11318246493;S
20241021;100755;0.7035;100000;11318246842;B
20241021;100755;0.7035;17000;11318247014;B
20241021;100755;0.7035;9000;11318247015;B
20241021;100755;0.7037;7000;11318247016;B
20241021;100803;0.7028;1000;11318249160;S
20241021;100805;0.7034;1000;11318249607;B
20241021;100805;0.7035;13000;11318249608;B
20241021;100806;0.7034;3000;11318249749;B
20241021;100806;0.7034;2000;11318249751;B
20241021;100806;0.7034;1000;11318249907;B
20241021;100806;0.7035;1000;11318249908;B
20241021;100807;0.7034;1000;11318250092;B
20241021;100809;0.7034;4000;11318250525;B
20241021;100810;0.7035;1000;11318250724;B
20241021;100811;0.7032;5000;11318250935;S
20241021;100811;0.7031;1000;11318250936;S
20241021;100811;0.7029;4000;11318250937;S
20241021;100811;0.7034;2000;11318251010;B
20241021;100812;0.7034;2000;11318251113;B
20241021;100812;0.7034;1000;11318251114;B
20241021;100813;0.7034;1000;11318251321;B
20241021;100814;0.703;3000;11318251560;S
20241021;100814;0.7029;6000;11318251561;S
20241021;100814;0.7027;22000;11318251562;S
20241021;100814;0.7026;600000;11318251563;S
20241021;100814;0.7025;80000;11318251564;S
20241021;100814;0.7023;27000;11318251565;S
20241021;100814;0.7022;80000;11318251566;S
20241021;100814;0.7021;100000;11318251567;S
20241021;100814;0.702;3000;11318251568;S
20241021;100814;0.7019;79000;11318251569;S
20241021;100815;0.7032;30000;11318251697;B
20241021;100815;0.7032;136000;11318251698;S
20241021;100815;0.7033;167000;11318251699;S
20241021;100818;0.7027;1000;11318252303;S
20241021;100819;0.7026;1000;11318252443;B
20241021;100819;0.7026;1000;11318252475;B
20241021;100819;0.7025;1000;11318252482;S
20241021;100819;0.7026;1000;11318252507;B
20241021;100820;0.7026;1000;11318252773;B
20241021;100825;0.7025;6000;11318253659;B
20241021;100825;0.7026;9000;11318253660;B
20241021;100826;0.7026;3000;11318253742;B
20241021;100826;0.7026;2000;11318253746;B
20241021;100827;0.7025;2000;11318254059;S
20241021;100828;0.7026;1000;11318254122;B
20241021;100828;0.7026;1000;11318254221;B
20241021;100829;0.7025;18000;11318254280;S
20241021;100830;0.7024;3000;11318254466;B
20241021;100830;0.7024;3000;11318254467;B
20241021;100830;0.7022;1000;11318254628;S
20241021;100830;0.7021;28000;11318254629;S
20241021;100831;0.7024;5000;11318254818;B
20241021;100831;0.7024;4000;11318254819;B
20241021;100831;0.7024;2000;11318254835;B
20241021;100831;0.7021;2000;11318254884;S
20241021;100831;0.7021;1000;11318254885;S
20241021;100831;0.702;12000;11318254886;S
20241021;100833;0.7023;2000;11318255120;S
20241021;100833;0.7022;1000;11318255121;S
20241021;100833;0.7022;3000;11318255122;S
20241021;100833;0.702;38000;11318255123;S
20241021;100833;0.7018;52000;11318255124;S
20241021;100833;0.7016;4000;11318255125;S
20241021;100834;0.7024;16000;11318255303;B
20241021;100834;0.7024;15000;11318255306;B
20241021;100841;0.7024;1000;11318256447;B
20241021;100841;0.7024;1000;11318256500;B
20241021;100844;0.7023;1000;11318257061;S
20241021;100846;0.7022;3000;11318257405;S
20241021;100846;0.7022;239000;11318257441;S
20241021;100846;0.7024;1000;11318257445;B
20241021;100847;0.7023;21000;11318257515;B
20241021;100847;0.7023;19000;11318257565;S
20241021;100847;0.7022;38000;11318257566;S
20241021;100847;0.7022;40000;11318257567;S
20241021;100847;0.7022;3000;11318257568;S
20241021;100848;0.7024;6000;11318257778;B
20241021;100848;0.7024;7000;11318257779;B
20241021;100852;0.7022;1000;11318258654;B
20241021;100853;0.7022;1000;11318258872;B
20241021;100854;0.7022;348000;11318258925;B
20241021;100854;0.7023;19000;11318258926;B
20241021;100854;0.7024;104000;11318258927;B
20241021;100854;0.7024;19000;11318258928;B
20241021;100854;0.7025;85000;11318258929;B
20241021;100854;0.7025;96000;11318259135;B
20241021;100854;0.7025;19000;11318259136;B
20241021;100854;0.7028;1000;11318259138;B
20241021;100854;0.7028;30000;11318259139;B
20241021;100854;0.7028;45000;11318259141;S
20241021;100855;0.7025;1000;11318259180;B
20241021;100855;0.7028;1000;11318259195;B
20241021;100855;0.7029;218000;11318259196;B
20241021;100855;0.703;98000;11318259197;B
20241021;100856;0.703;1000;11318259335;B
20241021;100856;0.7024;1000;11318259528;S
20241021;100856;0.7022;3000;11318259529;S
20241021;100856;0.7021;1000;11318259530;S
20241021;100857;0.7021;21000;11318259543;B
20241021;100857;0.703;53000;11318259648;B
20241021;100857;0.703;27000;11318259649;B
20241021;100857;0.703;27000;11318259650;B
20241021;100858;0.703;4000;11318259840;B
20241021;100858;0.703;3000;11318259841;B
20241021;100900;0.7029;1000;11318260087;B
20241021;100903;0.7029;9000;11318260869;B
20241021;100904;0.7029;10000;11318261042;B
20241021;100904;0.703;3000;11318261043;B
20241021;100904;0.703;2000;11318261132;B
20241021;100904;0.703;1000;11318261133;B
20241021;100904;0.7029;2000;11318261247;S
20241021;100904;0.7028;9000;11318261248;S
20241021;100905;0.703;3000;11318261288;B
20241021;100905;0.703;5000;11318261290;B
20241021;100905;0.703;2000;11318261439;B
20241021;100905;0.703;5000;11318261440;B
20241021;100905;0.703;2000;11318261480;B
20241021;100905;0.703;1000;11318261482;B
20241021;100907;0.703;2000;11318261841;B
20241021;100907;0.703;2000;11318261845;B
20241021;100908;0.703;63000;11318262052;B
20241021;100908;0.703;7000;11318262053;B
20241021;100909;0.703;11000;11318262255;B
20241021;100909;0.703;12000;11318262259;B
20241021;100909;0.703;170000;11318262292;B
20241021;100909;0.703;1000;11318262293;B
20241021;100909;0.7031;1000;11318262295;B
20241021;100910;0.7031;2000;11318262475;B
20241021;100910;0.7032;1000;11318262487;B
20241021;100910;0.7032;1000;11318262490;B
20241021;100910;0.7033;3000;11318262491;B
20241021;100910;0.7033;2000;11318262492;B
20241021;100910;0.7034;14000;11318262493;B
20241021;100910;0.7034;4000;11318262494;B
20241021;100910;0.7034;10000;11318262495;B
20241021;100910;0.7034;21000;11318262496;B
20241021;100910;0.7034;1000;11318262515;B
20241021;100910;0.703;1000;11318262516;S
20241021;100911;0.7034;1000;11318262525;B
20241021;100911;0.703;5000;11318262654;S
20241021;100911;0.7034;1000;11318262663;B
20241021;100911;0.7034;1000;11318262709;B
20241021;100911;0.7035;1000;11318262723;B
20241021;100911;0.7035;1000;11318262745;B
20241021;100911;0.7034;1000;11318262748;B
20241021;100911;0.7034;1000;11318262762;B
20241021;100912;0.7035;2000;11318263003;B
20241021;100912;0.7035;1000;11318263004;B
20241021;100912;0.7035;8000;11318263049;B
20241021;100913;0.7035;2000;11318263221;B
20241021;100913;0.7035;2000;11318263223;B
20241021;100913;0.703;62000;11318263259;S
20241021;100914;0.7035;10000;11318263481;B
20241021;100914;0.7035;10000;11318263482;B
20241021;100915;0.7034;1000;11318263621;B
20241021;100915;0.7034;112000;11318263641;B
20241021;100915;0.7035;29000;11318263642;B
20241021;100916;0.7035;1000;11318263832;B
20241021;100921;0.7034;24000;11318264735;B
20241021;100921;0.7034;23000;11318264736;B
20241021;100921;0.7032;1000;11318264899;S
20241021;100927;0.7033;3000;11318266652;S
20241021;100927;0.7032;7000;11318266653;S
20241021;100928;0.7034;2000;11318266906;B
20241021;100928;0.7034;1000;11318266907;B
20241021;100934;0.7034;10000;11318268253;B
20241021;100935;0.7034;13000;11318268398;B
20241021;100935;0.7034;2000;11318268420;B
20241021;100935;0.7034;2000;11318268421;B
20241021;100938;0.7034;8000;11318268883;B
20241021;100939;0.7034;4000;11318268978;B
20241021;100939;0.7034;3000;11318268979;B
20241021;100939;0.7032;3000;11318269105;S
20241021;100939;0.7031;26000;11318269106;S
20241021;100939;0.703;17000;11318269107;S
20241021;100939;0.703;3000;11318269108;S
20241021;100939;0.703;40000;11318269109;S
20241021;100939;0.703;150000;11318269110;S
20241021;100939;0.703;26000;11318269111;S
20241021;100939;0.7029;50000;11318269112;S
20241021;100939;0.7024;1000;11318269113;S
20241021;100939;0.7023;22000;11318269114;S
20241021;100939;0.7023;2000;11318269115;S
20241021;100939;0.7023;30000;11318269116;S
20241021;100939;0.7022;218000;11318269117;S
20241021;100939;0.7021;150000;11318269118;S
20241021;100939;0.702;100000;11318269119;S
20241021;100939;0.702;50000;11318269120;S
20241021;100939;0.7018;80000;11318269121;S
20241021;100939;0.7018;218000;11318269122;S
20241021;100939;0.7018;145000;11318269123;S
20241021;100939;0.7017;169000;11318269124;S
20241021;100940;0.7031;30000;11318269268;B
20241021;100940;0.7031;35000;11318269269;B
20241021;100940;0.7031;185000;11318269270;S
20241021;100940;0.7032;30000;11318269271;B
20241021;100940;0.7032;220000;11318269272;S
20241021;100944;0.7021;1000;11318269865;S
20241021;100944;0.7027;47000;11318269901;B
20241021;100945;0.7028;8000;11318270097;B
20241021;100945;0.7028;7000;11318270098;B
20241021;100945;0.7028;1000;11318270099;B
20241021;100949;0.7024;100000;11318270742;B
20241021;100949;0.7025;120000;11318270743;B
20241021;100950;0.7025;36000;11318270848;B
20241021;100950;0.7025;37000;11318270849;B
20241021;100956;0.7025;1000;11318271897;B
20241021;100959;0.7025;14000;11318272514;B
20241021;101000;0.7025;3000;11318272623;B
20241021;101000;0.7025;2000;11318272624;B
20241021;101002;0.7022;22000;11318272895;S
20241021;101003;0.7022;200000;11318273181;S
20241021;101004;0.7025;4000;11318273305;B
20241021;101004;0.7025;3000;11318273306;B
20241021;101004;0.7025;6000;11318273343;B
20241021;101004;0.7025;57000;11318273344;B
20241021;101005;0.7025;34000;11318273438;B
20241021;101005;0.7025;33000;11318273439;B
20241021;101005;0.7025;43000;11318273466;B
20241021;101005;0.7025;1000;11318273467;B
20241021;101005;0.7026;11000;11318273482;B
20241021;101005;0.7026;10000;11318273483;B
20241021;101006;0.7026;7000;11318273546;B
20241021;101006;0.7026;8000;11318273549;B
20241021;101006;0.7026;100000;11318273552;B
20241021;101006;0.7026;100000;11318273580;B
20241021;101006;0.7026;34000;11318273581;B
20241021;101007;0.7032;22000;11318273702;B
20241021;101007;0.7033;78000;11318273703;B
20241021;101007;0.7033;33000;11318273722;B
20241021;101007;0.7033;33000;11318273723;B
20241021;101008;0.7034;23000;11318273820;B
20241021;101008;0.7034;22000;11318273822;B
20241021;101011;0.703;1000;11318274208;S
20241021;101011;0.7033;6000;11318274232;B
20241021;101012;0.7033;1000;11318274409;B
20241021;101012;0.7033;1000;11318274410;B
20241021;101012;0.7033;1000;11318274551;B
20241021;101013;0.7033;1000;11318274590;B
20241021;101013;0.7033;1000;11318274629;B
20241021;101013;0.7033;1000;11318274670;B
20241021;101013;0.7033;1000;11318274700;B
20241021;101013;0.7033;1000;11318274717;B
20241021;101013;0.7033;1000;11318274728;B
20241021;101013;0.7033;1000;11318274751;B
20241021;101014;0.7033;1000;11318274768;B
20241021;101014;0.7033;1000;11318274773;B
20241021;101014;0.7033;1000;11318274796;B
20241021;101014;0.7033;1000;11318274831;B
20241021;101015;0.7033;1000;11318275096;B
20241021;101016;0.7033;1000;11318275138;B
20241021;101016;0.7033;1000;11318275317;B
20241021;101021;0.7032;1000;11318276117;S
20241021;101022;0.7032;25000;11318276300;S
20241021;101022;0.703;39000;11318276301;S
20241021;101022;0.703;23000;11318276302;S
20241021;101022;0.7029;13000;11318276303;S
20241021;101023;0.7033;17000;11318276591;B
20241021;101023;0.7033;16000;11318276592;B
20241021;101023;0.7033;1000;11318276593;B
20241021;101026;0.7027;1000;11318277144;S
20241021;101027;0.7029;7000;11318277363;B
20241021;101027;0.7029;34000;11318277364;B
20241021;101027;0.703;29000;11318277365;B
20241021;101028;0.703;12000;11318277508;B
20241021;101028;0.703;11000;11318277509;B
20241021;101032;0.7029;1000;11318278450;S
20241021;101033;0.703;1000;11318278750;B
20241021;101038;0.7027;2000;11318279791;S
20241021;101040;0.7029;5000;11318280111;B
20241021;101040;0.7028;1000;11318280217;S
20241021;101040;0.7027;4000;11318280218;S
20241021;101041;0.703;1000;11318280344;B
20241021;101041;0.703;1000;11318280471;B
20241021;101045;0.7027;15000;11318281401;S
20241021;101045;0.7026;1000;11318281497;S
20241021;101045;0.7026;197000;11318281498;S
20241021;101045;0.7026;3000;11318281499;S
20241021;101045;0.7026;2000;11318281500;S
20241021;101045;0.7026;3000;11318281501;S
20241021;101045;0.7025;794000;11318281502;S
20241021;101045;0.7025;562000;11318281503;S
20241021;101045;0.7025;4000;11318281504;S
20241021;101045;0.7025;2000;11318281505;S
20241021;101045;0.7025;2000;11318281506;S
20241021;101046;0.7028;218000;11318281626;B
20241021;101046;0.7028;35000;11318281627;B
20241021;101046;0.7029;124000;11318281628;B
20241021;101046;0.7029;25000;11318281629;B
20241021;101046;0.703;8000;11318281630;B
20241021;101046;0.703;112000;11318281631;B
20241021;101048;0.7022;1000;11318282101;S
20241021;101052;0.7022;29000;11318283256;S
20241021;101052;0.702;40000;11318283257;S
20241021;101052;0.702;27000;11318283258;S
20241021;101052;0.7019;2000;11318283259;S
20241021;101052;0.7019;2000;11318283260;S
20241021;101052;0.7018;30000;11318283261;S
20241021;101052;0.7018;10000;11318283262;S
20241021;101052;0.7018;60000;11318283263;S
20241021;101053;0.7023;34000;11318283453;B
20241021;101053;0.7023;16000;11318283454;B
20241021;101053;0.7023;17000;11318283455;B
20241021;101054;0.7027;6000;11318283537;B
20241021;101054;0.7027;33000;11318283538;B
20241021;101054;0.7018;10000;11318283541;S
20241021;101055;0.7025;3000;11318283925;B
20241021;101055;0.7025;4000;11318283926;B
20241021;101055;0.7025;6000;11318283927;B
20241021;101055;0.7024;1000;11318284236;S
20241021;101056;0.7023;2000;11318284491;B
20241021;101056;0.7022;25000;11318284535;B
20241021;101056;0.7022;25000;11318284536;B
20241021;101057;0.7022;9000;11318284770;B
20241021;101057;0.7022;1000;11318284772;B
20241021;101057;0.7023;7000;11318284774;B
20241021;101057;0.7018;1000;11318284900;S
20241021;101059;0.7025;50000;11318285312;B
20241021;101059;0.7025;25000;11318285313;B
20241021;101100;0.7024;13000;11318285439;S
20241021;101100;0.7025;12000;11318285440;B
20241021;101103;0.7025;2000;11318286008;B
20241021;101103;0.7024;1000;11318286054;S
20241021;101108;0.7024;8000;11318286973;B
20241021;101108;0.7024;1000;11318287068;B
20241021;101108;0.7024;1000;11318287069;B
20241021;101108;0.7024;1000;11318287070;B
20241021;101109;0.7024;7000;11318287104;B
20241021;101109;0.7025;7000;11318287105;B
20241021;101109;0.7025;6000;11318287106;B
20241021;101109;0.7025;50000;11318287109;B
20241021;101110;0.7025;3000;11318287256;B
20241021;101110;0.7025;3000;11318287257;B
20241021;101110;0.7025;9000;11318287371;B
20241021;101110;0.7025;8000;11318287372;B
20241021;101111;0.7023;5000;11318287475;S
20241021;101111;0.702;65000;11318287476;S
20241021;101112;0.7025;11000;11318287626;B
20241021;101112;0.7025;10000;11318287627;B
20241021;101112;0.7025;2000;11318287628;B
20241021;101113;0.7021;6000;11318287720;S
20241021;101113;0.702;82000;11318287721;S
20241021;101113;0.702;5000;11318287722;S
20241021;101113;0.7019;7000;11318287723;S
20241021;101114;0.7029;17000;11318287831;B
20241021;101114;0.7029;13000;11318287832;B
20241021;101114;0.7029;4000;11318287833;B
20241021;101115;0.702;4000;11318287962;S
20241021;101115;0.7019;63000;11318287963;S
20241021;101115;0.7018;25000;11318287964;S
20241021;101115;0.7018;111000;11318287965;S
20241021;101115;0.7017;97000;11318287966;S
20241021;101116;0.702;50000;11318288051;S
20241021;101116;0.7017;300000;11318288052;S
20241021;101116;0.7023;1000;11318288113;B
20241021;101116;0.7023;35000;11318288114;B
20241021;101116;0.7027;14000;11318288115;B
20241021;101117;0.7025;50000;11318288267;B
20241021;101117;0.7025;50000;11318288268;B
20241021;101119;0.7017;250000;11318288575;S
20241021;101120;0.7023;42000;11318288807;B
20241021;101120;0.7023;41000;11318288808;B
20241021;101122;0.7017;15000;11318289163;S
20241021;101122;0.7022;4000;11318289221;B
20241021;101123;0.7023;2000;11318289268;B
20241021;101123;0.7023;3000;11318289269;B
20241021;101124;0.7023;1000;11318289407;B
20241021;101126;0.7023;1000;11318289734;B
20241021;101127;0.7023;1000;11318289838;B
20241021;101130;0.7018;50000;11318290316;S
20241021;101130;0.7018;4000;11318290317;S
20241021;101130;0.7018;22000;11318290318;S
20241021;101131;0.7018;12000;11318290452;B
20241021;101131;0.7018;13000;11318290453;B
20241021;101134;0.7018;75000;11318290988;B
20241021;101137;0.7018;12000;11318291470;B
20241021;101137;0.7018;13000;11318291471;B
20241021;101137;0.7017;13000;11318291493;S
20241021;101138;0.7018;2000;11318291737;B
20241021;101138;0.7018;2000;11318291738;B
20241021;101143;0.7017;250000;11318292597;S
20241021;101143;0.7017;138000;11318292624;S
20241021;101144;0.7018;42000;11318292867;B
20241021;101144;0.7018;42000;11318292868;B
20241021;101145;0.7017;1000;11318293046;S
20241021;101145;0.7017;490000;11318293059;S
20241021;101146;0.7018;23000;11318293323;B
20241021;101146;0.7018;23000;11318293324;B
20241021;101146;0.7018;20000;11318293466;B
20241021;101146;0.7018;3000;11318293467;B
20241021;101146;0.702;35000;11318293468;B
20241021;101146;0.7022;22000;11318293469;B
20241021;101146;0.7022;36000;11318293470;B
20241021;101146;0.7023;47000;11318293471;B
20241021;101147;0.7023;1000;11318293655;B
20241021;101148;0.7018;44000;11318293754;S
20241021;101148;0.7018;1000;11318293755;S
20241021;101148;0.7017;205000;11318293756;S
20241021;101148;0.7017;391000;11318293757;S
20241021;101148;0.7017;9000;11318293758;S
20241021;101148;0.702;41000;11318293867;S
20241021;101149;0.702;33000;11318293868;S
20241021;101149;0.7019;1000;11318294086;B
20241021;101149;0.702;35000;11318294087;B
20241021;101149;0.7021;50000;11318294088;B
20241021;101149;0.7023;30000;11318294089;B
20241021;101149;0.7023;14000;11318294090;B
20241021;101154;0.7015;15000;11318295114;S
20241021;101154;0.7015;10000;11318295115;S
20241021;101154;0.7015;30000;11318295116;S
20241021;101154;0.7015;1000;11318295117;S
20241021;101154;0.7013;2000;11318295118;S
20241021;101154;0.7013;1000;11318295119;S
20241021;101154;0.7012;10000;11318295120;S
20241021;101154;0.7011;30000;11318295121;S
20241021;101154;0.7011;15000;11318295122;S
20241021;101154;0.7019;14000;11318295230;B
20241021;101154;0.7015;19000;11318295237;S
20241021;101154;0.7011;19000;11318295238;S
20241021;101154;0.7011;35000;11318295239;S
20241021;101154;0.701;10000;11318295240;S
20241021;101154;0.701;14000;11318295241;S
20241021;101154;0.7009;5000;11318295242;S
20241021;101154;0.7009;48000;11318295243;S
20241021;101155;0.7018;10000;11318295434;B
20241021;101155;0.702;21000;11318295435;B
20241021;101155;0.702;1000;11318295436;B
20241021;101155;0.702;10000;11318295437;B
20241021;101156;0.7019;1000;11318295552;B
20241021;101157;0.7012;1000;11318295665;S
20241021;101157;0.7011;17000;11318295666;S
20241021;101157;0.7011;35000;11318295667;S
20241021;101157;0.701;47000;11318295668;S
20241021;101158;0.7021;17000;11318295934;B
20241021;101158;0.7021;17000;11318295935;B
20241021;101200;0.7014;1000;11318296452;S
20241021;101201;0.7014;4000;11318296508;S
20241021;101201;0.701;96000;11318296509;S
20241021;101201;0.702;16000;11318296737;B
20241021;101201;0.702;14000;11318296747;B
20241021;101201;0.702;3000;11318296748;S
20241021;101219;0.7012;1000;11318300830;B
20241021;101220;0.7012;1000;11318300998;B
20241021;101222;0.7012;2000;11318301409;B
20241021;101222;0.7016;35000;11318301410;B
20241021;101222;0.7019;43000;11318301411;B
20241021;101223;0.702;13000;11318301530;B
20241021;101223;0.702;9000;11318301531;B
20241021;101223;0.702;4000;11318301532;B
20241021;101228;0.7018;5000;11318302610;B
20241021;101228;0.7019;11000;11318302611;B
20241021;101228;0.702;46000;11318302612;B
20241021;101228;0.702;35000;11318302613;B
20241021;101228;0.702;11000;11318302614;B
20241021;101228;0.7021;40000;11318302615;B
20241021;101228;0.7023;117000;11318302616;B
20241021;101228;0.7025;15000;11318302617;B
20241021;101228;0.7025;3000;11318302618;B
20241021;101228;0.7025;17000;11318302619;B
20241021;101229;0.7025;50000;11318302795;B
20241021;101229;0.7025;50000;11318302796;B
20241021;101230;0.7018;6000;11318302988;S
20241021;101231;0.7025;1000;11318303089;B
20241021;101231;0.7025;1000;11318303090;B
20241021;101235;0.702;1000;11318303849;B
20241021;101237;0.702;1000;11318304313;B
20241021;101246;0.7018;1000;11318305877;S
20241021;101247;0.702;2000;11318305966;B
20241021;101250;0.702;50000;11318306759;B
20241021;101251;0.702;9000;11318306863;B
20241021;101251;0.702;8000;11318306865;B
20241021;101253;0.702;1000;11318307224;B
20241021;101254;0.702;1000;11318307488;B
20241021;101256;0.702;52000;11318307919;B
20241021;101256;0.702;10000;11318307920;B
20241021;101257;0.702;10000;11318308170;B
20241021;101257;0.702;4000;11318308171;B
20241021;101257;0.702;6000;11318308172;B
20241021;101300;0.7018;1000;11318308716;S
20241021;101301;0.702;1000;11318308765;B
20241021;101301;0.702;1000;11318308941;B
20241021;101314;0.702;2000;11318311266;B
20241021;101314;0.702;5000;11318311408;B
20241021;101315;0.702;84000;11318311487;B
20241021;101315;0.702;1000;11318311687;B
20241021;101315;0.702;1000;11318311689;B
20241021;101316;0.702;10000;11318311947;B
20241021;101316;0.702;14000;11318311983;B
20241021;101316;0.702;14000;11318311984;B
20241021;101317;0.702;2000;11318312087;B
20241021;101317;0.702;2000;11318312088;B
20241021;101319;0.702;118000;11318312450;B
20241021;101319;0.702;5000;11318312451;B
20241021;101319;0.702;15000;11318312452;B
20241021;101319;0.7023;1000;11318312653;B
20241021;101319;0.7025;1000;11318312654;B
20241021;101319;0.7025;22000;11318312655;B
20241021;101319;0.7025;22000;11318312656;B
20241021;101329;0.7024;51000;11318314346;B
20241021;101330;0.7024;9000;11318314531;B
20241021;101330;0.7025;8000;11318314532;B
20241021;101334;0.7024;70000;11318315243;B
20241021;101334;0.7024;19000;11318315244;B
20241021;101334;0.7025;48000;11318315245;B
20241021;101334;0.7025;26000;11318315246;B
20241021;101335;0.7025;27000;11318315381;B
20241021;101335;0.7025;27000;11318315382;B
20241021;101335;0.7021;21000;11318315483;S
20241021;101335;0.702;62000;11318315484;S
20241021;101335;0.702;17000;11318315485;S
20241021;101336;0.7025;16000;11318315709;B
20241021;101336;0.7025;17000;11318315711;B
20241021;101354;0.7022;4000;11318319425;B
20241021;101354;0.7018;12000;11318319494;S
20241021;101354;0.7018;6000;11318319495;S
20241021;101354;0.7018;1000;11318319496;S
20241021;101354;0.7017;1000;11318319497;S
20241021;101354;0.7016;7000;11318319498;S
20241021;101354;0.7015;30000;11318319499;S
20241021;101354;0.7015;30000;11318319500;S
20241021;101354;0.7014;20000;11318319501;S
20241021;101354;0.7014;35000;11318319502;S
20241021;101354;0.7011;22000;11318319503;S
20241021;101354;0.7011;85000;11318319510;B
20241021;101355;0.7011;1000;11318319701;B
20241021;101355;0.7015;27000;11318319702;B
20241021;101355;0.7015;8000;11318319704;B
20241021;101355;0.7022;18000;11318319705;B
20241021;101356;0.7021;14000;11318319789;B
20241021;101356;0.7021;14000;11318319790;B
20241021;101408;0.702;1000;11318321655;B
20241021;101413;0.7012;3000;11318322420;S
20241021;101414;0.702;2000;11318322506;B
20241021;101414;0.702;1000;11318322514;B
20241021;101415;0.702;1000;11318322616;B
20241021;101416;0.7012;1000;11318322803;S
20241021;101416;0.7012;10000;11318322804;S
20241021;101416;0.7011;5000;11318322805;S
20241021;101416;0.7011;10000;11318322806;S
20241021;101416;0.7011;35000;11318322807;S
20241021;101416;0.701;3000;11318322808;S
20241021;101416;0.701;5000;11318322809;S
20241021;101416;0.701;112000;11318322810;S
20241021;101416;0.701;114000;11318322811;S
20241021;101417;0.7016;5000;11318322941;B
20241021;101417;0.7017;49000;11318322942;B
20241021;101417;0.7017;21000;11318322943;B
20241021;101417;0.7017;23000;11318322944;B
20241021;101417;0.7006;1000;11318322954;S
20241021;101417;0.7006;50000;11318322955;S
20241021;101417;0.7006;20000;11318322956;S
20241021;101418;0.7016;3000;11318323127;B
20241021;101418;0.7016;9000;11318323128;B
20241021;101418;0.7016;12000;11318323129;B
20241021;101428;0.7008;1000;11318324860;S
20241021;101428;0.7007;10000;11318324861;S
20241021;101428;0.7006;10000;11318324862;S
20241021;101428;0.7006;35000;11318324863;S
20241021;101428;0.7005;2000;11318324864;S
20241021;101428;0.7005;111000;11318324865;S
20241021;101428;0.7004;1000;11318324866;S
20241021;101428;0.7003;6000;11318324875;S
20241021;101429;0.7013;5000;11318325000;B
20241021;101429;0.7013;6000;11318325001;B
20241021;101429;0.7013;18000;11318325002;S
20241021;101429;0.7014;28000;11318325003;B
20241021;101430;0.7015;1000;11318325186;B
20241021;101430;0.7015;1000;11318325187;B
20241021;101439;0.7006;25000;11318326888;S
20241021;101439;0.7006;25000;11318326900;S
20241021;101439;0.7007;2000;11318327065;B
20241021;101440;0.7013;4000;11318327123;B
20241021;101440;0.7012;2000;11318327124;B
20241021;101441;0.7013;4000;11318327278;B
20241021;101441;0.7013;4000;11318327279;B
20241021;101442;0.7003;2000;11318327466;S
20241021;101443;0.701;1000;11318327598;B
20241021;101443;0.701;1000;11318327717;B
20241021;101445;0.7003;5000;11318328151;S
20241021;101445;0.7003;2000;11318328152;S
20241021;101446;0.7009;2000;11318328276;B
20241021;101446;0.7009;1000;11318328277;B
20241021;101453;0.7009;1000;11318329546;B
20241021;101455;0.7003;5000;11318329827;S
20241021;101455;0.7003;14000;11318329828;S
20241021;101455;0.7003;3000;11318329898;B
20241021;101455;0.7003;3000;11318329899;B
20241021;101455;0.7002;2000;11318329954;S
20241021;101457;0.7003;1000;11318330163;B
20241021;101457;0.7002;3000;11318330202;S
20241021;101457;0.7002;5000;11318330203;S
20241021;101457;0.7002;70000;11318330204;S
20241021;101457;0.7001;1000;11318330205;S
20241021;101457;0.7001;10000;11318330206;S
20241021;101457;0.7001;1000;11318330207;S
20241021;101457;0.7001;1000;11318330208;S
20241021;101458;0.7003;8000;11318330298;B
20241021;101458;0.7005;5000;11318330299;B
20241021;101458;0.7008;13000;11318330300;B
20241021;101458;0.7009;1000;11318330301;B
20241021;101458;0.7009;13000;11318330302;B
20241021;101458;0.701;30000;11318330303;B
20241021;101458;0.7011;15000;11318330376;B
20241021;101458;0.7011;15000;11318330377;B
20241021;101459;0.701;12000;11318330550;B
20241021;101459;0.701;6000;11318330551;B
20241021;101459;0.7011;6000;11318330552;B
20241021;101501;0.7005;5000;11318330977;S
20241021;101501;0.7003;3000;11318330978;S
20241021;101501;0.7003;2000;11318330994;S
20241021;101501;0.7003;1000;11318330995;S
20241021;101501;0.7002;1000;11318330996;S
20241021;101501;0.7002;6000;11318330997;S
20241021;101501;0.7002;29000;11318331055;S
20241021;101501;0.7002;2000;11318331056;S
20241021;101501;0.7001;109000;11318331057;S
20241021;101502;0.7008;1000;11318331364;B
20241021;101502;0.7008;2000;11318331601;B
20241021;101503;0.7008;2000;11318331756;B
20241021;101503;0.7009;5000;11318331759;B
20241021;101503;0.701;21000;11318331760;B
20241021;101503;0.701;9000;11318331761;B
20241021;101503;0.7011;9000;11318331762;B
20241021;101503;0.7003;1000;11318331884;S
20241021;101503;0.7002;39000;11318331885;S
20241021;101503;0.7011;15000;11318331923;B
20241021;101503;0.7011;1000;11318332064;B
20241021;101504;0.7007;2000;11318332117;S
20241021;101504;0.7011;7000;11318332252;B
20241021;101504;0.7011;4000;11318332253;B
20241021;101504;0.7004;2000;11318332480;S
20241021;101504;0.7003;3000;11318332481;S
20241021;101504;0.7002;8000;11318332482;S
20241021;101505;0.7002;9000;11318332565;S
20241021;101505;0.7011;13000;11318332589;B
20241021;101505;0.7011;1000;11318332668;B
20241021;101505;0.7011;1000;11318332973;B
20241021;101505;0.7011;2000;11318332975;B
20241021;101505;0.7011;2000;11318333008;B
20241021;101506;0.7011;6000;11318333132;B
20241021;101506;0.701;4000;11318333340;B
20241021;101506;0.701;3000;11318333341;B
20241021;101507;0.701;1000;11318333539;B
20241021;101507;0.7007;1000;11318333579;S
20241021;101507;0.7004;1000;11318333580;S
20241021;101507;0.7009;1000;11318333683;B
20241021;101507;0.7009;1000;11318333849;B
20241021;101508;0.7009;1000;11318334195;B
20241021;101509;0.7003;5000;11318334408;S
20241021;101509;0.7002;175000;11318334409;S
20241021;101510;0.7009;2000;11318334814;B
20241021;101510;0.701;2000;11318334815;B
20241021;101510;0.701;10000;11318334816;B
20241021;101510;0.701;3000;11318334817;B
20241021;101510;0.7011;14000;11318334819;B
20241021;101510;0.7012;5000;11318334820;B
20241021;101510;0.7012;10000;11318334821;S
20241021;101510;0.7012;14000;11318334822;S
20241021;101513;0.7004;5000;11318336039;S
20241021;101513;0.7011;1000;11318336061;B
20241021;101513;0.7004;1000;11318336155;S
20241021;101513;0.7011;1000;11318336374;B
20241021;101514;0.7011;3000;11318336587;B
20241021;101514;0.7007;1000;11318336623;S
20241021;101514;0.7004;4000;11318336624;S
20241021;101514;0.7004;40000;11318336625;S
20241021;101514;0.7004;35000;11318336626;S
20241021;101514;0.7003;22000;11318336627;S
20241021;101514;0.7002;498000;11318336628;S
20241021;101515;0.7013;46000;11318337051;B
20241021;101515;0.7013;35000;11318337052;B
20241021;101515;0.7013;10000;11318337053;B
20241021;101515;0.7013;9000;11318337054;S
20241021;101515;0.7014;40000;11318337056;B
20241021;101515;0.7014;61000;11318337057;S
20241021;101516;0.7015;3000;11318337215;B
20241021;101517;0.7015;1000;11318337480;B
20241021;101517;0.7015;1000;11318337519;B
20241021;101517;0.7008;2000;11318337771;S
20241021;101518;0.7015;1000;11318338039;B
20241021;101519;0.7008;2000;11318338422;S
20241021;101521;0.7014;1000;11318338942;B
20241021;101522;0.7013;1000;11318339253;B
20241021;101524;0.7009;2000;11318339998;S
20241021;101525;0.7012;3000;11318340240;B
20241021;101525;0.7013;23000;11318340241;B
20241021;101525;0.7014;35000;11318340242;B
20241021;101525;0.7014;10000;11318340243;B
20241021;101525;0.7015;10000;11318340244;B
20241021;101525;0.7015;22000;11318340245;B
20241021;101525;0.7015;20000;11318340246;B
20241021;101525;0.7015;60000;11318340247;B
20241021;101525;0.7017;6000;11318340362;S
20241021;101526;0.7019;1000;11318340544;B
20241021;101526;0.7019;30000;11318340545;B
20241021;101526;0.7018;24000;11318340546;B
20241021;101526;0.7018;1000;11318340607;B
20241021;101526;0.7017;1000;11318340783;S
20241021;101526;0.7015;3000;11318340866;S
20241021;101526;0.701;12000;11318340867;S
20241021;101527;0.7013;2000;11318341028;S
20241021;101527;0.701;1000;11318341029;S
20241021;101527;0.7017;2000;11318341173;B
20241021;101529;0.7016;5000;11318341645;B
20241021;101530;0.7017;1000;11318341968;B
20241021;101530;0.701;1000;11318342046;S
20241021;101530;0.7009;30000;11318342047;S
20241021;101530;0.7007;35000;11318342048;S
20241021;101530;0.7006;25000;11318342049;S
20241021;101530;0.7006;83000;11318342050;S
20241021;101530;0.7017;1000;11318342232;B
20241021;101531;0.7011;9000;11318342342;S
20241021;101531;0.7017;16000;11318342366;B
20241021;101531;0.7017;13000;11318342367;B
20241021;101531;0.7017;20000;11318342368;B
20241021;101531;0.7006;1000;11318342434;S
20241021;101532;0.7016;1000;11318342707;B
20241021;101536;0.7014;1000;11318343955;B
20241021;101536;0.7005;5000;11318343960;S
20241021;101536;0.7005;22000;11318343961;S
20241021;101536;0.7005;5000;11318343962;S
20241021;101536;0.7005;30000;11318343963;S
20241021;101536;0.7005;11000;11318343964;S
20241021;101536;0.7004;1000;11318343965;S
20241021;101536;0.7004;10000;11318343966;S
20241021;101536;0.7004;5000;11318343967;S
20241021;101536;0.7004;11000;11318343968;S
20241021;101536;0.7004;5000;11318344041;S
20241021;101537;0.7013;1000;11318344133;B
20241021;101537;0.7009;1000;11318344205;S
20241021;101537;0.7012;5000;11318344232;B
20241021;101537;0.7012;12000;11318344233;S
20241021;101537;0.7013;10000;11318344234;B
20241021;101537;0.7013;6000;11318344235;S
20241021;101538;0.7009;1000;11318344448;S
20241021;101538;0.7014;1000;11318344479;B
20241021;101538;0.7012;1000;11318344583;S
20241021;101540;0.7012;30000;11318345072;S
20241021;101540;0.7013;5000;11318345182;B
20241021;101540;0.7013;5000;11318345183;B
20241021;101544;0.7013;1000;11318346379;B
20241021;101544;0.7013;5000;11318346382;B
20241021;101544;0.7013;1000;11318346426;B
20241021;101544;0.7013;1000;11318346494;B
20241021;101544;0.7013;1000;11318346495;B
20241021;101553;0.7012;1000;11318348981;S
20241021;101554;0.7013;1000;11318349086;B
20241021;101557;0.7012;3000;11318350339;S
20241021;101558;0.7013;1000;11318350441;B
20241021;101559;0.7012;22000;11318351050;S
20241021;101600;0.7013;3000;11318351137;B
20241021;101600;0.7013;4000;11318351138;B
20241021;101602;0.7012;63000;11318351741;S
20241021;101602;0.701;2000;11318351848;S
20241021;101603;0.7012;10000;11318351983;B
20241021;101603;0.7012;4000;11318351986;B
20241021;101603;0.7013;1000;11318351988;B
20241021;101603;0.7013;2000;11318351989;B
20241021;101603;0.7013;2000;11318351992;B
20241021;101603;0.7008;1000;11318352050;S
20241021;101606;0.7012;1000;11318352947;B
20241021;101607;0.7012;1000;11318353182;B
20241021;101612;0.7006;1000;11318354837;S
20241021;101613;0.7005;1000;11318354972;S
20241021;101613;0.7005;4000;11318354973;S
20241021;101614;0.7012;1000;11318355421;B
20241021;101614;0.7012;1000;11318355422;B
20241021;101614;0.7005;141000;11318355557;S
20241021;101614;0.7004;14000;11318355558;S
20241021;101615;0.7012;25000;11318355760;B
20241021;101615;0.7012;26000;11318355761;B
20241021;101617;0.7004;76000;11318356402;S
20241021;101617;0.7003;5000;11318356403;S
20241021;101617;0.7003;3000;11318356404;S
20241021;101617;0.7003;100000;11318356405;S
20241021;101617;0.7002;100000;11318356406;S
20241021;101617;0.7001;90000;11318356407;S
20241021;101617;0.7001;100000;11318356408;S
20241021;101617;0.7;26000;11318356409;S
20241021;101618;0.7;24000;11318356482;S
20241021;101618;0.7;5000;11318356483;S
20241021;101618;0.7;10000;11318356484;S
20241021;101618;0.7;23000;11318356485;S
20241021;101618;0.7009;84000;11318356643;B
20241021;101618;0.7009;83000;11318356644;B
20241021;101618;0.7001;2000;11318356692;S
20241021;101619;0.7001;81000;11318356755;S
20241021;101619;0.7001;11000;11318356756;S
20241021;101619;0.7;2000;11318356757;S
20241021;101619;0.7;1000;11318356758;S
20241021;101619;0.7;3000;11318356759;S
20241021;101619;0.7;1000;11318356760;S
20241021;101619;0.7;10000;11318356761;S
20241021;101619;0.7;1000;11318356762;S
20241021;101619;0.7004;10000;11318356894;B
20241021;101619;0.7;59000;11318356957;S
20241021;101619;0.7;41000;11318356958;S
20241021;101620;0.7002;16000;11318357146;S
20241021;101620;0.7002;4000;11318357192;B
20241021;101620;0.7003;13000;11318357195;B
20241021;101621;0.7002;17000;11318357348;S
20241021;101621;0.7002;13000;11318357349;B
20241021;101621;0.7003;4000;11318357350;B
20241021;101622;0.7003;1000;11318357704;B
20241021;101623;0.7003;12000;11318358237;B
20241021;101623;0.7003;35000;11318358238;B
20241021;101624;0.7004;8000;11318358532;B
20241021;101624;0.7004;8000;11318358533;B
20241021;101627;0.7;25000;11318359257;S
20241021;101628;0.7002;4000;11318359574;B
20241021;101628;0.7002;1000;11318359575;B
20241021;101628;0.7004;3000;11318359576;B
20241021;101636;0.7;10000;11318361800;S
20241021;101637;0.7001;1000;11318362006;B
20241021;101637;0.7001;2000;11318362007;B
20241021;101638;0.7001;1000;11318362198;B
20241021;101638;0.7;24000;11318362363;S
20241021;101638;0.7;10000;11318362364;S
20241021;101638;0.7;25000;11318362365;S
20241021;101638;0.7;1000;11318362366;S
20241021;101639;0.7001;1000;11318362398;B
20241021;101642;0.7;17000;11318363468;S
20241021;101642;0.7;1000;11318363469;S
20241021;101642;0.7;3000;11318363470;S
20241021;101642;0.7;20000;11318363471;S
20241021;101642;0.7;45000;11318363472;S
20241021;101643;0.7001;59000;11318363643;B
20241021;101643;0.7003;1000;11318363644;B
20241021;101643;0.7003;2000;11318363649;B
20241021;101643;0.7009;8000;11318363650;B
20241021;101643;0.7009;10000;11318363651;B
20241021;101644;0.7009;24000;11318363882;B
20241021;101644;0.7009;24000;11318363884;B
20241021;101645;0.7001;1000;11318364211;S
20241021;101646;0.7009;2000;11318364346;B
20241021;101646;0.7009;1000;11318364379;B
20241021;101646;0.7009;2000;11318364400;B
20241021;101647;0.7009;1000;11318364583;B
20241021;101647;0.7009;1000;11318364637;B
20241021;101647;0.7004;1000;11318364726;S
20241021;101648;0.7009;1000;11318364951;B
20241021;101649;0.7003;1000;11318365082;S
20241021;101649;0.7003;15000;11318365174;S
20241021;101650;0.7009;2000;11318365320;B
20241021;101650;0.7009;3000;11318365321;B
20241021;101650;0.7006;1000;11318365347;S
20241021;101652;0.7006;1000;11318365717;S
20241021;101652;0.7006;1000;11318365776;S
20241021;101653;0.7009;1000;11318365938;B
20241021;101653;0.7006;1000;11318366044;S
20241021;101654;0.7009;1000;11318366243;B
20241021;101654;0.7007;1000;11318366366;S
20241021;101656;0.7009;1000;11318366754;B
20241021;101656;0.7008;1000;11318366873;B
20241021;101656;0.7009;1000;11318366874;B
20241021;101656;0.7009;8000;11318366933;B
20241021;101657;0.7009;1000;11318367134;B
20241021;101657;0.7009;1000;11318367158;B
20241021;101657;0.7009;1000;11318367159;B
20241021;101658;0.7009;2000;11318367313;B
20241021;101658;0.7009;2000;11318367332;B
20241021;101658;0.7009;1000;11318367334;B
20241021;101659;0.7009;1000;11318367803;B
20241021;101700;0.7009;1000;11318368066;B
20241021;101702;0.7009;1000;11318368529;B
20241021;101702;0.701;1000;11318368667;B
20241021;101703;0.701;1000;11318368680;B
20241021;101703;0.7009;2000;11318368733;B
20241021;101703;0.701;8000;11318368734;B
20241021;101703;0.7011;20000;11318368735;B
20241021;101703;0.7009;1000;11318368959;S
20241021;101703;0.7007;6000;11318368960;S
20241021;101703;0.7006;2000;11318368961;S
20241021;101704;0.7009;2000;11318369091;B
20241021;101704;0.7009;7000;11318369208;B
20241021;101704;0.7009;6000;11318369209;B
20241021;101705;0.7009;1000;11318369286;B
20241021;101705;0.7009;1000;11318369646;B
20241021;101708;0.7009;1000;11318370246;B
20241021;101708;0.7009;49000;11318370450;B
20241021;101708;0.701;6000;11318370451;B
20241021;101708;0.7011;1000;11318370452;B
20241021;101708;0.7011;6000;11318370453;B
20241021;101708;0.7012;6000;11318370454;B
20241021;101709;0.7012;11000;11318370733;B
20241021;101709;0.7012;12000;11318370734;B
20241021;101709;0.7012;1000;11318370748;B
20241021;101710;0.7007;5000;11318370933;S
20241021;101710;0.7007;1000;11318371054;B
20241021;101710;0.7007;1000;11318371055;B
20241021;101711;0.7007;1000;11318371188;B
20241021;101713;0.7007;1000;11318371968;B
20241021;101714;0.7007;4000;11318372312;B
20241021;101716;0.7006;21000;11318372824;S
20241021;101716;0.7007;4000;11318372974;B
20241021;101716;0.7007;5000;11318372975;B
20241021;101717;0.7006;1000;11318373144;S
20241021;101717;0.7007;1000;11318373304;B
20241021;101723;0.7007;2000;11318374908;B
20241021;101723;0.7007;1000;11318375184;B
20241021;101724;0.7006;12000;11318375593;S
20241021;101725;0.7006;2000;11318375709;B
20241021;101725;0.7006;2000;11318375710;B
20241021;101726;0.7006;1000;11318376085;B
20241021;101727;0.7006;1000;11318376367;B
20241021;101727;0.7006;1000;11318376555;B
20241021;101727;0.7007;1000;11318376771;B
20241021;101729;0.7004;2000;11318377467;S
20241021;101730;0.7007;3000;11318377574;B
20241021;101730;0.7007;70000;11318377609;B
20241021;101730;0.7009;1000;11318377761;B
20241021;101731;0.7009;3000;11318378148;B
20241021;101731;0.7012;12000;11318378151;B
20241021;101731;0.7012;3000;11318378152;B
20241021;101731;0.7012;1000;11318378153;B
20241021;101731;0.7012;1000;11318378154;B
20241021;101731;0.7012;4000;11318378155;B
20241021;101734;0.7012;6000;11318379132;B
20241021;101734;0.7012;1000;11318379133;B
20241021;101734;0.7012;1000;11318379134;B
20241021;101734;0.7013;1000;11318379135;B
20241021;101734;0.7014;1000;11318379136;B
20241021;101734;0.7014;1000;11318379137;B
20241021;101734;0.7014;3000;11318379138;B
20241021;101734;0.7014;6000;11318379139;B
20241021;101734;0.7014;1000;11318379140;B
20241021;101734;0.7014;1000;11318379141;B
20241021;101734;0.7014;78000;11318379142;B
20241021;101735;0.7015;1000;11318379408;B
20241021;101735;0.7015;15000;11318379409;B
20241021;101735;0.7015;17000;11318379410;B
20241021;101738;0.7007;1000;11318380638;S
20241021;101738;0.7007;21000;11318380639;S
20241021;101739;0.7015;4000;11318381002;B
20241021;101739;0.7015;4000;11318381004;B
20241021;101741;0.7008;1000;11318381395;S
20241021;101741;0.7008;19000;11318381396;S
20241021;101742;0.7013;1000;11318381778;B
20241021;101742;0.7014;1000;11318381779;B
20241021;101742;0.7015;2000;11318381780;B
20241021;101742;0.7015;2000;11318381781;B
20241021;101742;0.701;78000;11318381908;S
20241021;101742;0.7009;5000;11318381909;S
20241021;101742;0.7008;5000;11318381910;S
20241021;101742;0.7008;35000;11318381911;S
20241021;101742;0.7006;30000;11318381912;S
20241021;101742;0.7006;5000;11318381913;S
20241021;101742;0.7006;3000;11318381914;S
20241021;101742;0.7005;14000;11318381915;S
20241021;101742;0.7005;30000;11318381916;S
20241021;101742;0.7004;50000;11318381917;S
20241021;101742;0.7004;749000;11318381918;S
20241021;101742;0.7003;2000;11318381919;S
20241021;101742;0.7002;5000;11318381920;S
20241021;101742;0.7002;10000;11318381921;S
20241021;101742;0.7002;10000;11318381922;S
20241021;101742;0.7002;80000;11318381923;S
20241021;101742;0.7001;19000;11318381924;S
20241021;101742;0.7;155000;11318381925;S
20241021;101742;0.7;200000;11318381926;S
20241021;101742;0.7;5000;11318381927;S
20241021;101742;0.7;200000;11318381928;S
20241021;101742;0.7;1000;11318381929;S
20241021;101742;0.7;5000;11318381930;S
20241021;101742;0.7;1000;11318381931;S
20241021;101742;0.7;15000;11318381932;S
20241021;101742;0.7;614000;11318381933;B
20241021;101742;0.6999;1000;11318381934;S
20241021;101742;0.7;76000;11318381946;B
20241021;101742;0.6999;286000;11318381986;S
20241021;101742;0.6999;285000;11318381988;B
20241021;101744;0.6999;92000;11318382405;B
20241021;101744;0.6999;23000;11318382406;B
20241021;101744;0.6999;26000;11318382481;B
20241021;101744;0.6999;22000;11318382482;B
20241021;101744;0.7;67000;11318382483;B
20241021;101746;0.6999;7000;11318382976;B
20241021;101746;0.7;69000;11318383001;B
20241021;101746;0.7;1000;11318383096;B
20241021;101746;0.7;100000;11318383146;B
20241021;101746;0.7;1000;11318383179;B
20241021;101746;0.7;2000;11318383180;B
20241021;101747;0.6999;20000;11318383182;S
20241021;101747;0.7;31000;11318383539;B
20241021;101747;0.7;32000;11318383540;B
20241021;101748;0.6999;10000;11318383626;S
20241021;101749;0.7;1000;11318383840;B
20241021;101749;0.7;2000;11318383841;B
20241021;101750;0.7;1000;11318384273;B
20241021;101751;0.7;1000;11318384516;B
20241021;101751;0.6999;1000;11318384828;B
20241021;101751;0.7;17000;11318384885;B
20241021;101752;0.7;3000;11318385077;B
20241021;101752;0.7;3000;11318385078;B
20241021;101752;0.7;100000;11318385097;B
20241021;101753;0.7;17000;11318385377;B
20241021;101753;0.7;16000;11318385378;B
20241021;101754;0.7;1000;11318385449;B
20241021;101755;0.7;2000;11318385887;B
20241021;101756;0.7;200000;11318385972;B
20241021;101756;0.6999;13000;11318385974;S
20241021;101756;0.6999;2000;11318385975;S
20241021;101756;0.7;1000;11318386064;B
20241021;101757;0.7;1000;11318386195;B
20241021;101757;0.7;36000;11318386390;B
20241021;101757;0.7;36000;11318386391;B
20241021;101757;0.6999;8000;11318386416;S
20241021;101757;0.6998;1000;11318386417;S
20241021;101757;0.6998;20000;11318386418;S
20241021;101758;0.6999;2000;11318386518;S
20241021;101758;0.7;5000;11318386596;B
20241021;101758;0.7;3000;11318386597;B
20241021;101758;0.7;100000;11318386632;B
20241021;101758;0.7;5000;11318386635;B
20241021;101759;0.7;2000;11318386716;B
20241021;101759;0.7;17000;11318386938;B
20241021;101759;0.7;16000;11318386939;B
20241021;101800;0.7;2000;11318387039;B
20241021;101800;0.7;1000;11318387099;B
20241021;101800;0.7;1000;11318387100;B
20241021;101800;0.7;100000;11318387105;B
20241021;101801;0.7;17000;11318387439;B
20241021;101801;0.7;17000;11318387440;B
20241021;101801;0.6999;30000;11318387473;S
20241021;101802;0.6999;50000;11318387505;S
20241021;101802;0.7;5000;11318387646;B
20241021;101802;0.7;5000;11318387647;B
20241021;101803;0.7;8000;11318387953;B
20241021;101803;0.7;9000;11318387954;B
20241021;101805;0.7;100000;11318388480;B
20241021;101806;0.7;1000;11318388601;B
20241021;101806;0.7;16000;11318388683;B
20241021;101806;0.7;17000;11318388684;B
20241021;101809;0.6999;1000;11318389399;S
20241021;101810;0.7;1000;11318389448;B
20241021;101810;0.7;1000;11318389449;B
20241021;101810;0.7;989000;11318389470;B
20241021;101810;0.7;1000;11318389558;B
20241021;101810;0.7;278000;11318389625;B
20241021;101811;0.7;165000;11318389657;B
20241021;101811;0.7;165000;11318389658;B
20241021;101811;0.7;46000;11318389924;B
20241021;101811;0.7;47000;11318389925;B
20241021;101812;0.7;6000;11318389937;B
20241021;101813;0.7;1000;11318390102;B
20241021;101813;0.7;1000;11318390103;B
20241021;101814;0.7;2000;11318390368;B
20241021;101815;0.7;1000;11318390493;B
20241021;101815;0.7;1000;11318390725;B
20241021;101815;0.7;1000;11318390732;B
20241021;101816;0.6999;1000;11318390873;S
20241021;101816;0.7;1000;11318390906;B
20241021;101817;0.7;1000;11318391154;B
20241021;101818;0.7;2000;11318391343;B
20241021;101819;0.7;2000;11318391443;B
20241021;101819;0.7;2000;11318391583;B
20241021;101819;0.7;1000;11318391585;B
20241021;101820;0.7;1000;11318391696;B
20241021;101820;0.7;3000;11318391807;B
20241021;101821;0.7;1000;11318391845;B
20241021;101822;0.7;1000;11318392216;B
20241021;101823;0.7;1000;11318392450;B
20241021;101823;0.7;1000;11318392451;B
20241021;101827;0.7;1000;11318393083;B
20241021;101828;0.7;1000;11318393321;B
20241021;101828;0.7;1000;11318393384;B
20241021;101829;0.7;1000;11318393545;B
20241021;101829;0.7;1000;11318393681;B
20241021;101830;0.7;1000;11318393717;B
20241021;101830;0.7;1000;11318393860;B
20241021;101831;0.7;25000;11318394095;B
20241021;101831;0.7;1000;11318394096;B
20241021;101831;0.7;20000;11318394106;B
20241021;101831;0.7;1000;11318394112;B
20241021;101832;0.7;7000;11318394243;B
20241021;101832;0.7;8000;11318394244;B
20241021;101833;0.6999;18000;11318394288;S
20241021;101833;0.6999;32000;11318394289;S
20241021;101833;0.7;1000;11318394490;B
20241021;101833;0.6999;38000;11318394498;S
20241021;101833;0.6999;10000;11318394499;S
20241021;101833;0.6999;2000;11318394500;S
20241021;101833;0.6999;7000;11318394512;S
20241021;101833;0.6998;62000;11318394513;S
20241021;101833;0.6998;2000;11318394514;S
20241021;101833;0.6998;68000;11318394515;S
20241021;101833;0.6998;3000;11318394516;S
20241021;101833;0.6998;8000;11318394517;S
20241021;101833;0.6997;3000;11318394518;S
20241021;101833;0.6997;145000;11318394519;S
20241021;101833;0.6997;55000;11318394520;S
20241021;101834;0.6999;20000;11318394533;B
20241021;101834;0.6997;50000;11318394561;S
20241021;101834;0.6998;30000;11318394649;S
20241021;101834;0.6997;20000;11318394650;S
20241021;101834;0.6999;31000;11318394652;B
20241021;101835;0.6999;42000;11318394853;B
20241021;101835;0.6999;2000;11318394854;B
20241021;101835;0.7;43000;11318394855;B
20241021;101835;0.7;2000;11318394863;B
20241021;101836;0.7;5000;11318394925;B
20241021;101836;0.7;5000;11318395033;B
20241021;101836;0.7;6000;11318395035;B
20241021;101838;0.7;1000;11318395458;B
20241021;101838;0.7;1000;11318395459;B
20241021;101839;0.6999;10000;11318395734;S
20241021;101840;0.7;1000;11318395928;B
20241021;101840;0.7;2000;11318395929;B
20241021;101841;0.7;3000;11318395977;B
20241021;101841;0.7;1000;11318396203;B
20241021;101842;0.7;1000;11318396476;B
20241021;101843;0.7;1000;11318396782;B
20241021;101846;0.7;23000;11318397499;B
20241021;101846;0.7;3000;11318397577;B
20241021;101847;0.7;3000;11318397736;B
20241021;101847;0.7;4000;11318397758;B
20241021;101848;0.7;1000;11318398035;B
20241021;101849;0.7;5000;11318398601;B
20241021;101850;0.7;2000;11318398689;B
20241021;101850;0.7;1000;11318398892;B
20241021;101850;0.7;1000;11318398896;B
20241021;101851;0.7;1000;11318399095;B
20241021;101852;0.7;3000;11318399548;B
20241021;101853;0.7;1000;11318399805;B
20241021;101857;0.6999;2000;11318400814;S
20241021;101859;0.7;24000;11318401669;B
20241021;101859;0.7;1000;11318401734;B
20241021;101900;0.7;4000;11318402005;B
20241021;101900;0.7;4000;11318402006;B
20241021;101901;0.7;1000;11318402211;B
20241021;101901;0.7;1000;11318402366;B
20241021;101901;0.7;3000;11318402395;B
20241021;101902;0.7;1000;11318402511;B
20241021;101903;0.7;1000;11318402827;B
20241021;101903;0.7;3000;11318402836;B
20241021;101907;0.7;1000;11318404195;B
20241021;101907;0.7;2000;11318404468;B
20241021;101908;0.7;1000;11318404600;B
20241021;101908;0.6999;1000;11318404721;S
20241021;101908;0.7;2000;11318404810;B
20241021;101909;0.7;13000;11318404937;B
20241021;101909;0.7;1000;11318404972;B
20241021;101909;0.7;1000;11318404973;B
20241021;101911;0.7;1000;11318405780;B
20241021;101911;0.7;160000;11318405888;B
20241021;101912;0.7;2000;11318406137;B
20241021;101912;0.7;3000;11318406139;B
20241021;101913;0.6999;1000;11318406358;S
20241021;101913;0.7;100000;11318406373;B
20241021;101914;0.7;1000;11318406683;B
20241021;101914;0.7;27000;11318406712;B
20241021;101914;0.7;27000;11318406713;B
20241021;101915;0.7;16000;11318407086;B
20241021;101915;0.7;17000;11318407087;B
20241021;101915;0.7;1000;11318407289;B
20241021;101916;0.6999;4000;11318407556;S
20241021;101916;0.7;1000;11318407613;B
20241021;101918;0.7;2000;11318408262;B
20241021;101918;0.7;4000;11318408422;B
20241021;101918;0.7;1000;11318408567;B
20241021;101918;0.7;1000;11318408608;B
20241021;101919;0.7;2000;11318408622;B
20241021;101919;0.7;2000;11318408647;B
20241021;101919;0.7;1000;11318408968;B
20241021;101919;0.7;1000;11318408969;B
20241021;101919;0.6999;5000;11318408974;S
20241021;101920;0.7;1000;11318409320;B
20241021;101920;0.7;1000;11318409321;B
20241021;101921;0.7;1000;11318409667;B
20241021;101922;0.7;1000;11318409787;B
20241021;101923;0.7;1000;11318410119;B
20241021;101923;0.7;14000;11318410379;B
20241021;101924;0.7;2000;11318410695;B
20241021;101924;0.7;2000;11318410696;B
20241021;101928;0.7;1000;11318411961;B
20241021;101929;0.7;302000;11318412322;B
20241021;101930;0.7;50000;11318412651;B
20241021;101930;0.7;51000;11318412652;B
20241021;101930;0.7;100000;11318412853;B
20241021;101931;0.7;17000;11318413195;B
20241021;101931;0.7;17000;11318413196;B
20241021;101934;0.7;200000;11318414240;B
20241021;101934;0.7;72000;11318414242;B
20241021;101935;0.7;33000;11318414572;B
20241021;101935;0.7;33000;11318414573;B
20241021;101936;0.7;12000;11318414926;B
20241021;101936;0.7;12000;11318414927;B
20241021;101941;0.6999;31000;11318416650;B
20241021;101941;0.6999;19000;11318416651;B
20241021;101942;0.6999;8000;11318416904;B
20241021;101942;0.6999;9000;11318416905;B
20241021;101943;0.6999;164000;11318416992;B
20241021;101943;0.6999;3000;11318416993;B
20241021;101943;0.7;819000;11318416994;B
20241021;101944;0.7;165000;11318417286;B
20241021;101944;0.7;164000;11318417287;B
20241021;101946;0.6999;1000;11318418005;S
20241021;101946;0.6998;10000;11318418006;S
20241021;101947;0.6998;1000;11318418287;B
20241021;101947;0.6998;2000;11318418288;B
20241021;101947;0.6998;1000;11318418323;B
20241021;101948;0.6998;1000;11318418641;B
20241021;101949;0.6998;1000;11318418912;B
20241021;101949;0.6998;71000;11318419074;B
20241021;101949;0.6999;28000;11318419075;B
20241021;101950;0.6999;1000;11318419340;B
20241021;101950;0.7;16000;11318419341;B
20241021;101950;0.7;16000;11318419342;B
20241021;101950;0.6997;75000;11318419416;S
20241021;101950;0.6997;25000;11318419417;S
20241021;101951;0.7;16000;11318419697;B
20241021;101951;0.7;17000;11318419698;B
20241021;101953;0.6998;2000;11318420290;S
20241021;101954;0.7;1000;11318420577;B
20241021;101956;0.6999;1000;11318421254;S
20241021;101956;0.6998;1000;11318421255;S
20241021;101957;0.7;1000;11318421509;B
20241021;101957;0.7;2000;11318421568;B
20241021;101958;0.7;4000;11318421664;B
20241021;101958;0.7;350000;11318421806;B
20241021;101959;0.7;1000;11318421929;B
20241021;101959;0.7;1000;11318421930;B
20241021;102000;0.7;58000;11318422201;B
20241021;102000;0.7;58000;11318422202;B
20241021;102000;0.7;250000;11318422212;B
20241021;102000;0.7;1000;11318422373;B
20241021;102000;0.7;42000;11318422486;B
20241021;102000;0.7;42000;11318422488;B
20241021;102004;0.7;1000;11318423708;B
20241021;102006;0.7;2000;11318424355;B
20241021;102007;0.7;1000;11318424675;B
20241021;102011;0.7;3000;11318425937;B
20241021;102011;0.6999;77000;11318425983;S
20241021;102012;0.7;1000;11318426219;B
20241021;102017;0.7;1000;11318427690;B
20241021;102018;0.7;13000;11318427930;B
20241021;102018;0.7;13000;11318427931;B
20241021;102019;0.7;2000;11318428048;B
20241021;102019;0.7;1000;11318428387;B
