<DATE>;<TIME>;<LAST>;<VOL>;<ID>;<OPER>
20241014;095949;134;20;11291474389;S
20241014;095949;134;10;11291474390;S
20241014;095949;134;10;11291474391;S
20241014;095949;134;10;11291474392;S
20241014;095949;134;10;11291474393;S
20241014;095949;134;10;11291474394;S
20241014;095949;134;20;11291474395;S
20241014;095949;134;3370;11291474396;S
20241014;095949;134;190;11291474397;S
20241014;095949;134;280;11291474398;S
20241014;095949;134;20;11291474399;S
20241014;095949;134;20;11291474400;S
20241014;095949;134;750;11291474401;S
20241014;095949;134;340;11291474402;S
20241014;095949;134;900;11291474403;S
20241014;095949;134;600;11291474404;S
20241014;095949;134;2200;11291474405;S
20241014;095949;134;760;11291474406;S
20241014;095949;134;150;11291474407;S
20241014;095949;134;50;11291474408;S
20241014;095949;134;200;11291474409;S
20241014;095949;134;10;11291474410;S
20241014;100001;133.92;10;11291479662;S
20241014;100002;133.84;10;11291480577;S
20241014;100002;133.82;10;11291480578;S
20241014;100002;133.82;10;11291480579;S
20241014;100002;133.8;10;11291480580;S
20241014;100002;133.72;10;11291480581;S
20241014;100002;133.72;50;11291480582;S
20241014;100003;133.7;30;11291480915;S
20241014;100003;133.68;320;11291480916;S
20241014;100003;133.7;700;11291481117;S
20241014;100003;133.68;150;11291481494;S
20241014;100003;133.64;750;11291481495;S
20241014;100003;133.62;80;11291481496;S
20241014;100004;133.8;10;11291482522;B
20241014;100005;133.8;10;11291486143;B
20241014;100005;133.8;10;11291486389;B
20241014;100005;133.6;10;11291486394;S
20241014;100006;133.62;10;11291490276;S
20241014;100006;133.6;190;11291490277;S
20241014;100006;133.6;60;11291490278;S
20241014;100006;133.58;60;11291490279;S
20241014;100006;133.52;10;11291490280;S
20241014;100006;133.52;520;11291490281;S
20241014;100006;133.5;30;11291490282;S
20241014;100006;133.5;20;11291490283;S
20241014;100006;133.5;400;11291490284;S
20241014;100006;133.46;700;11291490285;S
20241014;100007;133.48;10;11291491276;S
20241014;100007;133.48;240;11291491338;S
20241014;100007;133.48;20;11291491677;S
20241014;100007;133.48;250;11291491679;S
20241014;100007;133.48;250;11291491680;S
20241014;100008;133.8;30;11291496527;B
20241014;100008;133.86;60;11291496528;B
20241014;100008;133.54;10;11291497457;S
20241014;100009;133.54;50;11291499645;S
20241014;100009;133.54;20;11291499936;S
20241014;100009;133.44;10;11291499937;S
20241014;100009;133.42;90;11291499938;S
20241014;100009;133.4;750;11291499939;S
20241014;100009;133.4;90;11291499940;S
20241014;100009;133.38;40;11291499941;S
20241014;100011;133.82;50;11291503971;B
20241014;100011;133.84;250;11291503972;B
20241014;100011;133.42;100;11291504245;S
20241014;100013;133.4;10;11291511927;S
20241014;100013;133.4;60;11291511928;S
20241014;100014;133.88;20;11291512119;B
20241014;100015;133.8;10;11291514594;B
20241014;100018;133.4;30;11291516127;S
20241014;100018;133.38;290;11291516128;S
20241014;100018;133.38;140;11291516250;S
20241014;100019;133.38;10;11291516562;S
20241014;100023;133.4;40;11291517925;S
20241014;100024;133.38;1130;11291518214;S
20241014;100024;133.26;90;11291518215;S
20241014;100024;133.24;30;11291518216;S
20241014;100024;133.24;10;11291518217;S
20241014;100024;133.18;250;11291518301;S
20241014;100025;133.32;10;11291518355;S
20241014;100025;133.12;500;11291518402;S
20241014;100025;133.12;300;11291518600;S
20241014;100026;133.12;1200;11291518781;S
20241014;100026;133.12;180;11291518782;S
20241014;100026;133.22;10;11291518791;B
20241014;100026;133.12;20;11291518804;S
20241014;100026;133.22;180;11291518902;B
20241014;100027;133.4;10;11291519375;B
20241014;100032;133.12;750;11291521479;S
20241014;100032;133.12;790;11291521480;S
20241014;100032;133.1;3800;11291521481;S
20241014;100032;133.1;20;11291521482;S
20241014;100032;133.1;10;11291521483;S
20241014;100032;133.08;60;11291521570;S
20241014;100032;133.04;20;11291521646;S
20241014;100032;133.04;20;11291521647;S
20241014;100033;133.08;20;11291521935;B
20241014;100045;133.06;30;11291526332;B
20241014;100045;133.08;70;11291526333;B
20241014;100048;133.02;10;11291527413;S
20241014;100048;133.02;30;11291527414;S
20241014;100049;133.02;10;11291527744;S
20241014;100049;133.02;60;11291527745;S
20241014;100049;133;10;11291527746;S
20241014;100049;133;10;11291527747;S
20241014;100049;133;30;11291527748;S
20241014;100049;133;150;11291527749;S
20241014;100049;132.84;300;11291527750;S
20241014;100049;132.8;10;11291527751;S
20241014;100049;132.78;10;11291527752;S
20241014;100049;132.74;30;11291527753;S
20241014;100049;132.64;20;11291527754;S
20241014;100049;132.56;90;11291527755;S
20241014;100049;132.54;750;11291527756;S
20241014;100049;132.52;1520;11291527757;S
20241014;100049;132.5;20;11291527758;S
20241014;100049;132.5;30;11291527759;S
20241014;100049;132.5;500;11291527760;S
20241014;100049;132.42;3000;11291527761;S
20241014;100049;132.42;1500;11291527762;S
20241014;100049;132.32;10;11291527763;S
20241014;100049;132.32;40;11291527764;S
20241014;100049;132.24;1000;11291527765;S
20241014;100049;132.24;40;11291527766;S
20241014;100049;132.24;30;11291527767;S
20241014;100049;132.24;100;11291527768;S
20241014;100049;132.24;160;11291527769;S
20241014;100049;132.24;10;11291527770;S
20241014;100049;132.22;170;11291527771;S
20241014;100049;132.22;390;11291527773;B
20241014;100049;132.42;300;11291527781;B
20241014;100050;132.48;300;11291527821;B
20241014;100050;132.38;300;11291527959;S
20241014;100050;132.36;420;11291527960;S
20241014;100050;132.42;20;11291527976;S
20241014;100050;132.6;20;11291527983;B
20241014;100050;132.6;20;11291528002;B
20241014;100050;132.42;30;11291528003;S
20241014;100050;132.6;20;11291528048;B
20241014;100050;132.62;30;11291528049;B
20241014;100050;132.42;300;11291528050;S
20241014;100050;132.36;20;11291528051;S
20241014;100050;132.36;80;11291528052;S
20241014;100050;132.4;230;11291528055;S
20241014;100050;132.6;20;11291528061;B
20241014;100050;132.62;20;11291528063;S
20241014;100050;132.76;50;11291528084;B
20241014;100050;132.76;10;11291528089;B
20241014;100050;132.62;280;11291528105;S
20241014;100050;132.6;10;11291528106;S
20241014;100050;132.4;1030;11291528107;B
20241014;100051;132.38;300;11291528139;S
20241014;100051;132.36;40;11291528140;S
20241014;100051;132.36;660;11291528141;S
20241014;100051;132.5;270;11291528232;S
20241014;100051;132.5;30;11291528269;S
20241014;100051;132.5;470;11291528270;B
20241014;100100;132.66;40;11291531224;B
20241014;100100;132.66;70;11291531225;B
20241014;100106;132.56;300;11291532996;S
20241014;100106;132.54;50;11291532997;S
20241014;100106;132.54;100;11291532998;S
20241014;100106;132.5;50;11291532999;S
20241014;100106;132.48;10;11291533000;S
20241014;100106;132.44;90;11291533001;S
20241014;100106;132.44;750;11291533002;S
20241014;100106;132.42;500;11291533003;S
20241014;100106;132.42;40;11291533004;S
20241014;100106;132.42;990;11291533006;B
20241014;100106;132.42;2490;11291533007;B
20241014;100106;132.42;3020;11291533008;B
20241014;100106;132.42;100;11291533017;B
20241014;100116;132.4;500;11291535486;S
20241014;100116;132.4;300;11291535487;S
20241014;100116;132.4;200;11291535488;S
20241014;100117;132.42;300;11291535826;B
20241014;100117;132.42;300;11291535827;B
20241014;100117;132.42;300;11291535829;B
20241014;100117;132.42;300;11291535830;B
20241014;100117;132.42;300;11291535831;B
20241014;100118;132.42;10;11291535832;B
20241014;100118;132.48;300;11291535833;B
20241014;100118;132.48;100;11291535834;B
20241014;100118;132.56;300;11291535835;B
20241014;100118;132.72;300;11291535868;B
20241014;100118;132.72;220;11291535869;B
20241014;100119;132.74;300;11291536430;B
20241014;100124;132.82;100;11291538004;B
20241014;100125;132.82;20;11291538254;B
20241014;100129;132.86;10;11291539422;B
20241014;100134;132.8;20;11291540480;S
20241014;100136;132.86;100;11291541076;B
20241014;100136;132.86;100;11291541171;B
20241014;100139;132.98;50;11291541780;B
20241014;100141;132.98;450;11291542318;B
20241014;100141;132.98;50;11291542319;B
20241014;100145;132.98;20;11291543086;B
20241014;100147;132.98;320;11291543955;B
20241014;100147;133.04;80;11291543956;B
20241014;100147;133.08;100;11291543957;B
20241014;100151;133.1;50;11291545051;B
20241014;100153;132.88;70;11291545730;S
20241014;100154;133.1;70;11291545992;B
20241014;100156;133.1;100;11291546511;B
20241014;100158;132.9;220;11291547042;S
20241014;100158;132.9;300;11291547053;S
20241014;100158;132.88;520;11291547054;S
20241014;100158;132.88;190;11291547055;S
20241014;100158;132.92;30;11291547354;S
20241014;100200;132.9;750;11291547775;S
20241014;100200;132.88;300;11291547776;S
20241014;100200;132.86;600;11291547777;S
20241014;100200;132.84;10;11291547778;S
20241014;100200;132.82;320;11291547779;S
20241014;100200;132.8;500;11291547780;S
20241014;100200;132.68;400;11291547781;S
20241014;100200;132.66;760;11291547782;S
20241014;100200;132.62;500;11291547783;S
20241014;100200;132.62;1500;11291547784;S
20241014;100200;132.54;60;11291547785;S
20241014;100200;132.52;900;11291547786;S
20241014;100200;132.5;100;11291547787;S
20241014;100200;132.42;10;11291547788;S
20241014;100200;132.42;500;11291547789;S
20241014;100200;132.4;100;11291547790;S
20241014;100200;132.4;100;11291547791;S
20241014;100200;132.28;500;11291547792;S
20241014;100200;132.24;350;11291547793;S
20241014;100200;132.24;50;11291547794;S
20241014;100200;132.24;1690;11291547801;B
20241014;100200;132.66;300;11291547803;B
20241014;100201;132.68;10;11291548082;B
20241014;100201;132.4;200;11291548249;S
20241014;100209;132.64;30;11291550679;B
20241014;100211;132.42;40;11291551261;S
20241014;100220;132.5;10;11291553821;S
20241014;100220;132.46;100;11291553822;S
20241014;100220;132.44;300;11291553823;S
20241014;100220;132.42;120;11291553824;B
20241014;100220;132.52;10;11291554119;S
20241014;100220;132.42;90;11291554120;S
20241014;100221;132.7;500;11291554171;B
20241014;100231;132.74;750;11291557301;S
20241014;100231;132.72;1250;11291557302;S
20241014;100236;132.9;20;11291558655;B
20241014;100236;132.92;80;11291558656;B
20241014;100239;132.72;50;11291559400;S
20241014;100247;132.92;100;11291561280;B
20241014;100247;132.96;180;11291561281;B
20241014;100248;132.72;400;11291561423;S
20241014;100257;132.72;180;11291563312;S
20241014;100304;132.9;20;11291564652;B
20241014;100304;132.9;90;11291564653;B
20241014;100304;132.92;100;11291564654;B
20241014;100304;132.92;90;11291564655;B
20241014;100304;132.98;150;11291564656;B
20241014;100316;132.96;50;11291567668;B
20241014;100326;132.96;20;11291570371;B
20241014;100326;132.98;10;11291570503;B
20241014;100327;132.98;340;11291570569;B
20241014;100327;133.02;100;11291570570;B
20241014;100327;133.06;220;11291570571;B
20241014;100327;133.08;300;11291570572;B
20241014;100327;133.1;40;11291570573;B
20241014;100327;133.06;10;11291570688;B
20241014;100332;132.78;50;11291571867;S
20241014;100336;133;100;11291573222;B
20241014;100336;133;300;11291573223;B
20241014;100336;133.04;190;11291573224;B
20241014;100341;132.76;10;11291574421;S
20241014;100347;132.86;50;11291575885;B
20241014;100355;132.86;300;11291578483;B
20241014;100356;132.78;50;11291578679;S
20241014;100357;132.86;50;11291579024;B
20241014;100357;133.02;100;11291579025;B
20241014;100357;133.04;350;11291579026;B
20241014;100406;133.06;100;11291581336;B
20241014;100412;132.8;520;11291582671;S
20241014;100412;132.8;190;11291582672;S
20241014;100412;132.8;750;11291582673;S
20241014;100412;132.78;150;11291582674;S
20241014;100412;132.76;400;11291582675;S
20241014;100412;132.74;10;11291582676;S
20241014;100412;132.74;50;11291582677;S
20241014;100417;132.94;70;11291583790;B
20241014;100417;132.96;300;11291583791;B
20241014;100417;132.96;70;11291583792;B
20241014;100417;132.96;60;11291583793;B
20241014;100421;132.94;50;11291584492;B
20241014;100438;132.96;10;11291588278;B
20241014;100440;132.94;420;11291588795;B
20241014;100440;132.98;100;11291588796;B
20241014;100440;133;340;11291588797;B
20241014;100440;133.02;300;11291588798;B
20241014;100440;133.08;520;11291588799;B
20241014;100440;133.1;320;11291588800;B
20241014;100444;133.08;20;11291589936;B
20241014;100446;132.76;60;11291590339;S
20241014;100446;132.74;20;11291590340;S
20241014;100446;132.74;520;11291590341;S
20241014;100446;132.74;70;11291590342;S
20241014;100446;132.74;20;11291590343;S
20241014;100446;132.72;120;11291590344;S
20241014;100446;132.72;2000;11291590345;S
20241014;100446;132.7;300;11291590346;S
20241014;100446;132.6;6890;11291590347;B
20241014;100446;132.6;10;11291590349;S
20241014;100446;132.6;10;11291590350;S
20241014;100446;132.6;20;11291590351;S
20241014;100446;132.6;10;11291590352;S
20241014;100446;132.6;10;11291590353;S
20241014;100446;132.6;10;11291590354;S
20241014;100447;132.6;200;11291590433;B
20241014;100447;132.58;10;11291590448;S
20241014;100447;132.52;300;11291590449;S
20241014;100447;132.52;300;11291590450;S
20241014;100447;132.52;300;11291590451;S
20241014;100447;132.52;300;11291590452;S
20241014;100447;132.52;200;11291590453;S
20241014;100447;132.52;300;11291590454;S
20241014;100447;132.52;200;11291590458;S
20241014;100447;132.52;100;11291590459;S
20241014;100447;132.52;200;11291590460;S
20241014;100447;132.5;20;11291590461;S
20241014;100448;132.4;20;11291590812;B
20241014;100500;132.4;10;11291593600;B
20241014;100503;132.4;270;11291594342;B
20241014;100503;132.4;30;11291594343;B
20241014;100506;132.36;300;11291595136;B
20241014;100506;132.38;100;11291595137;B
20241014;100506;132.38;110;11291595138;B
20241014;100506;132.4;110;11291595139;B
20241014;100506;132.42;280;11291595140;B
20241014;100506;132.54;300;11291595141;B
20241014;100510;132.44;20;11291596269;B
20241014;100511;132.32;30;11291596699;S
20241014;100520;132.44;10;11291598881;B
20241014;100538;132.4;10;11291602908;B
20241014;100601;132.44;350;11291607813;S
20241014;100601;132.42;90;11291607814;S
20241014;100601;132.4;90;11291607815;S
20241014;100601;132.38;1000;11291607816;S
20241014;100601;132.38;10;11291607817;S
20241014;100603;132.36;60;11291608302;B
20241014;100604;132.36;10;11291608599;B
20241014;100605;132.36;230;11291608665;B
20241014;100605;132.38;770;11291608666;B
20241014;100620;132.34;50;11291612792;S
20241014;100622;132.36;300;11291613471;B
20241014;100622;132.36;300;11291613472;B
20241014;100622;132.36;300;11291613473;B
20241014;100625;132.38;10;11291614234;B
20241014;100632;132.36;10;11291616458;B
20241014;100632;132.38;4940;11291616459;B
20241014;100632;132.38;10090;11291616460;B
20241014;100632;132.38;90;11291616563;S
20241014;100632;132.36;120;11291616564;S
20241014;100635;132.38;50;11291617551;S
20241014;100650;132.42;100;11291621320;S
20241014;100714;132.5;60;11291626938;B
20241014;100714;132.5;30;11291626939;B
20241014;100714;132.52;300;11291626940;B
20241014;100714;132.52;40;11291626941;B
20241014;100714;132.54;40;11291626942;B
20241014;100714;132.58;220;11291626943;B
20241014;100714;132.58;100;11291626944;B
20241014;100714;132.58;300;11291626945;B
20241014;100714;132.6;210;11291626946;B
20241014;100715;132.5;20;11291627100;S
20241014;100715;132.44;180;11291627101;S
20241014;100726;132.5;10;11291629726;B
20241014;100726;132.42;60;11291629760;S
20241014;100726;132.42;340;11291629761;S
20241014;100726;132.42;790;11291629762;S
20241014;100726;132.4;1000;11291629763;S
20241014;100726;132.4;790;11291629764;S
20241014;100726;132.34;80;11291629765;S
20241014;100726;132.34;30;11291629766;S
20241014;100726;132.34;30;11291629767;S
20241014;100726;132.34;30;11291629768;S
20241014;100726;132.34;30;11291629769;S
20241014;100726;132.34;30;11291629770;S
20241014;100726;132.34;30;11291629771;S
20241014;100726;132.34;30;11291629772;S
20241014;100726;132.34;30;11291629773;S
20241014;100726;132.34;20;11291629774;S
20241014;100726;132.34;20;11291629775;S
20241014;100726;132.34;380;11291629776;S
20241014;100726;132.32;30;11291629777;S
20241014;100726;132.32;400;11291629778;S
20241014;100726;132.32;10;11291629779;S
20241014;100726;132.32;1000;11291629780;S
20241014;100726;132.3;10;11291629781;S
20241014;100726;132.3;80;11291629782;S
20241014;100726;132.3;1000;11291629783;S
20241014;100726;132.3;30;11291629784;S
20241014;100726;132.3;5000;11291629785;S
20241014;100726;132.3;750;11291629786;S
20241014;100726;132.3;60;11291629787;S
20241014;100726;132.28;4350;11291629788;S
20241014;100726;132.26;100;11291629789;S
20241014;100726;132.24;80;11291629790;S
20241014;100726;132.22;300;11291629791;S
20241014;100726;132.2;10;11291629792;S
20241014;100726;132.2;90;11291629793;S
20241014;100726;132.2;100;11291629794;S
20241014;100726;132.18;60;11291629795;S
20241014;100726;132.18;1000;11291629796;S
20241014;100726;132.18;40;11291629797;S
20241014;100726;132.1;250;11291629798;S
20241014;100726;132.06;20;11291629799;S
20241014;100726;132.06;100;11291629800;S
20241014;100726;132.06;1500;11291629801;S
20241014;100726;132.04;100;11291629802;S
20241014;100726;132.04;30;11291629803;S
20241014;100726;132.04;50;11291629804;S
20241014;100726;132.04;10;11291629805;S
20241014;100726;132.04;10;11291629806;S
20241014;100726;132.02;170;11291629807;S
20241014;100726;132.02;10;11291629808;S
20241014;100726;132;10;11291629809;S
20241014;100726;132;100;11291629810;S
20241014;100726;132;30;11291629811;S
20241014;100726;132;20;11291629812;S
20241014;100726;132;50;11291629813;S
20241014;100726;132;500;11291629814;S
20241014;100726;132;60;11291629815;S
20241014;100726;132;20;11291629816;S
20241014;100726;132;100;11291629817;S
20241014;100726;132;20;11291629818;S
20241014;100726;132;200;11291629819;S
20241014;100726;131.98;200;11291629820;S
20241014;100726;131.94;320;11291629821;S
20241014;100726;131.9;50;11291629822;S
20241014;100726;131.84;70;11291629823;S
20241014;100726;131.84;70;11291629824;B
20241014;100726;131.84;4110;11291629825;B
20241014;100726;131.84;14060;11291629826;B
20241014;100726;131.82;40;11291629841;S
20241014;100726;131.82;150;11291629844;S
20241014;100727;131.82;310;11291629950;S
20241014;100727;131.82;80;11291630010;B
20241014;100727;131.82;10;11291630027;B
20241014;100727;131.84;10;11291630031;B
20241014;100727;131.84;10;11291630036;B
20241014;100727;131.8;700;11291630040;S
20241014;100727;131.8;100;11291630041;S
20241014;100727;131.8;100;11291630042;S
20241014;100727;131.76;10;11291630043;S
20241014;100727;131.74;30;11291630044;S
20241014;100727;131.7;30;11291630045;S
20241014;100727;131.66;10;11291630046;S
20241014;100727;131.66;1000;11291630047;S
20241014;100727;131.62;100;11291630048;S
20241014;100727;131.6;40;11291630049;S
20241014;100727;131.6;500;11291630050;S
20241014;100727;131.56;300;11291630051;S
20241014;100727;131.54;10;11291630052;S
20241014;100727;131.52;10;11291630053;S
20241014;100727;131.52;60;11291630054;S
20241014;100727;131.78;100;11291630056;B
20241014;100727;131.82;220;11291630057;B
20241014;100727;131.56;20;11291630060;S
20241014;100727;131.56;200;11291630064;S
20241014;100727;131.76;10;11291630071;B
20241014;100727;131.76;90;11291630078;B
20241014;100727;131.82;100;11291630084;B
20241014;100727;131.84;100;11291630085;B
20241014;100728;131.76;10;11291630239;S
20241014;100728;131.76;60;11291630241;S
20241014;100728;131.76;200;11291630291;S
20241014;100728;131.78;210;11291630311;S
20241014;100728;131.76;300;11291630312;S
20241014;100728;131.64;40;11291630313;S
20241014;100728;131.56;10;11291630314;S
20241014;100728;131.54;190;11291630315;S
20241014;100728;131.52;40;11291630316;B
20241014;100728;131.52;40;11291630317;B
20241014;100728;131.52;10;11291630318;B
20241014;100728;131.52;1160;11291630324;B
20241014;100728;131.7;10;11291630344;S
20241014;100730;131.9;60;11291630801;B
20241014;100730;131.92;10;11291630802;B
20241014;100730;131.92;230;11291630803;B
20241014;100732;131.76;10;11291631170;B
20241014;100732;131.9;30;11291631208;B
20241014;100732;131.9;10;11291631226;B
20241014;100736;131.9;60;11291632032;B
20241014;100736;131.96;100;11291632033;B
20241014;100736;131.98;40;11291632034;B
20241014;100738;131.98;30;11291632482;B
20241014;100738;131.98;220;11291632532;B
20241014;100738;131.98;180;11291632533;B
20241014;100742;131.7;90;11291633625;S
20241014;100753;131.96;10;11291635973;B
20241014;100753;131.72;50;11291636121;S
20241014;100753;131.7;300;11291636122;S
20241014;100755;131.98;50;11291636382;B
20241014;100756;131.9;10;11291636680;S
20241014;100757;131.96;20;11291636810;S
20241014;100758;131.98;110;11291637056;S
20241014;100801;132;10;11291637821;B
20241014;100801;132;490;11291637822;B
20241014;100804;131.96;290;11291638487;S
20241014;100806;131.96;710;11291638863;S
20241014;100806;131.9;10;11291638864;S
20241014;100806;131.9;10;11291638865;S
20241014;100806;131.9;10;11291638866;S
20241014;100806;131.9;10;11291638867;S
20241014;100806;131.9;10;11291638868;S
20241014;100806;131.9;10;11291638869;S
20241014;100806;131.9;10;11291638870;S
20241014;100806;131.9;10;11291638871;S
20241014;100806;131.9;10;11291638872;S
20241014;100806;131.78;400;11291638873;S
20241014;100806;131.76;130;11291638874;S
20241014;100806;131.76;230;11291638875;S
20241014;100806;131.76;50;11291638876;S
20241014;100806;131.76;60;11291638877;S
20241014;100806;131.74;80;11291638878;S
20241014;100806;131.72;2000;11291638879;S
20241014;100806;131.7;100;11291638880;S
20241014;100806;131.7;30;11291638881;S
20241014;100806;131.7;300;11291638882;S
20241014;100806;131.68;250;11291638883;S
20241014;100806;131.66;10;11291638884;S
20241014;100806;131.66;60;11291638885;S
20241014;100806;131.6;100;11291638886;S
20241014;100806;131.58;210;11291638887;S
20241014;100806;131.58;1500;11291638888;S
20241014;100806;131.54;50;11291638889;S
20241014;100806;131.52;10;11291638890;S
20241014;100806;131.5;10;11291638891;S
20241014;100806;131.5;150;11291638892;S
20241014;100806;131.5;30;11291638893;S
20241014;100806;131.5;1000;11291638894;S
20241014;100806;131.5;10;11291638895;S
20241014;100806;131.46;300;11291638896;S
20241014;100806;131.44;70;11291638897;S
20241014;100806;131.4;100;11291638898;S
20241014;100806;131.38;100;11291638899;S
20241014;100806;131.36;50;11291638900;S
20241014;100806;131.34;100;11291638901;S
20241014;100806;131.34;10;11291638902;S
20241014;100806;131.34;3000;11291638903;S
20241014;100806;131.34;90;11291638904;S
20241014;100806;131.32;10;11291638905;S
20241014;100806;131.32;100;11291638906;S
20241014;100806;131.32;10;11291638907;S
20241014;100806;131.3;250;11291638908;S
20241014;100806;131.3;340;11291638909;S
20241014;100806;131.26;3000;11291638910;S
20241014;100806;131.24;30;11291638911;S
20241014;100806;131.24;100;11291638912;S
20241014;100806;131.24;500;11291638913;S
20241014;100806;131.22;160;11291638914;S
20241014;100806;131.14;10;11291638915;S
20241014;100806;131.14;2250;11291638916;S
20241014;100806;131.1;250;11291638917;S
20241014;100806;131.06;200;11291638918;S
20241014;100806;131.06;200;11291638920;S
20241014;100806;131.06;200;11291638937;S
20241014;100806;131.06;200;11291638945;S
20241014;100806;131.06;50;11291638951;S
20241014;100806;131.1;200;11291638977;S
20241014;100806;131.1;110;11291639020;S
20241014;100806;131.1;190;11291639022;S
20241014;100806;131.1;10;11291639035;B
20241014;100806;131.06;200;11291639036;S
20241014;100806;131.06;200;11291639043;S
20241014;100807;131.06;200;11291639120;S
20241014;100807;131.2;30;11291639122;B
20241014;100807;131.2;10;11291639127;B
20241014;100807;131.06;200;11291639128;S
20241014;100807;131.1;10;11291639133;S
20241014;100807;131.06;190;11291639134;S
20241014;100807;131.2;20;11291639136;B
20241014;100807;131.06;150;11291639138;S
20241014;100807;131.06;200;11291639146;S
20241014;100807;131.18;20;11291639155;B
20241014;100807;131.18;20;11291639166;B
20241014;100807;131.18;10;11291639171;B
20241014;100807;131.18;20;11291639192;B
20241014;100808;131.18;20;11291639355;B
20241014;100808;131.2;250;11291639369;B
20241014;100808;131.06;160;11291639371;S
20241014;100808;131.04;100;11291639372;S
20241014;100808;131.04;70;11291639373;S
20241014;100808;131.04;170;11291639374;S
20241014;100808;131.2;10;11291639379;B
20241014;100808;131.2;20;11291639394;B
20241014;100808;131.2;20;11291639433;B
20241014;100808;131.2;20;11291639490;B
20241014;100809;131.2;10;11291639578;B
20241014;100809;131.2;10;11291639579;B
20241014;100809;131.2;20;11291639584;B
20241014;100809;131.16;20;11291639631;B
20241014;100809;131.16;10;11291639664;B
20241014;100810;131.16;20;11291639793;B
20241014;100810;131.16;10;11291639821;B
20241014;100810;131.16;100;11291639854;B
20241014;100810;131.16;690;11291639890;B
20241014;100810;131.44;60;11291639942;B
20241014;100810;131.46;20;11291639943;B
20241014;100813;131.48;10;11291640526;B
20241014;100815;131.52;20;11291640951;B
20241014;100815;131.5;100;11291640988;B
20241014;100815;131.5;20;11291641115;B
20241014;100816;131.48;20;11291641186;B
20241014;100816;131.52;20;11291641224;B
20241014;100817;131.52;20;11291641299;B
20241014;100817;131.56;10;11291641330;B
20241014;100817;131.56;10;11291641380;B
20241014;100818;131.56;10;11291641621;B
20241014;100818;131.56;10;11291641665;B
20241014;100818;131.56;50;11291641704;B
20241014;100818;131.56;10;11291641739;B
20241014;100819;131.56;10;11291641792;B
20241014;100820;131.3;420;11291642104;B
20241014;100820;131.3;30;11291642105;B
20241014;100821;131.28;10;11291642425;S
20241014;100823;131.3;20;11291642733;B
20241014;100823;131.24;10;11291642781;S
20241014;100824;131.3;500;11291642977;B
20241014;100824;131.3;50;11291643062;B
20241014;100825;131.3;50;11291643182;B
20241014;100826;131.3;10;11291643453;B
20241014;100826;131.3;50;11291643470;B
20241014;100827;131.3;10;11291643657;B
20241014;100831;131.28;10;11291644635;B
20241014;100832;131.28;420;11291644834;B
20241014;100832;131.28;70;11291644847;B
20241014;100832;131.46;80;11291644848;B
20241014;100835;131.28;300;11291645454;S
20241014;100835;131.26;40;11291645455;S
20241014;100835;131.26;300;11291645456;B
20241014;100835;131.26;300;11291645457;B
20241014;100837;131.26;170;11291645890;B
20241014;100838;131.3;10;11291646243;S
20241014;100840;131.44;20;11291646601;B
20241014;100840;131.48;10;11291646602;B
20241014;100841;131.32;300;11291646773;S
20241014;100841;131.3;500;11291646774;S
20241014;100841;131.3;190;11291646775;S
20241014;100841;131.28;930;11291646776;S
20241014;100842;131.3;150;11291646994;S
20241014;100842;131.5;20;11291647040;B
20241014;100843;131.52;10;11291647212;B
20241014;100844;131.54;200;11291647408;B
20241014;100844;131.58;100;11291647409;B
20241014;100844;131.58;400;11291647561;B
20241014;100844;131.62;50;11291647562;B
20241014;100844;131.64;50;11291647563;B
20241014;100844;131.66;100;11291647564;B
20241014;100844;131.7;400;11291647565;B
20241014;100844;131.72;100;11291647566;B
20241014;100844;131.74;100;11291647567;B
20241014;100844;131.74;390;11291647568;B
20241014;100845;131.76;20;11291647616;B
20241014;100846;131.72;10;11291647845;S
20241014;100852;131.74;50;11291649165;B
20241014;100852;131.76;150;11291649166;B
20241014;100853;131.74;10;11291649432;B
20241014;100854;131.74;10;11291649749;B
20241014;100858;131.52;30;11291650760;S
20241014;100902;131.68;330;11291652057;B
20241014;100902;131.72;50;11291652058;B
20241014;100902;131.74;80;11291652059;B
20241014;100902;131.74;50;11291652060;B
20241014;100908;131.78;500;11291653667;B
20241014;100908;131.84;90;11291653668;B
20241014;100908;131.84;60;11291653669;B
20241014;100908;131.86;50;11291653670;B
20241014;100908;131.86;60;11291653671;B
20241014;100908;131.88;2230;11291653672;S
20241014;100913;131.9;200;11291655349;B
20241014;100913;131.92;100;11291655350;B
20241014;100915;131.98;10;11291655786;B
20241014;100915;131.98;340;11291655787;B
20241014;100915;132;100;11291655788;B
20241014;100918;131.98;100;11291656726;B
20241014;100918;131.98;130;11291656727;B
20241014;100918;132;270;11291656728;B
20241014;100919;132;10;11291657036;B
20241014;100919;132;130;11291657126;B
20241014;100919;132;10;11291657127;B
20241014;100919;132.02;90;11291657128;B
20241014;100919;132.02;270;11291657129;S
20241014;100923;132.06;10;11291658149;B
20241014;100928;132.06;10;11291659684;B
20241014;100930;132.06;90;11291660029;B
20241014;100930;132.06;10;11291660030;B
20241014;100930;132.06;290;11291660167;B
20241014;100930;132.08;70;11291660168;B
20241014;100930;132.1;640;11291660169;B
20241014;100931;131.92;10;11291660448;S
20241014;100931;131.92;10;11291660449;S
20241014;100931;131.86;30;11291660450;S
20241014;100931;132.1;70;11291660455;B
20241014;100934;132.06;10;11291661373;B
20241014;100940;131.84;10;11291662898;S
20241014;100943;132.06;50;11291664315;B
20241014;100943;132.06;10;11291664316;B
20241014;100943;132.08;20;11291664317;B
20241014;100950;132.06;200;11291666665;B
20241014;100950;132.06;80;11291666666;B
20241014;100950;132.06;20;11291666667;B
20241014;101003;131.86;230;11291669465;S
20241014;101012;131.96;100;11291671726;B
20241014;101016;131.86;120;11291672774;S
20241014;101016;131.86;520;11291672775;S
20241014;101016;131.84;3000;11291672776;S
20241014;101016;131.84;10;11291672777;S
20241014;101016;131.8;370;11291672778;S
20241014;101016;131.8;60;11291672779;S
20241014;101016;131.78;2500;11291672780;S
20241014;101016;131.78;100;11291672781;S
20241014;101016;131.76;10;11291672782;S
20241014;101016;131.74;1490;11291672783;S
20241014;101016;131.7;100;11291672784;S
20241014;101016;131.68;100;11291672785;S
20241014;101016;131.64;300;11291672786;S
20241014;101016;131.6;20;11291672787;S
20241014;101016;131.54;1500;11291672788;S
20241014;101016;131.52;10;11291672789;S
20241014;101016;131.52;80;11291672790;S
20241014;101016;131.5;10;11291672791;S
20241014;101016;131.5;1000;11291672792;S
20241014;101016;131.5;10;11291672793;S
20241014;101016;131.46;200;11291672794;S
20241014;101016;131.4;100;11291672795;S
20241014;101016;131.38;10;11291672796;S
20241014;101016;131.38;2500;11291672797;B
20241014;101016;131.36;10;11291672798;S
20241014;101016;131.32;10;11291672799;S
20241014;101016;131.32;100;11291672800;S
20241014;101017;131.36;100;11291672969;B
20241014;101017;131.36;10;11291672970;B
20241014;101017;131.36;300;11291672971;B
20241014;101017;131.38;290;11291672972;B
20241014;101019;131.52;100;11291673472;B
20241014;101019;131.52;50;11291673473;B
20241014;101020;131.52;400;11291673895;B
20241014;101020;131.52;100;11291673896;B
20241014;101024;131.36;100;11291674762;S
20241014;101026;131.36;10;11291675154;S
20241014;101031;131.38;10;11291676315;S
20241014;101031;131.38;300;11291676316;S
20241014;101031;131.36;100;11291676317;S
20241014;101031;131.36;300;11291676318;S
20241014;101031;131.32;10;11291676319;S
20241014;101031;131.3;10;11291676320;S
20241014;101031;131.28;50;11291676321;S
20241014;101031;131.28;400;11291676322;S
20241014;101031;131.26;10;11291676323;S
20241014;101031;131.26;10;11291676324;S
20241014;101031;131.26;520;11291676325;S
20241014;101031;131.24;500;11291676326;S
20241014;101031;131.24;1000;11291676327;S
20241014;101031;131.24;10;11291676328;S
20241014;101031;131.22;1310;11291676329;S
20241014;101031;131.2;20;11291676330;S
20241014;101031;131.16;10;11291676331;S
20241014;101031;131.16;10;11291676332;S
20241014;101031;131.14;10;11291676333;S
20241014;101031;131.14;100;11291676334;S
20241014;101031;131.14;180;11291676335;S
20241014;101031;131.12;1000;11291676336;S
20241014;101031;131.12;10;11291676337;S
20241014;101031;131.1;5990;11291676338;S
20241014;101031;131.1;10;11291676339;S
20241014;101031;131.1;200;11291676340;S
20241014;101031;131.08;10;11291676341;S
20241014;101031;131.04;100;11291676342;S
20241014;101031;131.04;90;11291676343;S
20241014;101031;131.04;50;11291676344;S
20241014;101031;131.04;10;11291676345;S
20241014;101031;131.02;10;11291676346;S
20241014;101031;131.02;500;11291676347;S
20241014;101031;131.02;40;11291676348;B
20241014;101031;131.02;140;11291676349;B
20241014;101031;131;30;11291676350;S
20241014;101031;131;10;11291676351;S
20241014;101031;131;30;11291676352;S
20241014;101031;131;130;11291676353;S
20241014;101031;131;870;11291676359;S
20241014;101031;131;10;11291676360;S
20241014;101031;131;320;11291676361;S
20241014;101031;131;200;11291676362;S
20241014;101031;131;200;11291676374;S
20241014;101031;131;200;11291676381;S
20241014;101031;131;80;11291676406;S
20241014;101031;131;20;11291676407;S
20241014;101031;131;100;11291676408;S
20241014;101031;131;200;11291676409;S
20241014;101031;131;700;11291676414;S
20241014;101031;131;20;11291676415;S
20241014;101031;131;480;11291676416;S
20241014;101031;131;200;11291676417;S
20241014;101031;131;400;11291676418;S
20241014;101031;131;60;11291676434;S
20241014;101031;131;200;11291676435;S
20241014;101031;131;200;11291676467;S
20241014;101031;131;200;11291676548;S
20241014;101031;131;260;11291676584;S
20241014;101031;131;100;11291676585;S
20241014;101031;131;10;11291676586;S
20241014;101031;131;30;11291676587;S
20241014;101031;130.96;160;11291676588;S
20241014;101031;130.96;100;11291676589;S
20241014;101031;130.94;50;11291676590;S
20241014;101031;130.8;20;11291676591;S
20241014;101031;130.8;10;11291676592;S
20241014;101031;130.8;100;11291676593;S
20241014;101031;130.8;200;11291676595;S
20241014;101031;130.8;70;11291676628;S
20241014;101031;130.74;30;11291676629;S
20241014;101031;130.74;10;11291676643;B
20241014;101031;130.7;170;11291676644;S
20241014;101031;130.7;30;11291676645;S
20241014;101032;130.7;20;11291676665;S
20241014;101032;130.64;60;11291676666;S
20241014;101032;130.62;120;11291676667;S
20241014;101032;130.62;200;11291676682;S
20241014;101032;130.68;220;11291676685;B
20241014;101032;130.88;10;11291676686;B
20241014;101032;130.86;100;11291676787;B
20241014;101032;130.92;520;11291676788;B
20241014;101032;130.92;510;11291676789;B
20241014;101032;130.94;300;11291676790;B
20241014;101032;130.98;2150;11291676791;B
20241014;101032;131;1810;11291676792;B
20241014;101032;131;3000;11291676793;B
20241014;101032;131;2000;11291676794;B
20241014;101032;131;60;11291676795;B
20241014;101032;131.02;4550;11291676796;B
20241014;101032;130.66;10;11291676797;S
20241014;101032;130.66;30;11291676798;S
20241014;101033;130.66;10;11291676902;S
20241014;101033;130.66;10;11291676910;S
20241014;101033;130.96;50;11291676911;S
20241014;101033;130.96;100;11291676918;S
20241014;101033;130.96;100;11291676920;S
20241014;101034;130.96;300;11291677282;B
20241014;101034;130.96;200;11291677283;B
20241014;101037;131.32;10;11291677971;B
20241014;101037;131.24;10;11291677978;S
20241014;101038;131.32;10;11291678323;B
20241014;101038;131.34;500;11291678337;B
20241014;101038;131.38;100;11291678338;B
20241014;101038;131.58;300;11291678339;B
20241014;101038;131.7;100;11291678340;B
20241014;101038;131.52;40;11291678370;S
20241014;101038;131.52;40;11291678373;S
20241014;101038;131.52;20;11291678379;S
20241014;101038;131.48;20;11291678380;S
20241014;101041;131.78;10;11291679096;B
20241014;101041;131.4;10;11291679145;S
20241014;101049;131.48;90;11291681851;S
20241014;101053;131.74;10;11291682854;B
20241014;101053;131.74;10;11291682855;B
20241014;101054;131.76;10;11291683096;B
20241014;101054;131.46;10;11291683147;S
20241014;101054;131.48;50;11291683217;B
20241014;101101;131.72;10;11291684531;B
20241014;101105;131.46;40;11291685618;B
20241014;101105;131.5;10;11291685619;B
20241014;101105;131.52;100;11291685620;B
20241014;101105;131.58;50;11291685621;B
20241014;101106;131.44;10;11291685730;S
20241014;101106;131.42;30;11291685731;S
20241014;101106;131.58;30;11291685858;B
20241014;101108;131.52;1000;11291686101;B
20241014;101109;131.52;830;11291686409;B
20241014;101111;131.52;10;11291686952;B
20241014;101112;131.4;10;11291687088;S
20241014;101112;131.4;30;11291687089;S
20241014;101115;131.52;10;11291687608;B
20241014;101116;131.52;10;11291687694;B
20241014;101116;131.52;50;11291687737;B
20241014;101118;131.5;160;11291688250;B
20241014;101118;131.52;90;11291688251;B
20241014;101118;131.52;10;11291688252;B
20241014;101118;131.52;140;11291688253;B
20241014;101118;131.52;100;11291688254;B
20241014;101118;131.58;270;11291688255;B
20241014;101118;131.6;1230;11291688256;S
20241014;101119;131.42;30;11291688369;S
20241014;101123;131.58;70;11291689059;B
20241014;101123;131.6;70;11291689060;B
20241014;101126;131.46;460;11291689553;S
20241014;101126;131.46;40;11291689554;S
20241014;101135;131.52;40;11291692340;B
20241014;101135;131.52;100;11291692341;B
20241014;101135;131.62;90;11291692342;B
20241014;101135;131.64;520;11291692343;B
20241014;101135;131.64;1250;11291692344;B
20241014;101144;131.46;10;11291694646;S
20241014;101149;131.5;50;11291696480;B
20241014;101149;131.46;10;11291696502;S
20241014;101154;131.42;40;11291697781;S
20241014;101154;131.42;60;11291697782;S
20241014;101203;131.48;10;11291700472;B
20241014;101203;131.42;140;11291700473;S
20241014;101203;131.4;1970;11291700474;S
20241014;101203;131.4;250;11291700475;S
20241014;101203;131.4;30;11291700476;S
20241014;101203;131.4;10;11291700477;S
20241014;101203;131.4;50;11291700478;S
20241014;101206;131.42;50;11291701242;S
20241014;101206;131.36;10;11291701244;S
20241014;101206;131.36;10;11291701245;S
20241014;101206;131.36;10;11291701246;S
20241014;101206;131.36;10;11291701247;S
20241014;101206;131.36;10;11291701248;S
20241014;101206;131.36;10;11291701249;S
20241014;101206;131.36;10;11291701250;S
20241014;101206;131.36;10;11291701251;S
20241014;101206;131.36;10;11291701252;S
20241014;101206;131.36;10;11291701253;S
20241014;101206;131.36;10;11291701254;S
20241014;101206;131.36;10;11291701255;S
20241014;101206;131.36;10;11291701256;S
20241014;101206;131.36;10;11291701257;S
20241014;101206;131.36;10;11291701258;S
20241014;101208;131.48;50;11291701974;B
20241014;101221;131.32;20;11291705143;S
20241014;101221;131.3;10;11291705144;S
20241014;101221;131.3;110;11291705145;S
20241014;101221;131.26;600;11291705150;S
20241014;101221;131.3;20;11291705219;B
20241014;101226;131.48;10;11291706931;B
20241014;101229;131.24;10;11291707799;S
20241014;101246;131.36;10;11291711534;B
20241014;101250;131.32;10;11291712553;S
20241014;101250;131.24;10;11291712554;S
20241014;101250;131.24;20;11291712555;S
20241014;101250;131.24;40;11291712556;S
20241014;101250;131.22;50;11291712557;S
20241014;101250;131.2;10;11291712558;S
20241014;101250;131.16;30;11291712559;S
20241014;101250;131.16;150;11291712560;S
20241014;101250;131.14;260;11291712561;S
20241014;101250;131.12;220;11291712562;S
20241014;101257;131.3;20;11291713973;B
20241014;101259;131.32;10;11291714386;B
20241014;101259;131.32;40;11291714387;B
20241014;101259;131.32;60;11291714434;B
20241014;101259;131.38;140;11291714435;B
20241014;101259;131.16;50;11291714523;S
20241014;101259;131.12;30;11291714524;S
20241014;101302;131.18;100;11291715012;S
20241014;101302;131.12;20;11291715133;S
20241014;101304;131.12;80;11291715472;S
20241014;101304;131.12;60;11291715473;S
20241014;101309;131.12;50;11291716686;S
20241014;101309;131.12;100;11291716687;S
20241014;101309;131.12;10;11291716688;S
20241014;101309;131.12;20;11291716689;S
20241014;101309;131.12;500;11291716690;S
20241014;101309;131.1;10;11291716691;S
20241014;101309;131.1;400;11291716692;S
20241014;101309;131.1;500;11291716693;S
20241014;101309;131.08;250;11291716694;S
20241014;101309;131.08;2000;11291716695;S
20241014;101309;131.08;10;11291716696;S
20241014;101312;131.1;10;11291717295;B
20241014;101319;131.1;40;11291718804;B
20241014;101320;131.02;380;11291718984;S
20241014;101320;131.02;10;11291718985;S
20241014;101320;131;300;11291718986;S
20241014;101320;131;1000;11291718987;S
20241014;101320;131;10;11291718988;S
20241014;101320;131;300;11291718989;S
20241014;101320;131;10;11291718990;S
20241014;101320;131;800;11291718991;S
20241014;101320;131;100;11291718992;S
20241014;101320;130.96;10;11291718993;S
20241014;101320;130.94;120;11291718994;S
20241014;101320;130.94;100;11291718995;S
20241014;101320;130.92;100;11291718996;S
20241014;101320;130.92;300;11291718997;S
20241014;101320;130.92;10;11291718998;S
20241014;101320;130.92;120;11291718999;S
20241014;101320;130.9;490;11291719000;S
20241014;101320;130.88;250;11291719001;S
20241014;101320;130.88;590;11291719002;S
20241014;101323;131.08;20;11291719635;B
20241014;101330;131.06;10;11291721298;B
20241014;101332;131.06;50;11291721677;S
20241014;101334;131.06;20;11291722477;B
20241014;101340;131.08;10;11291723613;B
20241014;101340;131.08;500;11291723614;B
20241014;101340;131.08;160;11291723615;S
20241014;101341;131.16;50;11291723717;B
20241014;101348;131;50;11291725305;B
20241014;101351;130.92;70;11291726361;S
20241014;101351;130.94;70;11291726545;S
20241014;101356;130.98;40;11291727568;S
20241014;101356;130.98;40;11291727570;S
20241014;101356;131;20;11291727572;B
20241014;101400;131;100;11291728764;B
20241014;101401;131;1200;11291728792;B
20241014;101401;131;280;11291728809;B
20241014;101401;131.16;10;11291728820;B
20241014;101401;131;430;11291728884;B
20241014;101413;131.3;20;11291731542;B
20241014;101424;131.04;40;11291733680;S
20241014;101424;131.02;20;11291733681;S
20241014;101424;131.02;3830;11291733682;S
20241014;101424;131.02;60;11291733683;S
20241014;101424;131;250;11291733684;S
20241014;101424;131;500;11291733685;S
20241014;101424;131;30;11291733686;S
20241014;101424;131;70;11291733687;S
20241014;101424;130.96;200;11291733688;S
20241014;101426;131.2;10;11291734088;B
20241014;101429;131.18;10;11291734667;B
20241014;101440;131.06;10;11291737472;S
20241014;101440;131.02;100;11291737473;S
20241014;101440;131.02;10;11291737474;S
20241014;101440;131.02;300;11291737475;S
20241014;101440;131;100;11291737476;S
20241014;101440;131;40;11291737477;B
20241014;101441;130.96;20;11291737737;S
20241014;101441;131;10;11291737763;B
20241014;101442;131;10;11291737919;B
20241014;101444;131;300;11291738305;B
20241014;101444;131;920;11291738307;B
20241014;101444;131;50;11291738329;B
20241014;101444;130.98;10;11291738374;S
20241014;101449;131;40;11291739600;B
20241014;101452;131;110;11291740388;B
20241014;101452;131.02;40;11291740389;S
20241014;101501;131;10;11291742993;S
20241014;101502;131.04;20;11291743435;B
20241014;101504;131.04;10;11291744303;B
20241014;101505;131.04;50;11291744347;B
20241014;101508;131.04;10;11291745456;B
20241014;101511;131.04;50;11291747150;B
20241014;101512;131.04;290;11291747405;B
20241014;101512;131.16;210;11291747406;B
20241014;101513;131.24;10;11291747961;B
20241014;101518;131.24;220;11291750333;B
20241014;101518;131.26;100;11291750334;B
20241014;101518;131.3;280;11291750335;B
20241014;101519;131.3;50;11291750782;B
20241014;101525;131.06;80;11291753459;S
20241014;101530;131.28;20;11291755968;B
20241014;101533;131.28;500;11291757039;B
20241014;101533;131.28;90;11291757040;B
20241014;101533;131.28;100;11291757041;B
20241014;101533;131.3;190;11291757042;B
20241014;101533;131.3;90;11291757043;B
20241014;101533;131.3;30;11291757044;S
20241014;101538;131.1;60;11291758741;S
20241014;101538;131.1;520;11291758742;S
20241014;101538;131.08;60;11291758743;S
20241014;101538;131.08;200;11291758744;S
20241014;101538;131.06;100;11291758745;S
20241014;101538;131.06;520;11291758746;S
20241014;101538;131.04;100;11291758747;S
20241014;101538;131.04;10;11291758748;S
20241014;101538;131.04;50;11291758749;S
20241014;101538;131.02;100;11291758750;S
20241014;101538;131.02;60;11291758751;S
20241014;101538;131.02;460;11291758752;S
20241014;101538;131;260;11291758753;S
20241014;101538;131;20;11291758916;S
20241014;101601;131.2;50;11291767178;B
20241014;101602;131.08;10;11291767385;B
20241014;101602;131.08;420;11291767386;B
20241014;101605;131.26;60;11291768653;B
20241014;101605;131.28;40;11291768654;B
20241014;101612;131.3;10;11291771064;B
20241014;101615;131.3;10;11291772050;B
20241014;101622;131.12;70;11291774109;S
20241014;101623;131.3;90;11291774505;B
20241014;101623;131.3;10;11291774506;B
20241014;101623;131.3;100;11291774507;B
20241014;101623;131.3;190;11291774508;S
20241014;101625;131.3;30;11291775074;B
20241014;101626;131.28;80;11291775337;B
20241014;101626;131.28;70;11291775338;B
20241014;101627;131.3;10;11291775785;B
20241014;101629;131.28;10;11291776380;B
20241014;101631;131.3;10;11291776808;B
20241014;101634;131.3;20;11291777541;B
20241014;101641;131.28;20;11291779791;B
20241014;101642;131.3;80;11291779981;B
20241014;101647;131.14;10;11291781495;S
20241014;101651;131.3;40;11291782427;B
20241014;101651;131.3;10;11291782578;B
20241014;101653;131.3;130;11291783058;B
20241014;101656;131.3;10;11291783758;B
20241014;101657;131.28;10;11291784019;S
20241014;101657;131.28;20;11291784110;S
20241014;101657;131.28;20;11291784183;S
20241014;101658;131.28;20;11291784262;S
20241014;101701;131.3;380;11291785002;B
20241014;101704;131.16;190;11291785911;S
20241014;101704;131.16;20;11291785912;S
20241014;101704;131.14;50;11291785913;S
20241014;101704;131.14;30;11291785914;S
20241014;101705;131.2;30;11291786032;B
20241014;101705;131.2;10;11291786130;B
20241014;101706;131.2;390;11291786337;B
20241014;101706;131.22;100;11291786338;B
20241014;101706;131.24;70;11291786339;B
20241014;101706;131.26;100;11291786340;B
20241014;101706;131.3;40;11291786341;B
20241014;101712;131.18;20;11291787742;S
20241014;101714;131.28;40;11291788255;S
20241014;101715;131.3;200;11291788730;B
20241014;101717;131.28;10;11291789379;S
20241014;101721;131.3;20;11291790586;B
20241014;101721;131.28;10;11291790752;S
20241014;101722;131.28;940;11291790982;S
20241014;101722;131.18;100;11291790983;S
20241014;101722;131.16;280;11291790984;S
20241014;101722;131.16;10;11291790985;S
20241014;101722;131.16;60;11291790986;S
20241014;101723;131.3;150;11291791467;B
20241014;101739;131.26;150;11291796682;B
20241014;101740;131.26;10;11291796960;B
20241014;101741;131.26;10;11291797147;B
20241014;101742;131.26;40;11291797293;B
20241014;101742;131.2;10;11291797333;S
20241014;101742;131.26;310;11291797400;B
20241014;101750;131.26;320;11291799496;S
20241014;101801;131.28;180;11291802908;B
20241014;101804;131.28;10;11291803774;B
20241014;101804;131.28;10;11291803812;B
20241014;101807;131.28;10;11291804751;B
20241014;101808;131.26;10;11291805042;S
20241014;101809;131.28;2200;11291805267;B
20241014;101810;131.28;10;11291805543;B
20241014;101811;131.26;10;11291805685;S
20241014;101811;131.28;10;11291805814;B
20241014;101813;131.24;160;11291806176;S
20241014;101813;131.24;120;11291806177;S
20241014;101813;131.28;10;11291806411;B
20241014;101814;131.28;10;11291806521;B
20241014;101814;131.28;10;11291806753;B
20241014;101816;131.28;1100;11291807345;B
20241014;101816;131.28;10;11291807570;B
20241014;101817;131.28;70;11291807655;B
20241014;101817;131.28;350;11291807752;B
20241014;101817;131.28;700;11291807956;B
20241014;101820;131.28;10;11291808921;B
20241014;101824;131.28;50;11291810245;B
20241014;101825;131.28;10;11291810441;B
20241014;101825;131.28;240;11291810442;B
20241014;101825;131.28;20;11291810499;B
20241014;101827;131.28;10;11291811144;B
20241014;101828;131.26;10;11291811293;S
20241014;101829;131.28;10;11291811558;B
20241014;101830;131.26;10;11291811856;S
20241014;101834;131.28;10;11291812788;B
20241014;101836;131.28;10;11291813577;B
20241014;101837;131.26;30;11291813922;S
20241014;101839;131.28;370;11291814192;B
20241014;101841;131.3;20;11291814673;B
20241014;101842;131.28;20;11291814963;S
20241014;101844;131.3;10;11291815465;B
20241014;101846;131.3;10;11291816325;B
20241014;101847;131.3;100;11291816354;B
20241014;101849;131.3;10;11291816910;B
20241014;101851;131.3;50;11291817638;B
20241014;101851;131.3;20;11291817639;B
20241014;101851;131.3;60;11291817667;B
20241014;101853;131.3;10;11291818072;B
20241014;101854;131.3;50;11291818501;B
20241014;101859;131.3;860;11291819733;B
20241014;101859;131.3;140;11291819734;B
20241014;101859;131.3;20;11291819739;B
20241014;101859;131.28;610;11291820002;S
20241014;101859;131.28;20;11291820003;S
20241014;101859;131.26;370;11291820004;S
20241014;101900;131.28;10;11291820220;B
20241014;101901;131.28;90;11291820573;B
20241014;101901;131.3;10;11291820574;B
20241014;101902;131.26;80;11291820729;S
20241014;101902;131.26;10;11291820730;S
20241014;101904;131.26;10;11291821448;B
20241014;101905;131.26;330;11291821581;B
20241014;101905;131.28;140;11291821582;B
20241014;101905;131.3;530;11291821583;B
20241014;101905;131.3;10;11291821781;B
20241014;101908;131.3;10;11291822503;B
20241014;101911;131.24;10;11291823311;S
20241014;101912;131.3;10;11291823795;B
20241014;101914;131.3;30;11291824282;B
20241014;101915;131.24;10;11291824728;S
20241014;101916;131.3;80;11291824850;B
20241014;101916;131.3;10;11291824854;B
20241014;101919;131.24;30;11291826057;S
20241014;101924;131.3;40;11291827470;B
20241014;101924;131.3;10;11291827579;B
20241014;101925;131.3;100;11291827742;B
20241014;101925;131.3;300;11291827743;B
20241014;101925;131.3;10;11291827744;B
20241014;101925;131.3;80;11291827745;B
20241014;101933;131.4;20;11291830152;B
20241014;101933;131.4;60;11291830328;B
20241014;101934;131.24;30;11291830529;S
20241014;101935;131.4;10;11291830827;B
20241014;101936;131.4;10;11291831149;B
20241014;101938;131.4;10;11291831685;B
20241014;101940;131.4;20;11291832250;B
20241014;101941;131.42;10;11291832403;B
20241014;101941;131.42;90;11291832426;B
20241014;101941;131.44;10;11291832427;B
20241014;101941;131.44;10;11291832591;B
20241014;101942;131.44;20;11291832748;B
20241014;101943;131.44;20;11291832963;B
20241014;101944;131.44;10;11291833181;B
20241014;101945;131.44;10;11291833277;B
20241014;101945;131.44;1260;11291833455;B
20241014;101945;131.46;40;11291833456;B
20241014;101945;131.48;300;11291833457;B
20241014;101945;131.48;40;11291833458;B
20241014;101945;131.5;360;11291833459;B
20241014;101949;131.48;80;11291834298;B
20241014;101950;131.44;10;11291834715;S
20241014;101958;131.5;20;11291836676;B
20241014;101959;131.5;20;11291836866;B
20241014;101959;131.5;10;11291837054;B
20241014;101959;131.5;10;11291837100;B
20241014;102000;131.5;530;11291837138;B
20241014;102000;131.5;270;11291837139;B
20241014;102003;131.5;300;11291838059;B
20241014;102003;131.44;20;11291838131;S
20241014;102007;131.5;250;11291839595;B
20241014;102007;131.5;10;11291839596;B
20241014;102009;131.5;10;11291840096;B
20241014;102011;131.5;10;11291840797;B
20241014;102012;131.5;70;11291840923;B
20241014;102012;131.5;10;11291840949;B
20241014;102012;131.5;70;11291840961;B
20241014;102012;131.5;10;11291840962;B
20241014;102012;131.5;10;11291840963;B
20241014;102014;131.5;10;11291841436;B
20241014;102017;131.44;20;11291842207;S
20241014;102017;131.5;20;11291842302;B
20241014;102017;131.5;110;11291842330;B
20241014;102017;131.5;140;11291842394;B
20241014;102017;131.5;70;11291842395;B
20241014;102020;131.44;40;11291842961;S
20241014;102021;131.5;10;11291843206;B
20241014;102023;131.5;10;11291843681;B
20241014;102024;131.5;10;11291844057;B
20241014;102024;131.5;250;11291844172;B
20241014;102025;131.5;10;11291844281;B
20241014;102025;131.5;600;11291844300;B
20241014;102025;131.5;40;11291844493;B
20241014;102025;131.5;100;11291844522;B
20241014;102030;131.5;20;11291845838;B
20241014;102031;131.5;20;11291846584;B
20241014;102032;131.5;100;11291846833;B
20241014;102032;131.5;10;11291846838;B
20241014;102032;131.5;100;11291847255;B
20241014;102033;131.5;10;11291847748;B
20241014;102036;131.5;20;11291849494;B
20241014;102039;131.5;20;11291851573;B
20241014;102039;131.5;100;11291851588;B
20241014;102042;131.5;20;11291853644;B
20241014;102043;131.5;20;11291853705;B
20241014;102043;131.5;20;11291853782;B
20241014;102043;131.5;10;11291853987;B
20241014;102045;131.48;10;11291855130;S
20241014;102045;131.46;20;11291855131;S
20241014;102045;131.46;100;11291855132;S
20241014;102045;131.44;10;11291855133;S
20241014;102045;131.44;200;11291855134;S
20241014;102045;131.44;440;11291855135;S
20241014;102045;131.44;100;11291855136;S
20241014;102045;131.4;200;11291855137;S
20241014;102045;131.36;100;11291855138;S
20241014;102045;131.32;60;11291855139;S
20241014;102045;131.3;300;11291855140;S
20241014;102045;131.3;20;11291855141;S
20241014;102045;131.26;100;11291855142;S
20241014;102045;131.24;100;11291855143;S
20241014;102045;131.24;260;11291855144;S
20241014;102045;131.24;10;11291855145;S
20241014;102045;131.2;520;11291855146;S
20241014;102045;131.2;4120;11291855148;B
20241014;102045;131.2;190;11291855149;B
20241014;102045;131.2;40;11291855171;B
20241014;102045;131.2;40;11291855178;B
20241014;102045;131.18;10;11291855492;S
20241014;102057;131.42;60;11291863238;B
20241014;102057;131.44;40;11291863239;B
20241014;102103;131.44;80;11291867124;B
20241014;102108;131.44;50;11291870386;B
20241014;102109;131.44;350;11291871233;B
20241014;102109;131.44;100;11291871234;B
20241014;102109;131.44;40;11291871235;B
20241014;102109;131.44;300;11291871236;B
20241014;102109;131.44;1110;11291871237;S
20241014;102117;131.44;20;11291875881;B
20241014;102118;131.44;80;11291876461;B
20241014;102123;131.42;30;11291881509;B
20241014;102127;131.22;60;11291884130;S
20241014;102127;131.2;10;11291884281;S
20241014;102127;131.18;1000;11291884362;S
20241014;102127;131.16;940;11291884363;S
20241014;102133;131.12;120;11291888253;B
20241014;102133;131.12;40;11291888344;B
20241014;102134;131.1;50;11291888590;S
20241014;102134;131.1;400;11291888591;S
20241014;102134;131.1;10;11291888592;S
20241014;102134;131.1;20;11291888593;S
20241014;102135;131.12;70;11291889734;B
20241014;102141;131.06;10;11291893509;S
20241014;102141;131.06;100;11291893510;S
20241014;102141;131.08;10;11291893522;B
20241014;102141;131.1;20;11291893523;B
20241014;102146;131.08;10;11291897025;B
20241014;102148;131.1;10;11291898713;B
20241014;102148;131.04;10;11291898760;S
20241014;102149;131.1;10;11291899353;B
20241014;102149;131.1;100;11291899393;B
20241014;102152;131.1;10;11291901097;B
20241014;102201;131.08;10;11291907284;B
20241014;102203;131.1;20;11291907986;B
20241014;102204;131.08;70;11291909001;S
20241014;102204;131.04;30;11291909002;S
20241014;102209;131.08;60;11291911591;B
20241014;102209;131.1;10;11291911592;B
20241014;102214;131.08;60;11291914510;B
20241014;102218;131.08;70;11291916963;B
20241014;102218;131.1;120;11291916964;B
20241014;102218;131.1;210;11291916965;B
20241014;102221;131.08;50;11291918446;B
20241014;102222;131.04;490;11291919091;S
20241014;102222;131.02;10;11291919092;S
20241014;102230;131.06;30;11291924765;B
20241014;102234;131.02;40;11291928089;S
20241014;102234;131.02;1170;11291928091;S
20241014;102234;131;150;11291928120;S
20241014;102234;131;20;11291928121;S
20241014;102234;131;300;11291928122;S
20241014;102234;131;10;11291928123;S
20241014;102234;131;10;11291928124;S
20241014;102234;131;100;11291928125;S
20241014;102234;131;1000;11291928126;S
20241014;102234;131;10;11291928127;S
20241014;102234;131;120;11291928128;S
20241014;102234;131;50;11291928129;S
20241014;102234;131;100;11291928130;S
20241014;102234;131;10;11291928131;S
20241014;102234;131;1220;11291928132;S
20241014;102234;131;10;11291928133;S
20241014;102234;131;10;11291928134;S
20241014;102234;131;1000;11291928135;S
20241014;102234;131;400;11291928136;S
20241014;102234;130.98;10;11291928140;S
20241014;102234;130.96;190;11291928199;S
20241014;102235;131.02;30;11291928393;B
20241014;102237;130.96;90;11291929901;S
20241014;102237;130.96;100;11291929902;S
20241014;102237;130.92;430;11291929923;S
20241014;102237;130.9;100;11291929935;S
20241014;102237;130.9;10;11291929936;S
20241014;102237;130.88;10;11291929938;S
20241014;102237;130.86;400;11291929968;S
20241014;102238;130.82;350;11291930779;S
20241014;102238;130.84;40;11291931230;B
20241014;102238;130.86;40;11291931231;B
20241014;102238;130.86;20;11291931232;B
20241014;102300;130.86;10;11291945026;B
20241014;102303;130.84;10;11291947030;S
20241014;102310;130.8;40;11291951768;S
20241014;102313;130.8;10;11291953680;S
20241014;102313;130.86;10;11291953908;B
20241014;102316;130.8;90;11291955715;S
20241014;102318;130.86;30;11291957025;B
20241014;102324;130.8;110;11291960929;S
20241014;102324;130.8;30;11291960930;S
20241014;102324;130.8;200;11291960931;S
20241014;102324;130.8;10;11291960932;S
20241014;102324;130.8;100;11291960933;S
20241014;102324;130.8;10;11291960934;S
20241014;102324;130.8;500;11291960935;S
20241014;102324;130.8;500;11291960936;S
20241014;102324;130.78;1000;11291960943;S
20241014;102324;130.78;10;11291960944;S
20241014;102324;130.78;40;11291960945;S
20241014;102324;130.76;10;11291960948;S
20241014;102324;130.76;20;11291960949;S
20241014;102324;130.74;10;11291960957;S
20241014;102324;130.72;10;11291960992;S
20241014;102324;130.76;50;11291961011;B
20241014;102324;130.76;50;11291961012;B
20241014;102327;130.86;10;11291962768;B
20241014;102327;130.86;20;11291962769;B
20241014;102343;130.82;20;11291974344;B
20241014;102343;130.82;100;11291974345;B
20241014;102343;130.84;20;11291974346;B
20241014;102343;130.9;70;11291974347;S
20241014;102343;130.94;10;11291974381;B
20241014;102353;130.86;10;11291980475;B
20241014;102354;130.94;50;11291980642;B
20241014;102354;130.94;100;11291980643;B
20241014;102354;130.96;520;11291980644;B
20241014;102354;130.96;750;11291980645;B
20241014;102354;130.96;10;11291980646;B
20241014;102354;130.98;300;11291980647;B
20241014;102354;130.98;520;11291980648;B
20241014;102354;130.98;10;11291980649;B
20241014;102354;131;1200;11291980650;B
20241014;102355;131;100;11291980786;S
20241014;102400;131.02;10;11291981603;S
20241014;102400;131;440;11291981624;S
20241014;102400;131;1000;11291981625;S
20241014;102400;131;1000;11291981626;S
20241014;102402;131;20;11291982102;S
20241014;102404;131;980;11291983238;S
20241014;102404;131;10;11291983239;S
20241014;102404;131;10;11291983240;S
20241014;102404;131;990;11291983241;S
20241014;102406;131.02;30;11291984074;B
20241014;102416;131.02;10;11291986086;B
20241014;102432;131.02;290;11291988779;B
20241014;102432;131.02;80;11291988780;B
20241014;102436;131.04;30;11291989386;B
20241014;102436;131.02;4630;11291989399;S
20241014;102436;131;5240;11291989400;S
20241014;102436;131;10;11291989401;S
20241014;102436;131;120;11291989402;S
20241014;102438;131;400;11291989684;S
20241014;102445;131.04;10;11291990772;B
20241014;102446;131.04;20;11291990818;B
20241014;102451;131.04;10;11291991731;B
20241014;102456;131.04;10;11291992547;B
20241014;102458;131.04;150;11291992773;B
20241014;102507;131.08;300;11291994660;B
20241014;102507;131.1;130;11291994661;B
20241014;102507;131.1;270;11291994662;B
20241014;102507;131.1;400;11291994663;B
20241014;102507;131.1;40;11291994664;S
20241014;102507;131.1;40;11291994668;S
20241014;102507;131.14;40;11291994669;B
20241014;102511;131.14;200;11291995361;B
20241014;102512;131.16;10;11291995496;B
20241014;102513;131.1;150;11291995748;S
20241014;102514;131.12;10;11291995962;B
20241014;102518;131.12;10;11291996553;B
20241014;102519;131.12;10;11291996896;B
20241014;102519;131.1;1170;11291996897;S
20241014;102519;131.1;10;11291996898;S
20241014;102521;131.08;20;11291997357;B
20241014;102523;131.04;20;11291997703;S
20241014;102523;131.04;10;11291997704;S
20241014;102523;131;30;11291997705;S
20241014;102525;131.08;50;11291998067;B
20241014;102526;131.08;230;11291998294;B
20241014;102526;131.08;80;11291998295;B
20241014;102526;131.08;190;11291998296;S
20241014;102554;131;80;11292004234;S
20241014;102558;131.08;70;11292004833;B
20241014;102607;131;5760;11292006322;S
20241014;102607;131;1000;11292006323;S
20241014;102607;131;140;11292006324;S
20241014;102607;131;1000;11292006325;S
20241014;102607;131;10;11292006326;S
20241014;102607;131;50;11292006327;S
20241014;102607;131;10;11292006328;S
20241014;102607;131;20;11292006329;S
20241014;102607;131;10;11292006330;S
20241014;102608;131;20;11292006597;S
20241014;102620;131.1;10;11292008579;B
20241014;102621;131;30;11292008764;S
20241014;102621;131;160;11292009089;S
20241014;102646;131.1;90;11292013969;B
20241014;102646;131.12;50;11292013970;B
20241014;102646;131.12;200;11292013971;B
20241014;102646;131.14;50;11292013972;B
20241014;102646;131.2;100;11292013973;B
20241014;102646;131.22;510;11292013974;B
20241014;102654;131.04;50;11292015256;S
20241014;102654;131.04;100;11292015257;S
20241014;102654;131.02;520;11292015258;S
20241014;102654;131;8710;11292015259;S
20241014;102654;131;600;11292015260;S
20241014;102654;131;10;11292015261;S
20241014;102654;131;10;11292015262;S
20241014;102654;131;300;11292015263;S
20241014;102654;131.04;20;11292015264;S
20241014;102654;131;370;11292015265;S
20241014;102654;131;490;11292015266;S
20241014;102654;131;5000;11292015267;S
20241014;102654;131;790;11292015268;S
20241014;102654;131;490;11292015270;S
20241014;102654;131;10000;11292015274;S
20241014;102657;131.14;10;11292015668;B
20241014;102701;131.1;50;11292016391;B
20241014;102703;131;100;11292016677;S
20241014;102714;131;800;11292018200;S
20241014;102714;131;200;11292018201;S
20241014;102718;131.1;60;11292018688;B
20241014;102725;131.1;40;11292019942;B
20241014;102725;131.1;10;11292019943;B
20241014;102725;131.1;40;11292019944;B
20241014;102725;131.12;40;11292019945;B
20241014;102725;131.16;100;11292019946;B
20241014;102725;131.18;20;11292019947;B
20241014;102736;131.18;20;11292022710;B
20241014;102740;131.2;200;11292023710;B
20241014;102740;131.22;40;11292023711;B
20241014;102740;131.24;40;11292023712;B
20241014;102740;131.24;20;11292023713;B
20241014;102742;131.24;360;11292024137;B
20241014;102742;131.26;140;11292024138;B
20241014;102747;131.08;70;11292025215;S
20241014;102753;131.1;10;11292026376;B
20241014;102755;131.1;250;11292027080;B
20241014;102757;131.1;30;11292027424;B
20241014;102757;131.24;40;11292027425;B
20241014;102757;131.26;360;11292027426;B
20241014;102757;131.26;40;11292027427;B
20241014;102757;131.32;300;11292027428;B
20241014;102757;131.44;10;11292027429;B
20241014;102757;131.46;520;11292027430;B
20241014;102757;131.46;700;11292027431;B
20241014;102803;131.44;220;11292028652;B
20241014;102808;131.4;40;11292029642;S
20241014;102816;131.3;2000;11292030722;S
20241014;102820;131.4;170;11292031337;S
20241014;102837;131.3;50;11292034881;S
20241014;102837;131.28;40;11292034882;S
20241014;102837;131.26;10;11292034883;S
20241014;102850;131.4;10;11292037406;B
20241014;102851;131.38;10;11292037539;B
20241014;102851;131.4;20;11292037540;B
20241014;102851;131.4;30;11292037541;B
20241014;102851;131.4;300;11292037542;B
20241014;102851;131.42;20;11292037543;B
20241014;102852;131.42;2000;11292037728;S
20241014;102855;131.48;20;11292038143;B
20241014;102857;131.48;30;11292038806;B
20241014;102905;131.48;50;11292040012;B
20241014;102908;131.42;100;11292040514;S
20241014;102910;131.48;600;11292041078;B
20241014;102910;131.48;10;11292041079;B
20241014;102910;131.48;300;11292041080;B
20241014;102910;131.5;550;11292041081;B
20241014;102910;131.5;300;11292041082;B
20241014;102910;131.5;100;11292041083;B
20241014;102910;131.5;710;11292041084;B
20241014;102926;131.48;10;11292043808;S
20241014;102933;131.48;200;11292045208;B
20241014;102935;131.48;10;11292045946;B
20241014;102937;131.48;100;11292046266;B
20241014;102941;131.48;10;11292047232;B
20241014;102946;131.42;50;11292048238;S
20241014;102954;131.42;550;11292049924;B
20241014;102954;131.42;60;11292049925;B
20241014;102957;131.48;10;11292050420;B
20241014;102958;131.48;10;11292050574;B
20241014;103001;131.42;10;11292051071;S
20241014;103009;131.48;10;11292052451;B
20241014;103009;131.48;10;11292052485;B
20241014;103010;131.42;10;11292052638;S
20241014;103014;131.48;20;11292053311;B
20241014;103014;131.48;10;11292053312;B
20241014;103018;131.42;1370;11292053937;S
20241014;103018;131.42;500;11292053938;S
20241014;103018;131.42;80;11292053939;S
20241014;103018;131.4;80;11292053940;S
20241014;103018;131.4;10;11292053941;S
20241014;103018;131.34;100;11292053942;S
20241014;103018;131.3;10;11292053943;S
20241014;103018;131.3;730;11292053944;S
20241014;103018;131.3;30;11292053945;B
20241014;103020;131.18;10;11292054353;S
20241014;103020;131.12;10;11292054354;S
20241014;103051;131.28;10;11292060304;S
20241014;103051;131.22;30;11292060305;S
20241014;103051;131.2;60;11292060306;S
20241014;103051;131.2;30;11292060307;S
20241014;103051;131.2;100;11292060308;S
20241014;103051;131.18;120;11292060309;S
20241014;103103;131.3;30;11292062248;B
20241014;103121;131.3;60;11292065862;B
20241014;103121;131.3;30;11292065863;B
20241014;103121;131.3;310;11292065864;S
20241014;103139;131.3;500;11292068530;S
20241014;103144;131.4;200;11292069185;B
20241014;103203;131.4;10;11292073096;B
20241014;103227;131.4;120;11292078669;S
20241014;103227;131.4;180;11292078670;S
20241014;103227;131.36;90;11292078671;S
20241014;103227;131.34;90;11292078672;S
20241014;103227;131.3;50;11292078673;S
20241014;103227;131.3;100;11292078674;S
20241014;103228;131.3;370;11292079033;B
20241014;103228;131.3;130;11292079034;B
20241014;103229;131.3;10;11292079201;B
20241014;103229;131.4;60;11292079202;B
20241014;103229;131.42;930;11292079203;B
20241014;103229;131.26;40;11292079207;S
20241014;103229;131.24;100;11292079208;S
20241014;103229;131.24;40;11292079209;S
20241014;103229;131.22;10;11292079210;S
20241014;103229;131.2;50;11292079211;S
20241014;103229;131.2;40;11292079212;S
20241014;103229;131.2;520;11292079213;S
20241014;103229;131.2;200;11292079214;S
20241014;103301;131.4;60;11292085843;B
20241014;103301;131.4;10;11292086007;S
20241014;103303;131.4;10;11292086796;S
20241014;103312;131.42;140;11292088531;B
20241014;103320;131.42;10;11292090364;S
20241014;103321;131.5;290;11292090470;B
20241014;103321;131.5;470;11292090471;B
20241014;103324;131.5;580;11292091092;B
20241014;103324;131.5;120;11292091093;B
20241014;103324;131.5;60;11292091094;B
20241014;103328;131.5;760;11292091899;B
20241014;103332;131.5;10;11292092568;B
20241014;103333;131.5;500;11292092656;B
20241014;103339;131.5;20;11292094169;B
20241014;103351;131.5;30;11292097199;B
20241014;103354;131.44;50;11292098036;S
20241014;103354;131.44;10;11292098037;S
20241014;103354;131.44;10;11292098038;S
20241014;103354;131.42;430;11292098039;S
20241014;103403;131.5;20;11292099593;B
20241014;103405;131.5;10;11292100295;B
20241014;103409;131.5;10;11292101209;B
20241014;103411;131.5;30;11292101490;B
20241014;103412;131.48;10;11292101591;B
20241014;103414;131.5;10;11292101923;B
20241014;103419;131.5;80;11292102666;B
20241014;103420;131.5;50;11292102980;B
20241014;103420;131.5;10;11292103013;B
20241014;103427;131.5;50;11292104109;B
20241014;103428;131.5;100;11292104211;B
20241014;103429;131.5;10;11292104379;B
20241014;103431;131.5;40;11292104647;B
20241014;103433;131.5;210;11292104954;B
20241014;103433;131.5;10;11292104955;B
20241014;103433;131.5;100;11292104956;B
20241014;103435;131.5;100;11292105447;B
20241014;103435;131.46;10;11292105455;S
20241014;103446;131.42;420;11292107253;S
20241014;103446;131.4;40;11292107254;S
20241014;103446;131.4;10;11292107255;S
20241014;103446;131.4;10;11292107256;S
20241014;103446;131.4;10;11292107257;S
20241014;103446;131.32;100;11292107258;S
20241014;103446;131.26;10;11292107259;S
20241014;103446;131.26;400;11292107260;S
20241014;103446;131.26;60;11292107261;S
20241014;103446;131.2;80;11292107262;S
20241014;103446;131.2;520;11292107263;S
20241014;103446;131.2;10;11292107264;S
20241014;103502;131.4;230;11292111066;B
20241014;103505;131.2;20;11292111738;S
20241014;103511;131.22;40;11292112488;S
20241014;103511;131.2;30;11292112489;S
20241014;103511;131.2;280;11292112490;S
20241014;103511;131.38;10;11292112572;B
20241014;103522;131.36;60;11292114104;B
20241014;103522;131.38;410;11292114105;B
20241014;103536;131.4;50;11292115360;B
20241014;103536;131.4;100;11292115361;B
20241014;103536;131.42;200;11292115362;B
20241014;103536;131.42;50;11292115363;B
20241014;103536;131.44;60;11292115364;B
20241014;103536;131.44;100;11292115365;B
20241014;103536;131.46;520;11292115366;B
20241014;103536;131.46;750;11292115367;B
20241014;103536;131.48;760;11292115368;B
20241014;103536;131.48;100;11292115369;B
20241014;103536;131.5;1800;11292115370;B
20241014;103536;131.5;200;11292115371;B
20241014;103536;131.5;1500;11292115372;B
20241014;103536;131.5;170;11292115373;B
20241014;103536;131.52;300;11292115374;B
20241014;103536;131.54;100;11292115375;B
20241014;103536;131.58;200;11292115376;B
20241014;103536;131.68;60;11292115377;B
20241014;103536;131.68;200;11292115378;B
20241014;103536;131.68;300;11292115379;B
20241014;103542;131.44;20;11292116142;S
20241014;103542;131.44;100;11292116143;S
20241014;103603;131.62;200;11292118938;B
20241014;103603;131.64;60;11292118939;B
20241014;103603;131.64;150;11292118940;B
20241014;103603;131.66;20;11292118941;B
20241014;103603;131.68;20;11292118942;B
20241014;103603;131.7;100;11292118943;B
20241014;103603;131.7;300;11292118944;B
20241014;103603;131.8;250;11292118945;B
20241014;103603;131.84;90;11292118946;B
20241014;103603;131.84;100;11292118947;B
20241014;103603;131.88;60;11292118948;B
20241014;103603;131.9;320;11292118949;B
20241014;103603;131.94;580;11292118950;B
20241014;103612;131.82;20;11292120221;B
20241014;103631;131.74;300;11292122401;B
20241014;103631;131.74;100;11292122402;B
20241014;103631;131.78;40;11292122403;B
20241014;103631;131.8;750;11292122404;B
20241014;103631;131.82;10;11292122405;B
20241014;103631;131.82;1000;11292122406;B
20241014;103631;131.84;100;11292122407;B
20241014;103631;131.86;60;11292122408;S
20241014;103631;131.86;40;11292122409;S
20241014;103631;131.78;20;11292122410;S
20241014;103631;131.78;60;11292122411;S
20241014;103631;131.78;20;11292122414;S
20241014;103631;131.54;10;11292122415;S
20241014;103631;131.5;10;11292122416;S
20241014;103642;131.7;300;11292123797;B
20241014;103642;131.7;100;11292123798;B
20241014;103642;131.7;90;11292123799;B
20241014;103642;131.72;750;11292123800;B
20241014;103642;131.72;90;11292123801;B
20241014;103642;131.72;670;11292123802;S
20241014;103642;131.58;60;11292123803;S
20241014;103736;131.52;10;11292131985;B
20241014;103736;131.62;80;11292131986;B
20241014;103737;131.58;10;11292132209;B
20241014;103737;131.5;10;11292132210;S
20241014;103737;131.5;10;11292132211;S
20241014;103741;131.58;10;11292132673;B
20241014;103801;131.58;70;11292135496;B
20241014;103811;131.56;10;11292136648;B
20241014;103811;131.58;10;11292136649;B
20241014;103811;131.66;40;11292136650;B
20241014;103811;131.68;50;11292136651;B
20241014;103811;131.68;40;11292136652;B
20241014;103811;131.7;90;11292136653;B
20241014;103811;131.74;260;11292136654;B
20241014;103817;131.78;300;11292137146;B
20241014;103817;131.8;100;11292137147;B
20241014;103817;131.82;600;11292137148;B
20241014;103824;131.62;60;11292137743;S
20241014;103824;131.62;30;11292137744;S
20241014;103824;131.6;10;11292137745;S
20241014;103824;131.78;10;11292137905;B
20241014;103824;131.78;70;11292137906;B
20241014;103824;131.78;100;11292137907;B
20241014;103824;131.78;470;11292137908;B
20241014;103826;131.74;10;11292138052;S
20241014;103826;131.6;10;11292138053;S
20241014;103827;131.78;10;11292138163;B
20241014;103827;131.8;300;11292138164;B
20241014;103827;131.82;400;11292138165;B
20241014;103827;131.84;100;11292138166;B
20241014;103827;131.86;60;11292138167;B
20241014;103827;131.88;1200;11292138168;B
20241014;103833;131.62;10;11292138799;S
20241014;103842;131.82;10;11292140216;B
20241014;103901;131.8;10;11292142604;B
20241014;103912;131.78;20;11292144005;B
20241014;103912;131.8;80;11292144006;B
20241014;103915;131.8;300;11292144401;B
20241014;103932;131.7;10;11292146241;S
20241014;103944;131.78;10;11292147734;B
20241014;103944;131.8;220;11292147735;B
20241014;103950;131.8;40;11292148438;S
20241014;103950;131.8;40;11292148446;S
20241014;103953;131.82;10;11292148721;B
20241014;104001;131.8;10;11292149767;S
20241014;104004;131.82;60;11292150069;B
20241014;104004;131.84;140;11292150070;B
20241014;104007;131.84;360;11292150469;B
20241014;104007;131.84;10;11292150470;B
20241014;104009;131.84;30;11292150672;B
20241014;104010;131.84;60;11292150851;B
20241014;104010;131.84;60;11292150852;B
20241014;104010;131.84;60;11292150853;B
20241014;104010;131.84;60;11292150854;B
20241014;104012;131.84;20;11292150995;B
20241014;104012;131.84;40;11292150996;B
20241014;104012;131.84;40;11292150997;B
20241014;104012;131.86;20;11292150998;B
20241014;104012;131.84;60;11292150999;B
20241014;104013;131.82;60;11292151190;B
20241014;104013;131.82;20;11292151191;B
20241014;104014;131.8;600;11292151307;S
20241014;104020;131.82;10;11292152283;B
20241014;104022;131.82;250;11292152599;B
20241014;104025;131.82;660;11292153018;B
20241014;104025;131.82;100;11292153019;B
20241014;104025;131.84;20;11292153020;B
20241014;104033;131.84;90;11292154044;B
20241014;104033;131.86;510;11292154045;B
20241014;104040;131.8;40;11292155077;S
20241014;104044;131.84;60;11292155552;B
20241014;104044;131.86;40;11292155553;B
20241014;104053;131.86;10;11292156942;B
20241014;104054;131.88;70;11292157020;B
20241014;104125;131.86;10;11292160250;B
20241014;104127;131.86;740;11292160396;B
20241014;104127;131.86;70;11292160397;B
20241014;104127;131.88;1730;11292160398;B
20241014;104127;131.88;70;11292160399;B
20241014;104127;131.88;3000;11292160400;B
20241014;104127;131.9;100;11292160401;B
20241014;104127;131.92;300;11292160402;B
20241014;104127;131.94;100;11292160403;B
20241014;104127;131.96;250;11292160404;B
20241014;104127;131.96;100;11292160405;B
20241014;104127;131.98;10;11292160406;B
20241014;104127;132;1000;11292160407;B
20241014;104127;132;2530;11292160408;B
20241014;104132;132;10;11292161125;B
20241014;104140;131.94;10;11292162115;B
20241014;104146;131.94;10;11292163278;B
20241014;104217;131.94;10;11292168081;B
20241014;104219;131.94;10;11292168362;B
20241014;104244;131.9;250;11292171403;S
20241014;104244;131.9;240;11292171404;S
20241014;104245;131.9;50;11292171586;B
20241014;104253;131.9;500;11292172534;B
20241014;104256;131.86;60;11292173038;B
20241014;104258;131.86;250;11292173417;B
20241014;104304;131.86;20;11292174320;B
20241014;104306;131.86;40;11292174464;B
20241014;104306;131.86;380;11292174567;B
20241014;104349;131.9;300;11292179881;B
20241014;104351;131.86;10;11292180116;S
20241014;104354;131.9;500;11292180414;B
20241014;104357;131.9;70;11292180816;B
20241014;104404;131.88;10;11292181470;B
20241014;104405;131.88;950;11292181559;B
20241014;104405;131.9;90;11292181560;B
20241014;104405;131.9;460;11292181561;B
20241014;104409;131.9;10;11292182081;B
20241014;104425;131.9;230;11292183912;B
20241014;104437;131.88;10;11292185158;S
20241014;104437;131.88;220;11292185159;S
20241014;104437;131.86;1770;11292185160;S
20241014;104444;131.9;50;11292185912;B
20241014;104450;131.86;130;11292186599;S
20241014;104456;131.9;10;11292187386;B
20241014;104502;131.9;10;11292188037;B
20241014;104508;131.86;3500;11292188792;S
20241014;104508;131.86;800;11292188793;S
20241014;104531;131.86;410;11292190980;S
20241014;104531;131.86;10;11292190981;S
20241014;104531;131.86;10;11292190982;S
20241014;104531;131.86;230;11292190983;S
20241014;104531;131.86;10;11292190984;S
20241014;104531;131.86;30;11292190985;S
20241014;104531;131.86;10;11292190986;S
20241014;104531;131.86;20;11292190987;S
20241014;104540;131.8;50;11292191814;S
20241014;104540;131.8;100;11292191815;S
20241014;104540;131.8;10;11292191816;S
20241014;104540;131.74;50;11292191817;S
20241014;104540;131.74;60;11292191818;S
20241014;104540;131.72;100;11292191819;S
20241014;104540;131.72;520;11292191820;S
20241014;104540;131.7;240;11292191821;S
20241014;104540;131.7;30;11292191822;S
20241014;104540;131.68;200;11292191823;S
20241014;104540;131.68;520;11292191824;S
20241014;104540;131.66;110;11292191825;S
20241014;104558;131.8;10;11292194869;S
20241014;104622;131.88;750;11292197340;B
20241014;104622;131.88;520;11292197341;B
20241014;104622;131.9;1000;11292197342;B
20241014;104622;131.9;720;11292197343;B
20241014;104638;131.74;400;11292200719;S
20241014;104640;131.74;20;11292201210;B
20241014;104644;131.74;10;11292202126;B
20241014;104647;131.72;10;11292202566;S
20241014;104655;131.74;40;11292203629;B
20241014;104657;131.74;70;11292204001;B
20241014;104714;131.72;20;11292205630;S
20241014;104714;131.7;40;11292205631;S
20241014;104746;131.7;500;11292210287;S
20241014;104751;131.74;10;11292210973;B
20241014;104751;131.74;880;11292211040;B
20241014;104751;131.76;190;11292211041;B
20241014;104751;131.78;180;11292211042;B
20241014;104751;131.9;80;11292211043;B
20241014;104751;131.9;920;11292211044;B
20241014;104759;131.76;40;11292211961;S
20241014;104807;131.9;10;11292212925;B
20241014;104841;131.88;10;11292218834;B
20241014;104844;131.88;10;11292220023;B
20241014;104845;131.76;10;11292220104;S
20241014;104905;131.9;50;11292226423;B
20241014;104915;131.9;10;11292228067;B
20241014;104948;131.9;10;11292232208;B
20241014;104953;131.88;80;11292232752;B
20241014;105105;131.88;10;11292242618;B
20241014;105144;131.8;40;11292247054;S
20241014;105157;131.86;20;11292248472;B
20241014;105205;131.8;40;11292249242;S
20241014;105208;131.86;10;11292249737;B
20241014;105235;131.8;70;11292252554;S
20241014;105235;131.76;450;11292252555;S
20241014;105235;131.76;10;11292252556;S
20241014;105235;131.76;10;11292252557;S
20241014;105235;131.74;130;11292252558;S
20241014;105235;131.72;10;11292252559;S
20241014;105235;131.72;90;11292252560;S
20241014;105240;131.84;100;11292253044;B
20241014;105240;131.86;750;11292253045;B
20241014;105240;131.86;100;11292253046;B
20241014;105240;131.86;90;11292253047;B
20241014;105240;131.88;290;11292253048;B
20241014;105240;131.88;30;11292253049;B
20241014;105240;131.88;20;11292253050;B
20241014;105240;131.88;420;11292253051;B
20241014;105250;131.86;60;11292254028;B
20241014;105250;131.86;40;11292254029;B
20241014;105250;131.88;20;11292254030;B
20241014;105250;131.88;60;11292254031;B
20241014;105250;131.88;60;11292254032;B
20241014;105251;131.88;60;11292254139;B
20241014;105251;131.88;60;11292254140;B
20241014;105251;131.88;60;11292254141;B
20241014;105252;131.88;60;11292254260;B
20241014;105252;131.86;60;11292254261;B
20241014;105252;131.88;60;11292254262;B
20241014;105253;131.88;60;11292254362;B
20241014;105253;131.88;60;11292254363;B
20241014;105253;131.88;20;11292254364;B
20241014;105253;131.9;20;11292254365;B
20241014;105253;131.9;20;11292254366;B
20241014;105254;131.8;10;11292254481;B
20241014;105319;131.72;50;11292258045;S
20241014;105319;131.72;200;11292258046;S
20241014;105322;131.78;80;11292258552;B
20241014;105329;131.72;320;11292259457;S
20241014;105329;131.72;70;11292259458;S
20241014;105335;131.7;470;11292260142;S
20241014;105335;131.7;890;11292260143;S
20241014;105335;131.7;10;11292260144;S
20241014;105339;131.7;60;11292260903;B
20241014;105350;131.7;30;11292262721;B
20241014;105350;131.7;70;11292262722;B
20241014;105352;131.66;100;11292262914;S
20241014;105356;131.66;10;11292263633;S
20241014;105408;131.66;30;11292265421;S
20241014;105408;131.66;3940;11292265422;S
20241014;105408;131.66;810;11292265423;S
20241014;105408;131.66;50;11292265424;S
20241014;105408;131.66;20;11292265425;S
20241014;105408;131.66;200;11292265426;S
20241014;105408;131.62;30;11292265429;S
20241014;105408;131.62;2000;11292265430;S
20241014;105408;131.58;250;11292265447;S
20241014;105408;131.56;1750;11292265448;S
20241014;105412;131.56;100;11292266095;S
20241014;105414;131.56;1150;11292266297;S
20241014;105414;131.58;30;11292266298;B
20241014;105414;131.6;10;11292266299;B
20241014;105416;131.64;10;11292266911;B
20241014;105416;131.64;90;11292266912;B
20241014;105441;131.52;10;11292271161;S
20241014;105453;131.56;10;11292274179;S
20241014;105453;131.52;30;11292274180;S
20241014;105453;131.52;560;11292274181;S
20241014;105454;131.66;10;11292274265;B
20241014;105500;131.52;440;11292275181;S
20241014;105500;131.5;120;11292275182;S
20241014;105500;131.48;50;11292275201;S
20241014;105500;131.48;100;11292275202;S
20241014;105500;131.46;50;11292275203;S
20241014;105501;131.46;10;11292275323;S
20241014;105502;131.44;10;11292275727;S
20241014;105504;131.42;70;11292275912;S
20241014;105504;131.4;340;11292275913;S
20241014;105504;131.4;30;11292275914;S
20241014;105504;131.38;10;11292275915;S
20241014;105504;131.38;10;11292275916;S
20241014;105504;131.3;200;11292275917;S
20241014;105504;131.3;10;11292275918;S
20241014;105504;131.3;100;11292275919;S
20241014;105504;131.3;20;11292275920;S
20241014;105504;131.26;300;11292275921;S
20241014;105504;131.24;110;11292275922;S
20241014;105504;131.2;10;11292275923;S
20241014;105504;131.2;10;11292275924;S
20241014;105504;131.18;160;11292275925;S
20241014;105504;131.18;10;11292275926;S
20241014;105504;131.18;10;11292275927;S
20241014;105504;131.18;1000;11292275928;S
20241014;105504;131.12;50;11292275929;S
20241014;105504;131.12;10;11292275930;S
20241014;105504;131.12;530;11292275931;S
20241014;105507;131.38;60;11292276388;B
20241014;105507;131.4;20;11292276389;B
20241014;105552;131.38;50;11292282371;B
20241014;105552;131.4;130;11292282372;B
20241014;105552;131.4;50;11292282373;B
20241014;105552;131.4;100;11292282374;B
20241014;105552;131.4;1490;11292282375;S
20241014;105613;131.2;10;11292285355;S
20241014;105623;131.2;10;11292286604;S
20241014;105623;131.2;30;11292286605;S
20241014;105623;131.2;20;11292286606;S
20241014;105628;131.2;200;11292287226;S
20241014;105648;131.42;30;11292290322;B
20241014;105648;131.44;30;11292290323;B
20241014;105648;131.44;100;11292290324;B
20241014;105648;131.46;20;11292290325;B
20241014;105648;131.46;60;11292290326;B
20241014;105648;131.48;460;11292290327;B
20241014;105708;131.44;10;11292292345;B
20241014;105807;131.44;10;11292301688;B
20241014;105828;131.44;10;11292304326;B
20241014;105849;131.4;20;11292307122;S
20241014;105945;131.28;10;11292314493;S
20241014;110009;131.36;10;11292317849;B
20241014;110037;131.28;170;11292323739;S
20241014;110037;131.26;10;11292323740;S
20241014;110117;131.26;20;11292331714;S
20241014;110139;131.26;10;11292336677;S
20241014;110159;131.42;50;11292342113;B
20241014;110223;131.4;170;11292347786;B
20241014;110224;131.28;10;11292348037;S
20241014;110224;131.28;100;11292348038;S
20241014;110224;131.28;50;11292348039;S
20241014;110224;131.26;40;11292348040;S
20241014;110224;131.26;50;11292348041;S
20241014;110224;131.26;200;11292348042;S
20241014;110224;131.26;300;11292348043;S
20241014;110224;131.26;50;11292348044;S
20241014;110224;131.26;50;11292348045;S
20241014;110224;131.26;10;11292348046;S
20241014;110224;131.24;500;11292348047;S
20241014;110224;131.24;10;11292348048;S
20241014;110224;131.2;30;11292348049;S
20241014;110224;131.2;20;11292348050;S
20241014;110224;131.2;10;11292348051;S
20241014;110224;131.14;180;11292348052;S
20241014;110224;131.14;610;11292348053;B
20241014;110224;131.14;30;11292348054;B
20241014;110227;131.14;10;11292348629;B
20241014;110228;131.14;760;11292348805;B
20241014;110236;131.12;50;11292350599;S
20241014;110236;131.1;10;11292350600;S
20241014;110236;131.08;750;11292350601;S
20241014;110236;131.08;300;11292350602;S
20241014;110236;131.08;390;11292350603;S
20241014;110239;131.08;20;11292351422;S
20241014;110258;131.14;20;11292354745;B
20241014;110259;131.14;10;11292354913;B
20241014;110300;131.14;500;11292355207;B
20241014;110303;131.14;60;11292355517;B
20241014;110315;131.14;1000;11292358773;B
20241014;110320;131.14;1000;11292359780;B
20241014;110320;131.14;500;11292359806;B
20241014;110323;131.14;2000;11292360265;B
20241014;110323;131.14;700;11292360266;B
20241014;110326;131.14;1000;11292360682;B
20241014;110326;131.14;20;11292360683;B
20241014;110326;131.14;70;11292360684;B
20241014;110326;131.14;100;11292360687;B
20241014;110348;131.36;10;11292364046;B
20241014;110357;131.2;750;11292365641;S
20241014;110357;131.2;100;11292365642;S
20241014;110357;131.18;300;11292365643;S
20241014;110357;131.18;50;11292365644;S
20241014;110357;131.16;50;11292365645;S
20241014;110357;131.16;50;11292365646;S
20241014;110409;131.16;10;11292367844;B
20241014;110457;131.16;530;11292382299;B
20241014;110457;131.16;160;11292382300;B
20241014;110459;131.16;500;11292382726;B
20241014;110500;131.16;50;11292383197;B
20241014;110508;131.16;500;11292385873;B
20241014;110511;131.14;10;11292386603;S
20241014;110514;131.16;10;11292387522;B
20241014;110517;131.16;500;11292388261;B
20241014;110528;131.14;70;11292391746;S
20241014;110532;131.16;70;11292393190;B
20241014;110538;131.16;100;11292394902;B
20241014;110549;131.14;10;11292398685;S
20241014;110551;131.16;500;11292399348;B
20241014;110552;131.16;60;11292399584;B
20241014;110554;131.16;710;11292400070;B
20241014;110556;131.34;40;11292400826;B
20241014;110620;131.34;20;11292409163;B
20241014;110620;131.34;40;11292409167;S
20241014;110637;131.36;10;11292414542;B
20241014;110647;131.34;10;11292417804;S
20241014;110655;131.36;30;11292420091;B
20241014;110705;131.36;60;11292422974;B
20241014;110747;131.38;10;11292435838;B
20241014;110747;131.4;230;11292435839;B
20241014;110747;131.4;50;11292435840;B
20241014;110755;131.4;50;11292438318;B
20241014;110756;131.44;10;11292438547;B
20241014;110812;131.38;10;11292443005;S
20241014;110813;131.38;60;11292443226;S
20241014;110816;131.38;10;11292443649;S
20241014;110816;131.38;10;11292443650;S
20241014;110819;131.44;20;11292443947;B
20241014;110828;131.44;100;11292447120;B
20241014;110830;131.38;10;11292447499;S
20241014;110836;131.44;40;11292449379;B
20241014;110836;131.46;100;11292449380;B
20241014;110836;131.46;40;11292449381;B
20241014;110836;131.48;40;11292449382;B
20241014;110836;131.48;100;11292449383;B
20241014;110836;131.5;180;11292449384;B
20241014;110844;131.5;10;11292452153;B
20241014;110927;131.48;200;11292465364;B
20241014;110929;131.5;100;11292465862;B
20241014;110940;131.4;10;11292467861;S
20241014;110945;131.5;500;11292469728;B
20241014;110946;131.5;1210;11292469887;B
20241014;110946;131.5;10;11292469888;B
20241014;110946;131.5;10;11292469889;B
20241014;110946;131.5;10;11292469890;B
20241014;110946;131.5;150;11292469891;B
20241014;111012;131.52;30;11292477992;B
20241014;111027;131.5;10;11292482457;S
20241014;111030;131.52;60;11292484056;B
20241014;111040;131.52;10;11292486675;B
20241014;111045;131.5;1000;11292488180;S
20241014;111047;131.52;40;11292488526;B
20241014;111054;131.5;100;11292489334;S
20241014;111054;131.5;10;11292489335;S
20241014;111055;131.5;250;11292489709;B
20241014;111056;131.5;50;11292489948;B
20241014;111114;131.5;10;11292503874;B
20241014;111115;131.5;60;11292504788;B
20241014;111117;131.5;20;11292506186;B
20241014;111132;131.5;10;11292517764;B
20241014;111135;131.5;100;11292520340;B
20241014;111139;131.5;10;11292523424;B
20241014;111141;131.5;100;11292524621;B
20241014;111155;131.5;100;11292534689;B
20241014;111206;131.5;400;11292543200;B
20241014;111223;131.5;30;11292558492;B
20241014;111223;131.5;10;11292558556;B
20241014;111224;131.5;80;11292559463;B
20241014;111243;131.5;100;11292576286;B
20241014;111313;131.5;20;11292602648;B
20241014;111323;131.5;30;11292612467;B
20241014;111324;131.5;10;11292612887;B
20241014;111324;131.5;10;11292612888;B
20241014;111324;131.5;20;11292612889;B
20241014;111330;131.5;10;11292619446;B
20241014;111333;131.5;10;11292621891;B
20241014;111343;131.5;10;11292631229;B
20241014;111404;131.5;10;11292651319;B
20241014;111409;131.5;10;11292656476;B
20241014;111428;131.46;10;11292673899;S
20241014;111428;131.46;10;11292673900;S
20241014;111428;131.46;20;11292673901;S
20241014;111428;131.42;50;11292673902;S
20241014;111428;131.42;130;11292673903;S
20241014;111428;131.4;40;11292673904;S
20241014;111428;131.4;340;11292673905;S
20241014;111456;131.4;20;11292697364;S
20241014;111510;131.4;80;11292708874;S
20241014;111516;131.48;10;11292713017;B
20241014;111545;131.48;120;11292735753;B
20241014;111546;131.48;10;11292736192;S
20241014;111551;131.48;50;11292740038;S
20241014;111554;131.48;1500;11292742516;S
20241014;111555;131.48;100;11292742812;S
20241014;111559;131.5;10;11292746058;B
20241014;111601;131.48;150;11292747670;S
20241014;111603;131.5;10;11292749148;B
20241014;111613;131.5;110;11292757397;B
20241014;111629;131.52;100;11292772271;B
20241014;111636;131.52;10;11292777699;B
20241014;111646;131.52;10;11292786738;B
20241014;111810;131.52;70;11292861724;B
20241014;111833;131.5;10;11292886303;S
20241014;111855;131.52;110;11292907676;B
20241014;111857;131.5;40;11292909293;S
20241014;111857;131.5;40;11292909593;S
20241014;111857;131.5;40;11292909831;S
20241014;111857;131.5;40;11292910070;S
20241014;111858;131.5;40;11292910368;S
20241014;111858;131.5;40;11292910538;S
20241014;111858;131.52;10;11292910667;B
20241014;111858;131.5;40;11292910833;S
20241014;111859;131.5;40;11292911050;S
20241014;111859;131.5;40;11292911427;S
20241014;111859;131.5;40;11292911677;S
20241014;111903;131.52;110;11292914630;B
20241014;111903;131.52;40;11292914631;B
20241014;111903;131.52;10;11292914967;B
20241014;111917;131.52;10;11292926998;B
20241014;111930;131.52;10;11292938360;B
20241014;111954;131.52;10;11292959459;B
20241014;111959;131.52;40;11292964233;B
20241014;112008;131.5;20;11292973948;S
20241014;112036;131.52;580;11293000946;B
20241014;112036;131.52;50;11293000947;B
20241014;112055;131.5;130;11293016850;S
20241014;112106;131.52;100;11293027558;B
20241014;112110;131.52;300;11293030750;B
20241014;112114;131.52;150;11293034766;B
20241014;112115;131.52;80;11293035711;B
20241014;112137;131.52;40;11293055941;B
20241014;112138;131.52;200;11293056608;B
20241014;112139;131.5;600;11293057966;S
20241014;112152;131.52;40;11293070124;B
20241014;112156;131.5;20;11293073725;S
20241014;112200;131.5;1230;11293077467;S
20241014;112200;131.5;980;11293077468;S
20241014;112200;131.5;20;11293077469;S
20241014;112200;131.5;10;11293077470;S
20241014;112200;131.5;100;11293077471;S
20241014;112200;131.5;10;11293077472;S
20241014;112200;131.5;40;11293077473;S
20241014;112200;131.5;10;11293077474;S
20241014;112200;131.5;10;11293077475;S
20241014;112200;131.48;3070;11293077476;S
20241014;112200;131.48;40;11293077477;S
20241014;112200;131.48;10;11293077478;S
20241014;112200;131.48;20;11293077479;S
20241014;112200;131.48;490;11293077480;S
20241014;112231;131.4;10;11293105172;S
20241014;112303;131.4;80;11293130165;S
20241014;112311;131.4;20;11293136672;S
20241014;112311;131.4;20;11293136673;S
20241014;112312;131.46;10;11293137396;B
20241014;112312;131.46;10;11293137397;B
20241014;112347;131.5;30;11293167238;B
20241014;112347;131.52;30;11293167239;B
20241014;112348;131.46;20;11293167898;S
20241014;112352;131.46;10;11293171723;S
20241014;112414;131.46;10;11293192835;S
20241014;112456;131.5;10;11293231915;B
20241014;112500;131.5;40;11293235682;B
20241014;112500;131.5;10;11293235688;S
20241014;112525;131.46;10;11293261102;S
20241014;112525;131.46;20;11293261103;S
20241014;112525;131.46;70;11293261104;S
20241014;112540;131.5;70;11293274710;B
20241014;112540;131.5;20;11293274711;S
20241014;112540;131.5;10;11293274712;S
20241014;112557;131.5;10;11293290462;B
20241014;112611;131.5;100;11293301997;B
20241014;112628;131.5;30;11293315558;S
20241014;112629;131.5;10;11293316029;S
20241014;112654;131.52;10;11293335378;B
20241014;112700;131.52;10;11293340646;B
20241014;112714;131.52;40;11293354653;B
20241014;112714;131.52;10;11293354654;B
20241014;112730;131.52;100;11293368891;B
20241014;112738;131.5;60;11293376537;S
20241014;112738;131.5;10;11293376538;S
20241014;112738;131.5;10;11293376539;S
20241014;112740;131.48;100;11293378068;S
20241014;112740;131.48;100;11293378292;B
20241014;112746;131.46;150;11293383685;S
20241014;112752;131.46;10;11293389217;B
20241014;112752;131.48;10;11293389231;B
20241014;112758;131.46;40;11293395045;B
20241014;112758;131.48;10;11293395046;B
20241014;112804;131.46;10;11293399887;B
20241014;112806;131.44;10;11293402297;B
20241014;112817;131.46;30;11293412049;B
20241014;112822;131.4;50;11293416701;S
20241014;112822;131.4;10;11293416702;S
20241014;112822;131.4;10;11293416703;S
20241014;112822;131.36;30;11293416704;S
20241014;112847;131.36;10;11293440788;S
20241014;112847;131.36;10;11293440789;S
20241014;112847;131.36;60;11293440790;S
20241014;112847;131.34;430;11293440791;S
20241014;112847;131.32;20;11293440792;S
20241014;112847;131.3;20;11293440793;S
20241014;112847;131.3;40;11293440797;B
20241014;112847;131.26;40;11293440829;S
20241014;112916;131.3;100;11293469008;B
20241014;112930;131.26;60;11293480572;S
20241014;112930;131.24;10;11293480573;S
20241014;112930;131.24;160;11293480574;S
20241014;112943;131.28;20;11293491838;B
20241014;113020;131.28;10;11293521481;B
20241014;113032;131.28;10;11293532877;B
20241014;113039;131.28;100;11293540435;B
20241014;113042;131.28;100;11293542804;B
20241014;113047;131.28;10;11293546986;B
20241014;113048;131.24;40;11293548195;S
20241014;113048;131.24;20;11293548196;S
20241014;113048;131.24;70;11293548197;S
20241014;113048;131.24;20;11293548198;S
20241014;113054;131.28;10;11293553522;B
20241014;113058;131.28;10;11293557583;B
20241014;113103;131.24;10;11293561879;S
20241014;113109;131.24;10;11293568269;S
20241014;113109;131.22;30;11293568270;S
20241014;113118;131.28;10;11293576943;B
20241014;113120;131.22;20;11293579012;S
20241014;113121;131.28;10;11293579085;B
20241014;113146;131.22;10;11293605287;S
20241014;113146;131.22;40;11293605288;S
20241014;113152;131.22;10;11293610464;S
20241014;113152;131.22;50;11293610465;S
20241014;113152;131.22;330;11293610466;S
20241014;113152;131.22;10;11293610467;S
20241014;113152;131.22;10;11293610468;S
20241014;113152;131.22;170;11293610469;S
20241014;113152;131.22;10;11293610470;S
20241014;113152;131.2;10;11293610471;S
20241014;113152;131.2;70;11293610805;S
20241014;113152;131.2;40;11293610806;S
20241014;113152;131.2;10;11293610807;S
20241014;113152;131.2;10;11293610808;S
20241014;113152;131.2;200;11293610809;S
20241014;113152;131.2;20;11293610810;S
20241014;113152;131.18;140;11293610811;S
20241014;113155;131.18;10;11293613665;S
20241014;113156;131.18;1000;11293614230;S
20241014;113203;131.22;40;11293621278;S
20241014;113328;131.18;10;11293698447;S
20241014;113328;131.18;840;11293698448;S
20241014;113328;131.18;20;11293698449;S
20241014;113331;131.2;10;11293701125;B
20241014;113348;131.16;10;11293714999;S
20241014;113348;131.16;10;11293715000;S
20241014;113348;131.16;20;11293715001;S
20241014;113357;131.16;10;11293722952;S
20241014;113423;131.2;40;11293748520;B
20241014;113438;131.2;10;11293763464;B
20241014;113456;131.18;10;11293779875;S
20241014;113456;131.18;10;11293779876;S
20241014;113506;131.16;400;11293789433;S
20241014;113506;131.14;500;11293789434;S
20241014;113506;131.14;410;11293789437;S
20241014;113506;131.14;1500;11293789438;S
20241014;113506;131.14;20;11293789439;S
20241014;113513;131.12;20;11293796397;S
20241014;113515;131.16;10;11293797623;B
20241014;113517;131.12;10;11293799654;S
20241014;113517;131.1;100;11293799655;S
20241014;113517;131.1;780;11293799656;S
20241014;113517;131.1;90;11293800384;S
20241014;113519;131.16;90;11293801912;B
20241014;113519;131.18;10;11293801913;B
20241014;113531;131.16;30;11293814483;B
20241014;113553;131.1;10;11293821880;S
20241014;113605;131.16;10;11293824538;B
20241014;113620;131.1;170;11293828149;S
20241014;113626;131.16;10;11293829324;B
20241014;113641;131.1;790;11293832891;S
20241014;113647;131.16;10;11293834192;B
20241014;113652;131.16;10;11293835375;B
20241014;113658;131.16;10;11293836741;B
20241014;113716;131.16;30;11293841175;B
20241014;113742;131.18;50;11293847873;B
20241014;113746;131.16;10;11293848990;B
20241014;113806;131.1;50;11293854235;S
20241014;113807;131.16;10;11293854558;B
20241014;113912;131.1;10;11293868305;S
20241014;113922;131.1;100;11293870710;S
20241014;113922;131.1;10;11293870711;S
20241014;113922;131.1;50;11293870712;S
20241014;113922;131.1;10;11293870713;S
20241014;113922;131.08;10;11293870714;S
20241014;113922;131.08;10;11293870715;S
20241014;113922;131.08;10;11293870716;S
20241014;113922;131.06;10;11293870717;S
20241014;113922;131.06;10;11293870718;S
20241014;113922;131.06;180;11293870719;S
20241014;113939;131.06;60;11293874256;S
20241014;114002;131.14;10;11293879359;B
20241014;114020;131.16;40;11293883300;B
20241014;114030;131.18;880;11293885349;B
20241014;114030;131.2;50;11293885350;B
20241014;114030;131.2;70;11293885351;B
20241014;114045;131.26;60;11293889184;B
20241014;114045;131.28;90;11293889185;B
20241014;114101;131.3;2500;11293893500;B
20241014;114101;131.3;80;11293893665;B
20241014;114101;131.38;200;11293893666;B
20241014;114101;131.4;200;11293893667;B
20241014;114101;131.4;520;11293893668;B
20241014;114101;131.42;120;11293893669;B
20241014;114103;131.42;80;11293893987;B
20241014;114113;131.28;1000;11293896334;S
20241014;114113;131.28;100;11293896335;S
20241014;114113;131.26;100;11293896336;S
20241014;114225;131.4;10;11293910317;B
20241014;114229;131.4;10;11293911062;B
20241014;114231;131.4;20;11293911204;B
20241014;114237;131.4;70;11293912087;B
20241014;114249;131.4;1500;11293914232;B
20241014;114303;131.4;10;11293916460;B
20241014;114419;131.34;10;11293927806;S
20241014;114459;131.4;10;11293933765;B
20241014;114501;131.36;10;11293934121;S
20241014;114505;131.4;10;11293934664;B
20241014;114518;131.4;30;11293936541;B
20241014;114600;131.4;10;11293943908;B
20241014;114602;131.4;10;11293944488;B
20241014;114605;131.4;30;11293944949;B
20241014;114622;131.4;10;11293947541;B
20241014;114622;131.4;10;11293947731;B
20241014;114707;131.4;10;11293955266;B
20241014;114711;131.4;250;11293955917;B
20241014;114711;131.4;20;11293955918;B
20241014;114711;131.4;100;11293955919;B
20241014;114711;131.4;10;11293955920;B
20241014;114727;131.4;10;11293958400;B
20241014;114752;131.4;20;11293962132;B
20241014;114752;131.4;10;11293962133;B
20241014;114800;131.4;30;11293963354;S
20241014;114851;131.46;10;11293970843;B
20241014;114851;131.48;20;11293970918;B
20241014;114937;131.46;10;11293977210;B
20241014;114937;131.46;20;11293977299;B
20241014;114940;131.46;10;11293977717;B
20241014;115012;131.46;10;11293982460;B
20241014;115015;131.46;10;11293982852;B
20241014;115015;131.48;20;11293982853;B
20241014;115015;131.48;10;11293982854;B
20241014;115015;131.48;80;11293982855;B
20241014;115015;131.48;400;11293982856;B
20241014;115015;131.5;10;11293982857;B
20241014;115015;131.5;60;11293982858;B
20241014;115015;131.5;750;11293982859;B
20241014;115015;131.5;80;11293982860;B
20241014;115015;131.52;1790;11293982861;B
20241014;115015;131.52;1500;11293982862;B
20241014;115015;131.52;200;11293982863;B
20241014;115015;131.54;10;11293982864;B
20241014;115015;131.54;300;11293982865;B
20241014;115015;131.56;100;11293982866;B
20241014;115015;131.58;130;11293982867;B
20241014;115015;131.58;500;11293982868;B
20241014;115015;131.6;1170;11293982869;B
20241014;115015;131.6;400;11293982870;B
20241014;115026;131.6;10;11293984928;B
20241014;115222;131.58;10;11294002218;B
