<DATE>;<TIME>;<LAST>;<VOL>;<ID>;<OPER>
20240405;095935;226.8;30;10041143127;S
20240405;095935;226.8;10;10041143128;S
20240405;095935;226.8;10;10041143129;S
20240405;095935;226.8;50;10041143130;S
20240405;095935;226.8;50;10041143131;S
20240405;095935;226.8;10;10041143132;S
20240405;095935;226.8;50;10041143133;S
20240405;095935;226.8;100;10041143134;B
20240405;095935;226.8;40;10041143135;S
20240405;095935;226.8;20;10041143136;B
20240405;095935;226.8;10;10041143137;B
20240405;095935;226.8;30;10041143138;B
20240405;095935;226.8;10;10041143139;B
20240405;095935;226.8;100;10041143140;B
20240405;095935;226.8;10;10041143141;B
20240405;095935;226.8;230;10041143142;B
20240405;095935;226.8;10;10041143143;B
20240405;095935;226.8;10;10041143144;B
20240405;095935;226.8;30;10041143145;B
20240405;095935;226.8;50;10041143146;B
20240405;095935;226.8;10;10041143147;B
20240405;095935;226.8;20;10041143148;B
20240405;095935;226.8;10;10041143149;B
20240405;095935;226.8;40;10041143150;B
20240405;095935;226.8;120;10041143151;B
20240405;095935;226.8;10;10041143152;S
20240405;095935;226.8;20;10041143153;S
20240405;095935;226.8;300;10041143154;S
20240405;095935;226.8;10;10041143155;S
20240405;095935;226.8;540;10041143156;S
20240405;095935;226.8;460;10041143157;S
20240405;095935;226.8;10;10041143158;S
20240405;095935;226.8;50;10041143159;S
20240405;095935;226.8;10;10041143160;B
20240405;095935;226.8;20;10041143161;S
20240405;095935;226.8;250;10041143162;S
20240405;095935;226.8;50;10041143163;S
20240405;095935;226.8;10;10041143164;S
20240405;095935;226.8;30;10041143165;S
20240405;095935;226.8;970;10041143166;B
20240405;095935;226.8;10;10041143167;B
20240405;095935;226.8;10;10041143168;B
20240405;095935;226.8;10;10041143169;S
20240405;095935;226.8;40;10041143170;B
20240405;100002;226.85;10;10041151054;B
20240405;100002;226.86;790;10041151055;B
20240405;100002;226.87;10;10041151056;B
20240405;100002;226.89;100;10041151057;B
20240405;100002;226.9;40;10041151058;B
20240405;100002;227;10;10041151059;B
20240405;100002;227;100;10041151060;B
20240405;100002;227;160;10041151061;B
20240405;100002;227;250;10041151062;B
20240405;100002;227.08;70;10041151063;B
20240405;100002;227.08;10;10041151064;B
20240405;100002;227.08;400;10041151065;B
20240405;100002;227.09;1050;10041151066;B
20240405;100002;226.98;30;10041151372;B
20240405;100002;226.81;10;10041151746;S
20240405;100003;226.98;100;10041151870;B
20240405;100003;226.81;30;10041151982;S
20240405;100003;226.98;660;10041152017;B
20240405;100003;226.99;30;10041152018;B
20240405;100003;227.03;30;10041152019;B
20240405;100003;227.04;800;10041152020;B
20240405;100003;227.09;800;10041152021;B
20240405;100003;227.1;680;10041152022;B
20240405;100003;226.87;100;10041152028;S
20240405;100003;226.86;340;10041152029;S
20240405;100003;227.04;40;10041152308;B
20240405;100003;227.04;750;10041152359;B
20240405;100003;227.05;50;10041152360;B
20240405;100003;227.09;130;10041152361;B
20240405;100003;227.1;200;10041152362;B
20240405;100003;227.1;300;10041152363;B
20240405;100003;227.14;10;10041152364;B
20240405;100003;227.15;340;10041152365;B
20240405;100003;227.16;2800;10041152366;B
20240405;100003;227.17;3520;10041152367;B
20240405;100004;226.97;110;10041152595;S
20240405;100004;226.96;90;10041152596;S
20240405;100004;227.16;790;10041152645;B
20240405;100004;227.16;110;10041152646;B
20240405;100004;227.17;980;10041152647;B
20240405;100004;227.18;60;10041152648;B
20240405;100004;227.27;60;10041152649;B
20240405;100004;227.27;30;10041152650;B
20240405;100004;227.28;700;10041152651;B
20240405;100004;227.3;10;10041152652;B
20240405;100004;227.38;130;10041152653;B
20240405;100004;227.39;10;10041152654;B
20240405;100004;227.39;120;10041152655;B
20240405;100004;227.38;10;10041152699;B
20240405;100004;227.36;10;10041153002;B
20240405;100004;227.34;790;10041153342;B
20240405;100004;227.35;10;10041153343;B
20240405;100004;227.35;60;10041153344;B
20240405;100004;227.39;230;10041153345;B
20240405;100004;227.4;10;10041153346;B
20240405;100004;227.46;50;10041153347;B
20240405;100004;227.5;200;10041153348;B
20240405;100004;227.5;20;10041153349;B
20240405;100004;227.54;600;10041153350;B
20240405;100004;227.59;130;10041153351;B
20240405;100004;227.59;530;10041153352;B
20240405;100004;227.6;370;10041153353;B
20240405;100005;227.52;10;10041153602;B
20240405;100005;227.24;130;10041153805;S
20240405;100005;227.23;80;10041153806;S
20240405;100005;227.35;790;10041154423;B
20240405;100005;227.35;100;10041154424;B
20240405;100005;227.36;80;10041154425;B
20240405;100005;227.36;30;10041154426;B
20240405;100005;227.15;10;10041154795;S
20240405;100006;227.41;10;10041155613;B
20240405;100006;227.41;190;10041155616;B
20240405;100006;227.12;20;10041155725;S
20240405;100006;227.12;30;10041155728;S
20240405;100006;227.12;10;10041155732;S
20240405;100006;227.12;20;10041155841;S
20240405;100006;227.41;50;10041156070;B
20240405;100006;227.41;10;10041156079;B
20240405;100006;227.16;40;10041156571;S
20240405;100006;227.16;60;10041156572;S
20240405;100007;227.16;10;10041156957;S
20240405;100007;227.16;20;10041157427;S
20240405;100007;227.16;10;10041157447;S
20240405;100007;227.15;40;10041157448;S
20240405;100008;227.27;170;10041158056;B
20240405;100008;227.27;10;10041158389;B
20240405;100008;227.15;10;10041158478;S
20240405;100008;227.27;20;10041158480;B
20240405;100008;227.27;10;10041158657;B
20240405;100010;227.05;10;10041159762;S
20240405;100010;227.05;290;10041159827;S
20240405;100010;227.05;40;10041159995;S
20240405;100010;227.27;10;10041160232;B
20240405;100011;227.04;10;10041160922;S
20240405;100011;227.18;80;10041161279;B
20240405;100011;227.19;500;10041161280;B
20240405;100011;227.22;110;10041161281;B
20240405;100011;227.22;10;10041161282;B
20240405;100013;227.07;410;10041162140;S
20240405;100013;227.07;20;10041162197;S
20240405;100014;227.33;30;10041162506;B
20240405;100015;227.22;10;10041162660;S
20240405;100015;227.39;40;10041162783;B
20240405;100015;227.37;70;10041162784;B
20240405;100015;227.38;40;10041162785;B
20240405;100017;227.37;20;10041163482;B
20240405;100017;227.25;100;10041163520;S
20240405;100017;227.24;80;10041163521;S
20240405;100017;227.23;790;10041163522;S
20240405;100017;227.02;30;10041163523;S
20240405;100017;227.36;30;10041163796;B
20240405;100017;227.36;30;10041163797;S
20240405;100017;227.36;120;10041163798;B
20240405;100018;227.2;20;10041163854;S
20240405;100019;227.38;530;10041164447;B
20240405;100019;227.39;60;10041164448;B
20240405;100019;227.39;70;10041164449;B
20240405;100019;227.41;890;10041164450;B
20240405;100019;227.41;90;10041164451;B
20240405;100019;227.43;190;10041164452;B
20240405;100019;227.45;500;10041164453;B
20240405;100019;227.49;50;10041164454;B
20240405;100019;227.5;100;10041164455;B
20240405;100019;227.54;10;10041164456;B
20240405;100019;227.56;510;10041164457;B
20240405;100024;227.48;20;10041165534;B
20240405;100025;227.33;90;10041165657;S
20240405;100026;227.48;120;10041165992;B
20240405;100026;227.51;10;10041165993;B
20240405;100026;227.51;100;10041165994;B
20240405;100026;227.53;100;10041165995;B
20240405;100026;227.54;530;10041165996;B
20240405;100026;227.54;890;10041165997;B
20240405;100026;227.55;280;10041165998;B
20240405;100026;227.57;250;10041165999;B
20240405;100026;227.53;50;10041166202;B
20240405;100031;227.5;10;10041167645;B
20240405;100035;227.41;10;10041168758;S
20240405;100035;227.39;10;10041168759;B
20240405;100037;227.3;150;10041169490;B
20240405;100039;227.3;450;10041169895;B
20240405;100039;227.39;380;10041169896;B
20240405;100039;227.46;100;10041169897;B
20240405;100039;227.47;270;10041169898;B
20240405;100040;227.29;100;10041170235;S
20240405;100040;227.28;70;10041170236;S
20240405;100040;227.27;280;10041170237;S
20240405;100040;227.22;40;10041170238;S
20240405;100040;227.22;110;10041170239;S
20240405;100040;227.24;10;10041170269;S
20240405;100046;227.31;50;10041172212;S
20240405;100047;227.47;20;10041172485;B
20240405;100047;227.32;20;10041172637;S
20240405;100047;227.42;280;10041172648;B
20240405;100047;227.44;70;10041172649;B
20240405;100047;227.45;40;10041172650;B
20240405;100047;227.46;170;10041172651;B
20240405;100049;227.32;40;10041173240;S
20240405;100050;227.47;60;10041173411;B
20240405;100050;227.32;10;10041173622;S
20240405;100052;227.42;220;10041174327;B
20240405;100052;227.43;140;10041174469;B
20240405;100053;227.46;890;10041174476;B
20240405;100053;227.47;90;10041174477;B
20240405;100053;227.47;20;10041174478;B
20240405;100054;227.32;10;10041174839;S
20240405;100056;227.48;10;10041175518;B
20240405;100057;227.32;10;10041175751;S
20240405;100057;227.31;70;10041175752;S
20240405;100057;227.3;190;10041175753;S
20240405;100057;227.3;10;10041175754;S
20240405;100057;227.25;220;10041175755;S
20240405;100057;227.25;90;10041175773;S
20240405;100057;227.24;50;10041175774;S
20240405;100057;227.21;60;10041175775;S
20240405;100057;227.2;790;10041175776;S
20240405;100057;227.17;310;10041175777;S
20240405;100057;227.16;280;10041175778;S
20240405;100057;227.09;1600;10041175779;S
20240405;100057;227.09;820;10041175780;S
20240405;100058;227.03;80;10041175979;S
20240405;100058;227.03;50;10041175980;S
20240405;100058;227.03;100;10041175981;S
20240405;100058;227.02;70;10041175982;S
20240405;100058;227.01;700;10041175983;S
20240405;100058;227.01;20;10041176067;S
20240405;100058;227.1;70;10041176234;B
20240405;100058;227.11;60;10041176235;B
20240405;100059;227.1;10;10041176295;B
20240405;100059;227;10;10041176406;S
20240405;100102;227.15;10;10041177229;B
20240405;100102;227.16;20;10041177348;B
20240405;100103;227.16;70;10041177806;B
20240405;100103;227.04;70;10041177903;S
20240405;100106;227.21;20;10041178589;B
20240405;100107;227.21;10;10041178994;B
20240405;100107;227.04;10;10041179007;S
20240405;100108;227.21;20;10041179360;B
20240405;100108;227.04;40;10041179460;S
20240405;100108;227.04;10;10041179461;S
20240405;100109;227.04;300;10041179729;S
20240405;100111;227.19;10;10041179968;B
20240405;100111;227.19;40;10041180039;B
20240405;100112;227.24;10;10041180247;B
20240405;100112;227.04;40;10041180272;S
20240405;100113;227.24;10;10041180501;B
20240405;100114;227.09;280;10041180836;S
20240405;100114;227.08;50;10041180837;S
20240405;100114;227.06;60;10041180838;S
20240405;100114;227.05;530;10041180839;S
20240405;100114;227.05;70;10041180840;S
20240405;100115;227.04;10;10041181103;S
20240405;100118;227.04;250;10041181948;S
20240405;100118;227.15;10;10041182048;B
20240405;100118;227.16;10;10041182049;B
20240405;100119;227.04;210;10041182427;S
20240405;100120;227.15;10;10041183184;B
20240405;100120;227.16;10;10041183185;B
20240405;100124;227.05;10;10041185578;S
20240405;100124;227.04;100;10041185579;S
20240405;100128;227.04;430;10041186710;S
20240405;100128;227.04;1000;10041186711;S
20240405;100128;227.04;10;10041186712;S
20240405;100128;227.03;720;10041186713;S
20240405;100128;227.03;4930;10041186714;S
20240405;100128;227;20;10041186715;S
20240405;100128;227;1000;10041186716;S
20240405;100128;227;130;10041186717;S
20240405;100130;226.86;10;10041187314;S
20240405;100131;226.8;10;10041187469;S
20240405;100131;226.84;10;10041187553;B
20240405;100132;226.81;220;10041188516;S
20240405;100133;226.82;10;10041189022;B
20240405;100134;226.83;500;10041189258;B
20240405;100136;226.93;40;10041190274;B
20240405;100137;226.97;20;10041190838;B
20240405;100138;226.84;10;10041190914;S
20240405;100138;226.98;60;10041191124;B
20240405;100138;226.98;10;10041191125;B
20240405;100138;226.99;60;10041191126;B
20240405;100138;226.98;60;10041191156;B
20240405;100138;226.99;30;10041191157;B
20240405;100138;227;60;10041191190;B
20240405;100138;227.01;40;10041191191;B
20240405;100139;226.97;10;10041191474;B
20240405;100143;227.08;30;10041192858;B
20240405;100143;227.09;530;10041192859;B
20240405;100143;227.09;440;10041192860;B
20240405;100143;227.11;10;10041192973;B
20240405;100143;227.15;80;10041192976;B
20240405;100143;227.15;480;10041192977;B
20240405;100143;227.03;80;10041192993;S
20240405;100143;227.02;110;10041192994;S
20240405;100143;226.99;90;10041192995;S
20240405;100143;226.98;60;10041192996;S
20240405;100143;226.97;280;10041192997;S
20240405;100144;226.95;50;10041193334;S
20240405;100144;226.94;60;10041193335;S
20240405;100144;226.93;90;10041193336;S
20240405;100144;227.12;60;10041193347;B
20240405;100144;227.13;940;10041193348;B
20240405;100144;227.13;170;10041193369;B
20240405;100147;227.13;10;10041194163;B
20240405;100150;227.01;10;10041194760;S
20240405;100151;227.13;50;10041194987;B
20240405;100151;227.16;170;10041194988;B
20240405;100153;227.09;90;10041195660;S
20240405;100153;227.06;40;10041195661;S
20240405;100153;227;10;10041195662;S
20240405;100153;226.99;60;10041195799;S
20240405;100154;227;10;10041195988;B
20240405;100155;227;100;10041196246;B
20240405;100156;227;10;10041196532;B
20240405;100157;227;10;10041196591;B
20240405;100157;227;200;10041196675;B
20240405;100157;227;20;10041196683;B
20240405;100157;227;10;10041196717;B
20240405;100157;227.03;60;10041196718;B
20240405;100157;227.11;10;10041196719;B
20240405;100157;227.11;530;10041196720;B
20240405;100157;227.11;140;10041196721;B
20240405;100200;227.01;50;10041197377;S
20240405;100200;226.99;280;10041197445;S
20240405;100200;226.97;20;10041197446;S
20240405;100200;226.97;310;10041197447;S
20240405;100201;226.97;540;10041197538;S
20240405;100206;227;30;10041199067;B
20240405;100206;227;90;10041199068;B
20240405;100206;227;50;10041199226;B
20240405;100210;226.97;10;10041200062;S
20240405;100210;226.97;40;10041200063;S
20240405;100210;226.96;10;10041200064;S
20240405;100210;227;100;10041200094;B
20240405;100211;227;10;10041200489;B
20240405;100211;227.04;10;10041200490;B
20240405;100211;227.04;40;10041200491;B
20240405;100211;227.05;80;10041200492;B
20240405;100211;227.07;110;10041200493;B
20240405;100219;227.11;10;10041202575;B
20240405;100219;227.06;440;10041202580;S
20240405;100219;227.06;40;10041202581;S
20240405;100219;227.04;90;10041202582;S
20240405;100219;227.03;60;10041202583;S
20240405;100219;227.03;60;10041202584;S
20240405;100221;226.96;280;10041203125;B
20240405;100221;226.97;40;10041203126;B
20240405;100221;226.99;530;10041203127;B
20240405;100221;226.99;890;10041203128;B
20240405;100221;227;690;10041203129;B
20240405;100222;227;10;10041203367;B
20240405;100223;227;60;10041203530;B
20240405;100223;227;200;10041203611;B
20240405;100226;226.95;40;10041204185;S
20240405;100226;226.93;40;10041204186;S
20240405;100226;226.93;10;10041204187;S
20240405;100226;226.92;70;10041204188;S
20240405;100226;226.92;30;10041204189;S
20240405;100226;226.92;790;10041204190;S
20240405;100226;226.92;20;10041204191;S
20240405;100226;226.92;90;10041204192;S
20240405;100226;226.88;10;10041204193;S
20240405;100226;226.87;790;10041204194;S
20240405;100226;226.86;110;10041204195;S
20240405;100226;226.86;30;10041204201;S
20240405;100228;226.94;60;10041204663;B
20240405;100228;226.94;40;10041204664;B
20240405;100229;226.94;10;10041205172;B
20240405;100232;226.89;50;10041206018;B
20240405;100234;226.89;80;10041206676;B
20240405;100234;226.87;10;10041206732;S
20240405;100238;226.85;60;10041207776;S
20240405;100238;226.85;10;10041207777;S
20240405;100238;226.85;530;10041207778;S
20240405;100238;226.84;300;10041207779;S
20240405;100238;226.84;50;10041207780;S
20240405;100238;226.83;50;10041207781;S
20240405;100240;226.89;10;10041208284;B
20240405;100241;226.89;90;10041208423;B
20240405;100241;226.89;50;10041208424;B
20240405;100241;226.9;60;10041208425;B
20240405;100241;226.92;50;10041208426;B
20240405;100245;226.87;10;10041209229;B
20240405;100246;226.87;40;10041209692;B
20240405;100251;226.95;50;10041210623;B
20240405;100251;226.96;20;10041210624;B
20240405;100251;226.97;280;10041210625;B
20240405;100251;226.98;60;10041210626;B
20240405;100251;226.99;850;10041210627;B
20240405;100251;227;7610;10041210628;B
20240405;100251;227;400;10041210629;B
20240405;100251;227.01;200;10041210635;S
20240405;100253;227.01;10;10041211184;S
20240405;100254;227.04;300;10041211380;B
20240405;100258;227.11;50;10041212133;S
20240405;100258;227.1;280;10041212134;S
20240405;100258;227.07;80;10041212135;S
20240405;100258;227.02;340;10041212136;S
20240405;100259;227.04;10;10041212300;S
20240405;100303;227.15;40;10041213070;B
20240405;100303;227.16;10;10041213071;B
20240405;100318;227.12;230;10041215809;B
20240405;100318;227.13;50;10041215810;B
20240405;100318;227.13;530;10041215811;B
20240405;100318;227.14;80;10041215812;B
20240405;100318;227.14;230;10041215813;B
20240405;100318;227.15;280;10041215814;B
20240405;100318;227.16;1000;10041215815;B
20240405;100319;227.15;30;10041215961;B
20240405;100319;227.1;20;10041216072;S
20240405;100321;227.08;20;10041216442;S
20240405;100322;227.15;40;10041216587;B
20240405;100323;227.08;30;10041216704;S
20240405;100329;227.15;10;10041217946;B
20240405;100330;227.15;10;10041218069;B
20240405;100330;227.15;10;10041218107;B
20240405;100330;227.15;460;10041218199;B
20240405;100330;227.15;50;10041218200;B
20240405;100330;227.16;1340;10041218201;B
20240405;100330;227.18;280;10041218202;B
20240405;100330;227.18;230;10041218203;B
20240405;100330;227.2;1550;10041218204;B
20240405;100330;227.2;90;10041218205;B
20240405;100330;227.25;60;10041218206;B
20240405;100330;227.26;310;10041218207;B
20240405;100330;227.26;500;10041218208;B
20240405;100330;227.26;130;10041218209;B
20240405;100331;227.19;50;10041218292;S
20240405;100331;227.18;200;10041218293;S
20240405;100331;227.3;30;10041218374;B
20240405;100332;227.3;30;10041218429;B
20240405;100334;227.21;10;10041218992;S
20240405;100338;227.21;20;10041219707;S
20240405;100342;227.29;10;10041220357;B
20240405;100342;227.3;100;10041220405;S
20240405;100342;227.3;100;10041220447;S
20240405;100342;227.3;50;10041220471;S
20240405;100342;227.25;40;10041220497;S
20240405;100342;227.25;60;10041220498;B
20240405;100344;227.18;60;10041220849;S
20240405;100344;227.17;530;10041220850;S
20240405;100344;227.16;80;10041220851;S
20240405;100344;227.16;890;10041220852;S
20240405;100344;227.15;280;10041220853;S
20240405;100344;227.15;40;10041220854;S
20240405;100344;227.14;400;10041220855;S
20240405;100344;227.14;720;10041220856;B
20240405;100348;227.24;150;10041221683;B
20240405;100350;227.24;10;10041222038;B
20240405;100350;227.24;10;10041222151;B
20240405;100352;227.24;60;10041222586;B
20240405;100352;227.25;40;10041222587;B
20240405;100353;227.27;50;10041222849;B
20240405;100355;227.21;80;10041223120;S
20240405;100357;227.27;10;10041223491;B
20240405;100400;227.27;20;10041224120;B
20240405;100401;227.27;140;10041224140;B
20240405;100401;227.28;50;10041224141;B
20240405;100401;227.29;60;10041224142;B
20240405;100401;227.32;270;10041224143;B
20240405;100401;227.37;90;10041224144;B
20240405;100401;227.38;280;10041224145;B
20240405;100401;227.42;530;10041224146;B
20240405;100401;227.42;1080;10041224147;B
20240405;100401;227.48;400;10041224233;B
20240405;100401;227.49;50;10041224234;B
20240405;100401;227.49;100;10041224235;B
20240405;100401;227.5;10;10041224236;B
20240405;100401;227.5;440;10041224237;B
20240405;100401;227.41;100;10041224263;S
20240405;100401;227.41;70;10041224264;S
20240405;100401;227.4;280;10041224265;S
20240405;100401;227.4;50;10041224266;S
20240405;100401;227.36;400;10041224267;S
20240405;100401;227.3;100;10041224268;B
20240405;100403;227.48;20;10041224696;B
20240405;100403;227.49;70;10041224697;B
20240405;100403;227.49;10;10041224698;B
20240405;100404;227.5;60;10041224784;B
20240405;100404;227.5;40;10041224785;B
20240405;100406;227.43;10;10041225335;S
20240405;100407;227.43;10;10041225371;S
20240405;100407;227.43;50;10041225372;S
20240405;100414;227.5;10;10041226930;B
20240405;100414;227.5;40;10041226931;B
20240405;100415;227.43;50;10041227136;S
20240405;100415;227.42;50;10041227137;S
20240405;100421;227.48;310;10041228474;B
20240405;100421;227.48;10;10041228475;B
20240405;100421;227.5;60;10041228476;B
20240405;100421;227.5;10;10041228477;B
20240405;100421;227.5;50;10041228478;B
20240405;100421;227.51;50;10041228479;B
20240405;100421;227.56;100;10041228480;B
20240405;100421;227.57;750;10041228481;B
20240405;100421;227.57;500;10041228482;B
20240405;100421;227.6;10;10041228483;B
20240405;100421;227.61;280;10041228484;B
20240405;100421;227.65;180;10041228485;B
20240405;100421;227.65;200;10041228486;B
20240405;100421;227.66;100;10041228487;B
20240405;100421;227.66;470;10041228488;B
20240405;100421;227.67;550;10041228489;B
20240405;100421;227.68;20000;10041228490;B
20240405;100421;227.68;6000;10041228491;B
20240405;100421;227.69;370;10041228492;B
20240405;100421;227.68;10;10041228495;B
20240405;100421;227.64;10;10041228571;B
20240405;100422;227.65;20;10041228659;B
20240405;100422;227.65;20;10041228660;B
20240405;100422;227.65;50;10041228661;B
20240405;100423;227.63;40;10041228835;S
20240405;100423;227.61;130;10041228836;S
20240405;100423;227.6;100;10041228837;S
20240405;100423;227.6;280;10041228838;S
20240405;100423;227.57;230;10041228839;S
20240405;100423;227.55;790;10041228840;S
20240405;100423;227.51;400;10041228841;S
20240405;100423;227.48;1000;10041228842;S
20240405;100423;227.44;40;10041228843;S
20240405;100423;227.43;330;10041228844;S
20240405;100423;227.43;10;10041228845;S
20240405;100423;227.42;10;10041228846;S
20240405;100423;227.42;100;10041228847;S
20240405;100423;227.41;10;10041228848;S
20240405;100423;227.41;100;10041228849;S
20240405;100423;227.4;10;10041228850;S
20240405;100423;227.39;10;10041228851;S
20240405;100423;227.38;10;10041228852;S
20240405;100423;227.36;10;10041228853;S
20240405;100423;227.34;10;10041228854;S
20240405;100423;227.3;980;10041228855;S
20240405;100423;227.54;20;10041228878;B
20240405;100423;227.56;10;10041228883;B
20240405;100423;227.55;280;10041228922;B
20240405;100423;227.56;90;10041228923;B
20240405;100423;227.56;50;10041228924;B
20240405;100423;227.61;400;10041228925;B
20240405;100423;227.62;180;10041228926;S
20240405;100426;227.61;10;10041229518;B
20240405;100437;227.55;150;10041231609;B
20240405;100440;227.54;50;10041232226;B
20240405;100440;227.55;40;10041232227;B
20240405;100442;227.55;10;10041232523;B
20240405;100445;227.54;40;10041233169;B
20240405;100445;227.55;40;10041233170;B
20240405;100446;227.5;10;10041233304;S
20240405;100446;227.47;40;10041233305;S
20240405;100446;227.46;100;10041233306;S
20240405;100451;227.55;130;10041234062;B
20240405;100451;227.56;40;10041234063;B
20240405;100451;227.58;100;10041234064;B
20240405;100454;227.5;120;10041234645;S
20240405;100454;227.49;30;10041234646;S
20240405;100459;227.59;10;10041235593;B
20240405;100459;227.59;60;10041235619;B
20240405;100459;227.59;40;10041235620;B
20240405;100500;227.6;30;10041235826;B
20240405;100500;227.63;50;10041235827;B
20240405;100503;227.54;20;10041236604;S
20240405;100505;227.62;40;10041236913;B
20240405;100505;227.63;50;10041236914;B
20240405;100505;227.63;30;10041236915;B
20240405;100505;227.64;80;10041236916;B
20240405;100509;227.59;50;10041237630;B
20240405;100509;227.63;40;10041237631;B
20240405;100509;227.64;40;10041237632;B
20240405;100511;227.62;10;10041238083;B
20240405;100513;227.62;10;10041238400;B
20240405;100513;227.64;40;10041238401;B
20240405;100522;227.64;10;10041239956;B
20240405;100523;227.64;30;10041240056;B
20240405;100523;227.64;40;10041240107;S
20240405;100525;227.64;20;10041240491;S
20240405;100527;227.64;410;10041241099;S
20240405;100527;227.64;500;10041241100;S
20240405;100530;227.58;10;10041241891;B
20240405;100530;227.58;10;10041241942;B
20240405;100530;227.57;280;10041242090;B
20240405;100530;227.57;40;10041242091;B
20240405;100530;227.6;130;10041242092;B
20240405;100532;227.6;20;10041242810;B
20240405;100533;227.59;10;10041243053;B
20240405;100534;227.56;170;10041243137;S
20240405;100534;227.56;120;10041243138;S
20240405;100534;227.55;100;10041243139;S
20240405;100534;227.54;340;10041243140;S
20240405;100534;227.54;280;10041243141;S
20240405;100534;227.52;10;10041243142;S
20240405;100534;227.51;40;10041243143;S
20240405;100534;227.5;2940;10041243144;S
20240405;100534;227.5;1860;10041243201;S
20240405;100535;227.47;30;10041243289;B
20240405;100535;227.42;50;10041243456;S
20240405;100538;227.46;40;10041244001;B
20240405;100538;227.47;250;10041244002;B
20240405;100538;227.48;400;10041244003;B
20240405;100538;227.5;100;10041244004;B
20240405;100538;227.5;10;10041244005;B
20240405;100538;227.53;130;10041244006;B
20240405;100538;227.54;530;10041244007;B
20240405;100538;227.54;890;10041244008;B
20240405;100538;227.55;420;10041244009;B
20240405;100538;227.56;10;10041244010;B
20240405;100542;227.45;20;10041244812;B
20240405;100542;227.45;100;10041244832;B
20240405;100544;227.42;10;10041245172;S
20240405;100545;227.43;10;10041245421;B
20240405;100546;227.43;10;10041245656;B
20240405;100546;227.4;20;10041245790;S
20240405;100546;227.4;30;10041245791;S
20240405;100546;227.4;5000;10041245792;S
20240405;100546;227.39;10;10041245793;S
20240405;100546;227.22;10;10041245895;S
20240405;100546;227.21;350;10041245896;S
20240405;100546;227.21;200;10041245897;S
20240405;100547;227.11;20;10041245999;S
20240405;100552;227.12;10;10041247294;B
20240405;100552;227.12;10;10041247374;B
20240405;100553;227.11;30;10041247451;S
20240405;100555;227.12;10;10041247958;B
20240405;100555;227.11;4800;10041247959;S
20240405;100555;227.11;150;10041247960;S
20240405;100555;227.11;10;10041247961;S
20240405;100555;227.1;260;10041247962;S
20240405;100555;227.1;1960;10041247963;S
20240405;100556;227.11;10;10041248040;B
20240405;100557;227.1;10;10041248206;S
20240405;100557;227.1;10;10041248271;S
20240405;100557;227.1;20;10041248391;S
20240405;100557;227.1;70;10041248392;S
20240405;100558;227.11;10;10041248514;S
20240405;100559;227.11;10;10041248705;B
20240405;100604;227.11;10;10041249875;B
20240405;100604;227.1;10;10041249876;S
20240405;100604;227.11;90;10041249899;B
20240405;100605;227.1;30;10041250035;S
20240405;100605;227.1;240;10041250036;S
20240405;100605;227.1;20;10041250050;S
20240405;100605;227.11;50;10041250053;B
20240405;100605;227.11;50;10041250054;B
20240405;100606;227.1;30;10041250147;S
20240405;100606;227.1;100;10041250148;S
20240405;100606;227.11;10;10041250193;B
20240405;100606;227.11;40;10041250223;B
20240405;100606;227.1;10;10041250224;S
20240405;100606;227.11;20;10041250310;B
20240405;100609;227.11;120;10041250859;B
20240405;100613;227.1;220;10041252293;S
20240405;100613;227.11;40;10041252297;B
20240405;100615;227.1;200;10041252532;S
20240405;100617;227.11;10;10041252954;B
20240405;100617;227.1;10;10041253032;S
20240405;100622;227.2;50;10041253918;B
20240405;100622;227.2;10;10041253919;B
20240405;100622;227.21;400;10041253920;B
20240405;100622;227.25;280;10041253921;B
20240405;100622;227.28;210;10041253922;B
20240405;100622;227.29;50;10041253923;B
20240405;100628;227.26;10;10041254895;B
20240405;100630;227.27;50;10041255192;B
20240405;100630;227.26;50;10041255284;B
20240405;100630;227.27;250;10041255285;B
20240405;100634;227.21;40;10041255885;B
20240405;100634;227.2;10;10041255891;S
20240405;100637;227.22;20;10041256648;B
20240405;100637;227.19;180;10041256649;S
20240405;100638;227.21;50;10041256917;B
20240405;100638;227.21;250;10041256918;B
20240405;100640;227.14;20;10041257276;S
20240405;100649;227.13;10;10041258808;S
20240405;100649;227.2;10;10041258858;B
20240405;100649;227.21;50;10041258859;B
20240405;100649;227.22;210;10041258860;B
20240405;100649;227.24;400;10041258861;B
20240405;100649;227.28;100;10041258862;B
20240405;100649;227.29;60;10041258863;B
20240405;100649;227.29;820;10041258864;B
20240405;100649;227.29;350;10041258865;B
20240405;100651;227.29;790;10041259108;B
20240405;100651;227.29;210;10041259109;B
20240405;100651;227.29;10;10041259210;B
20240405;100659;227.2;10;10041260548;B
20240405;100700;227.2;10;10041260793;B
20240405;100700;227.2;10;10041260798;B
20240405;100704;227.2;10;10041261563;B
20240405;100709;227.2;310;10041262506;B
20240405;100709;227.2;50;10041262507;B
20240405;100709;227.25;240;10041262508;B
20240405;100711;227.3;20;10041262797;B
20240405;100711;227.3;980;10041262798;B
20240405;100716;227.3;10;10041263518;B
20240405;100718;227.3;1010;10041263851;B
20240405;100718;227.31;50;10041263852;B
20240405;100718;227.34;790;10041263853;B
20240405;100718;227.39;280;10041263854;B
20240405;100718;227.39;60;10041263855;B
20240405;100718;227.4;400;10041263856;B
20240405;100718;227.4;250;10041263857;B
20240405;100718;227.4;50;10041263858;B
20240405;100718;227.4;400;10041263859;B
20240405;100718;227.41;400;10041263860;B
20240405;100718;227.43;310;10041263861;B
20240405;100719;227.46;10;10041264067;B
20240405;100719;227.55;30;10041264100;B
20240405;100719;227.54;10;10041264110;B
20240405;100720;227.53;40;10041264199;B
20240405;100720;227.54;80;10041264200;B
20240405;100720;227.55;1210;10041264201;B
20240405;100720;227.55;60;10041264202;B
20240405;100720;227.55;400;10041264203;B
20240405;100720;227.56;100;10041264204;B
20240405;100720;227.59;280;10041264205;B
20240405;100720;227.6;10;10041264206;B
20240405;100720;227.62;30;10041264207;B
20240405;100720;227.63;5000;10041264208;B
20240405;100720;227.63;2540;10041264209;B
20240405;100720;227.64;3120;10041264210;B
20240405;100720;227.64;250;10041264211;B
20240405;100720;227.64;790;10041264212;B
20240405;100720;227.65;40;10041264213;B
20240405;100720;227.65;60;10041264214;B
20240405;100720;227.65;120;10041264215;B
20240405;100720;227.65;50;10041264216;B
20240405;100720;227.65;570;10041264217;B
20240405;100720;227.65;10;10041264218;B
20240405;100720;227.65;250;10041264219;B
20240405;100720;227.67;4000;10041264220;B
20240405;100720;227.67;400;10041264221;B
20240405;100720;227.7;10;10041264222;B
20240405;100720;227.73;580;10041264223;B
20240405;100720;227.64;20;10041264403;S
20240405;100721;227.7;10;10041264463;B
20240405;100721;227.7;290;10041264464;S
20240405;100723;227.6;50;10041265147;B
20240405;100723;227.64;530;10041265157;B
20240405;100723;227.65;400;10041265158;B
20240405;100723;227.66;50;10041265159;B
20240405;100723;227.69;280;10041265160;B
20240405;100723;227.73;10;10041265161;B
20240405;100723;227.73;120;10041265162;B
20240405;100723;227.74;890;10041265163;B
20240405;100723;227.75;400;10041265164;B
20240405;100723;227.75;10;10041265165;B
20240405;100723;227.75;1500;10041265166;B
20240405;100723;227.76;740;10041265167;B
20240405;100723;227.76;70;10041265168;B
20240405;100723;227.62;130;10041265171;S
20240405;100723;227.61;280;10041265172;S
20240405;100726;227.6;110;10041265654;B
20240405;100727;227.5;40;10041265923;S
20240405;100727;227.49;130;10041265924;S
20240405;100727;227.49;50;10041265925;S
20240405;100727;227.44;100;10041265926;S
20240405;100727;227.42;180;10041265927;S
20240405;100730;227.47;130;10041266419;B
20240405;100730;227.5;100;10041266420;B
20240405;100730;227.51;270;10041266421;B
20240405;100731;227.53;530;10041266588;B
20240405;100731;227.53;200;10041266589;B
20240405;100731;227.54;130;10041266590;B
20240405;100731;227.55;400;10041266591;B
20240405;100731;227.56;280;10041266592;B
20240405;100731;227.66;180;10041266593;B
20240405;100731;227.66;890;10041266594;B
20240405;100731;227.67;440;10041266595;B
20240405;100731;227.71;1950;10041266596;B
20240405;100732;227.6;10;10041266712;B
20240405;100735;227.61;10;10041267324;S
20240405;100735;227.59;20;10041267325;S
20240405;100735;227.55;40;10041267326;S
20240405;100735;227.46;30;10041267328;S
20240405;100741;227.42;30;10041268330;S
20240405;100749;227.46;10;10041269749;B
20240405;100749;227.44;10;10041269792;S
20240405;100751;227.45;10;10041269965;B
20240405;100752;227.44;10;10041270206;S
20240405;100753;227.44;20;10041270396;S
20240405;100755;227.4;10;10041270661;S
20240405;100757;227.46;100;10041270860;B
20240405;100757;227.47;50;10041270861;B
20240405;100757;227.53;290;10041270862;B
20240405;100810;227.46;50;10041273556;B
20240405;100810;227.47;60;10041273557;B
20240405;100820;227.4;100;10041274978;S
20240405;100820;227.4;230;10041274979;S
20240405;100822;227.4;10;10041275348;B
20240405;100827;227.33;30;10041276091;S
20240405;100830;227.3;130;10041276571;S
20240405;100830;227.3;100;10041276572;S
20240405;100830;227.27;50;10041276573;S
20240405;100830;227.25;460;10041276574;S
20240405;100830;227.24;280;10041276575;S
20240405;100830;227.22;50;10041276576;S
20240405;100830;227.22;250;10041276577;S
20240405;100830;227.21;1600;10041276578;S
20240405;100830;227.18;10;10041276579;S
20240405;100830;227.17;10;10041276580;S
20240405;100830;227.17;60;10041276581;S
20240405;100831;227.21;10;10041276643;S
20240405;100832;227.26;10;10041276898;B
20240405;100832;227.25;350;10041276955;S
20240405;100832;227.21;90;10041276956;S
20240405;100832;227.16;10;10041276957;S
20240405;100832;227.16;50;10041276958;S
20240405;100833;227.14;30;10041276979;S
20240405;100834;227.25;50;10041277147;B
20240405;100837;227.26;190;10041277465;B
20240405;100841;227.26;10;10041277978;B
20240405;100841;227.26;30;10041278022;B
20240405;100841;227.28;40;10041278023;B
20240405;100841;227.29;110;10041278024;B
20240405;100841;227.3;60;10041278025;B
20240405;100841;227.31;10;10041278026;B
20240405;100841;227.33;150;10041278027;B
20240405;100845;227.28;280;10041278670;S
20240405;100845;227.28;20;10041278671;S
20240405;100845;227.25;10;10041278727;S
20240405;100845;227.25;20;10041278728;S
20240405;100847;227.34;10;10041279044;B
20240405;100848;227.33;10;10041279143;S
20240405;100850;227.37;10;10041279295;B
20240405;100850;227.37;20;10041279296;B
20240405;100850;227.38;10;10041279297;B
20240405;100850;227.39;10;10041279298;B
20240405;100854;227.35;40;10041279942;S
20240405;100854;227.35;60;10041279943;S
20240405;100855;227.35;100;10041280050;S
20240405;100855;227.4;10;10041280065;B
20240405;100901;227.4;160;10041280968;B
20240405;100901;227.4;30;10041280969;B
20240405;100901;227.41;40;10041280970;B
20240405;100902;227.46;10;10041281109;B
20240405;100902;227.48;10;10041281120;B
20240405;100902;227.49;20;10041281121;B
20240405;100909;227.49;40;10041282067;B
20240405;100909;227.5;960;10041282068;B
20240405;100909;227.44;250;10041282074;S
20240405;100911;227.44;10;10041282325;S
20240405;100917;227.47;10;10041283242;S
20240405;100923;227.49;100;10041284255;S
20240405;100923;227.49;40;10041284256;S
20240405;100927;227.43;10;10041284718;B
20240405;100931;227.44;270;10041285277;B
20240405;100931;227.45;130;10041285278;B
20240405;100931;227.45;40;10041285279;S
20240405;100931;227.45;460;10041285280;S
20240405;100935;227.4;10;10041285872;S
20240405;100935;227.4;20;10041285873;S
20240405;100935;227.39;450;10041285874;S
20240405;100935;227.39;20;10041285875;S
20240405;100937;227.41;10;10041286140;B
20240405;100944;227.41;100;10041286972;B
20240405;100950;227.42;10;10041287652;B
20240405;100955;227.43;20;10041288296;B
20240405;100957;227.44;10;10041288646;B
20240405;100957;227.42;150;10041288662;S
20240405;100958;227.45;280;10041288736;B
20240405;100958;227.46;10;10041288737;B
20240405;100958;227.46;890;10041288738;B
20240405;100958;227.46;500;10041288739;B
20240405;100958;227.46;40;10041288740;B
20240405;100958;227.47;130;10041288741;B
20240405;101001;227.46;10;10041289250;B
20240405;101002;227.43;10;10041289510;S
20240405;101004;227.42;40;10041289819;S
20240405;101005;227.42;10;10041290010;S
20240405;101008;227.44;10;10041290306;B
20240405;101008;227.45;110;10041290309;B
20240405;101008;227.45;680;10041290310;B
20240405;101011;227.45;70;10041290740;S
20240405;101011;227.45;80;10041290741;S
20240405;101013;227.44;330;10041291055;S
20240405;101013;227.43;30000;10041291056;S
20240405;101013;227.43;10;10041291057;S
20240405;101013;227.43;70;10041291058;S
20240405;101013;227.42;40;10041291059;S
20240405;101013;227.42;10;10041291060;S
20240405;101015;227.41;10;10041291336;S
20240405;101015;227.41;10;10041291337;S
20240405;101015;227.4;10;10041291338;S
20240405;101015;227.4;40;10041291339;S
20240405;101015;227.4;180;10041291340;S
20240405;101020;227.37;280;10041291955;B
20240405;101020;227.37;80;10041291956;B
20240405;101020;227.4;130;10041291957;B
20240405;101020;227.4;140;10041292001;S
20240405;101022;227.41;10;10041292344;B
20240405;101023;227.4;50;10041292462;S
20240405;101023;227.41;50;10041292492;B
20240405;101023;227.41;500;10041292500;B
20240405;101029;227.4;100;10041293474;S
20240405;101030;227.41;10;10041293528;B
20240405;101030;227.41;20;10041293529;B
20240405;101030;227.4;10;10041293620;S
20240405;101031;227.41;10;10041293664;B
20240405;101032;227.4;210;10041293763;S
20240405;101033;227.35;30;10041293985;B
20240405;101035;227.35;10;10041294172;B
20240405;101038;227.35;50;10041294502;B
20240405;101040;227.34;20;10041294765;B
20240405;101041;227.35;20;10041294883;B
20240405;101042;227.32;30;10041295112;S
20240405;101044;227.32;50;10041295367;S
20240405;101046;227.33;50;10041295676;B
20240405;101046;227.32;920;10041295682;S
20240405;101046;227.3;10;10041295683;S
20240405;101046;227.3;70;10041295684;S
20240405;101055;227.27;10;10041296966;B
20240405;101056;227.27;20;10041297115;B
20240405;101105;227.26;10;10041298518;B
20240405;101105;227.26;110;10041298619;B
20240405;101107;227.26;30;10041298940;B
20240405;101114;227.23;20;10041299924;B
20240405;101114;227.23;100;10041299995;B
20240405;101115;227.24;10;10041300072;B
20240405;101115;227.24;890;10041300084;B
20240405;101115;227.25;110;10041300085;B
20240405;101121;227.17;10;10041301091;S
20240405;101121;227.17;30;10041301151;S
20240405;101122;227.25;10;10041301302;B
20240405;101136;227.16;90;10041303282;S
20240405;101136;227.16;10;10041303283;S
20240405;101136;227.15;100;10041303284;S
20240405;101136;227.14;130;10041303285;S
20240405;101136;227.13;10;10041303286;S
20240405;101136;227.13;30;10041303287;S
20240405;101136;227.13;20;10041303288;S
20240405;101136;227.13;10;10041303289;S
20240405;101136;227.13;10;10041303290;S
20240405;101136;227.13;10;10041303291;S
20240405;101136;227.12;580;10041303292;S
20240405;101139;227.17;30;10041303752;B
20240405;101148;227.18;20;10041305051;B
20240405;101149;227.18;10;10041305202;B
20240405;101150;227.18;10;10041305272;B
20240405;101205;227.18;10;10041307456;B
20240405;101207;227.17;10;10041307682;S
20240405;101207;227.13;30;10041307683;S
20240405;101207;227.11;60;10041307684;S
20240405;101210;227.12;10;10041308116;B
20240405;101210;227.15;90;10041308117;B
20240405;101210;227.15;260;10041308118;B
20240405;101210;227.16;60;10041308119;B
20240405;101216;227.11;100;10041308802;S
20240405;101220;227.11;200;10041309210;S
20240405;101221;227.11;10;10041309413;S
20240405;101223;227.11;20;10041309592;S
20240405;101224;227.14;130;10041309763;B
20240405;101231;227.17;100;10041310647;B
20240405;101232;227.16;90;10041310712;S
20240405;101232;227.16;10;10041310713;S
20240405;101232;227.15;130;10041310714;S
20240405;101233;227.16;10;10041310863;S
20240405;101233;227.16;10;10041310864;S
20240405;101233;227.16;10;10041310894;B
20240405;101237;227.15;110;10041311392;S
20240405;101238;227.15;160;10041311590;S
20240405;101238;227.15;80;10041311591;S
20240405;101238;227.14;220;10041311592;S
20240405;101240;227.17;10;10041311845;B
20240405;101243;227.15;200;10041312196;S
20240405;101243;227.15;10;10041312270;S
20240405;101243;227.14;500;10041312275;S
20240405;101244;227.16;30;10041312358;B
20240405;101246;227.17;40;10041312632;B
20240405;101246;227.17;30;10041312647;B
20240405;101251;227.17;10;10041313377;B
20240405;101258;227.15;10;10041314211;S
20240405;101302;227.17;70;10041314687;B
20240405;101303;227.17;180;10041314841;B
20240405;101303;227.17;70;10041314842;B
20240405;101303;227.18;50;10041314843;B
20240405;101304;227.16;20;10041314974;S
20240405;101306;227.15;10;10041315362;S
20240405;101308;227.16;10;10041315510;B
20240405;101311;227.15;30;10041315864;S
20240405;101311;227.15;10;10041315865;S
20240405;101311;227.14;1100;10041315866;S
20240405;101312;227.15;20;10041315885;B
20240405;101318;227.15;190;10041316624;B
20240405;101321;227.14;10;10041317018;S
20240405;101321;227.14;10;10041317019;S
20240405;101322;227.16;20;10041317112;B
20240405;101323;227.16;70;10041317138;B
20240405;101323;227.16;90;10041317139;B
20240405;101324;227.14;260;10041317410;S
20240405;101324;227.14;10;10041317411;S
20240405;101324;227.14;90;10041317412;S
20240405;101324;227.11;140;10041317413;S
20240405;101324;227.16;70;10041317425;B
20240405;101324;227.16;100;10041317440;B
20240405;101336;227.16;90;10041318833;S
20240405;101340;227.15;10;10041319275;B
20240405;101341;227.14;10;10041319412;S
20240405;101341;227.11;490;10041319413;S
20240405;101345;227.12;20;10041319920;S
20240405;101345;227.11;80;10041319921;S
20240405;101347;227.14;280;10041320029;B
20240405;101347;227.14;120;10041320030;B
20240405;101357;227.14;30;10041321354;S
20240405;101357;227.13;50;10041321355;S
20240405;101359;227.15;90;10041321616;B
20240405;101359;227.13;10;10041321684;S
20240405;101359;227.13;10;10041321685;S
20240405;101404;227.15;410;10041322292;B
20240405;101404;227.15;90;10041322293;B
20240405;101404;227.16;670;10041322294;B
20240405;101405;227.15;200;10041322391;S
20240405;101410;227.15;100;10041323160;S
20240405;101416;227.15;10;10041323991;S
20240405;101418;227.15;100;10041324180;S
20240405;101420;227.16;10;10041324417;B
20240405;101424;227.15;100;10041324997;S
20240405;101427;227.16;10;10041325509;B
20240405;101427;227.15;90;10041325529;S
20240405;101427;227.15;90;10041325530;S
20240405;101427;227.13;20;10041325531;S
20240405;101427;227.15;10;10041325614;B
20240405;101431;227.15;270;10041326437;B
20240405;101431;227.15;240;10041326439;S
20240405;101432;227.15;10;10041326542;S
20240405;101433;227.16;50;10041326561;B
20240405;101434;227.15;200;10041326694;S
20240405;101434;227.15;50;10041326728;S
20240405;101438;227.16;790;10041327211;B
20240405;101439;227.15;200;10041327310;S
20240405;101440;227.16;5000;10041327484;B
20240405;101440;227.16;10;10041327498;B
20240405;101441;227.16;10;10041327610;B
20240405;101441;227.15;30;10041327631;S
20240405;101441;227.15;110;10041327632;S
20240405;101441;227.14;60;10041327633;S
20240405;101441;227.16;500;10041327671;B
20240405;101444;227.14;330;10041328038;S
20240405;101444;227.13;20;10041328039;S
20240405;101444;227.13;10;10041328040;S
20240405;101444;227.13;530;10041328041;S
20240405;101444;227.13;110;10041328042;S
20240405;101446;227.15;40;10041328333;B
20240405;101448;227.15;10;10041328651;B
20240405;101448;227.16;10;10041328652;B
20240405;101452;227.16;10;10041329186;B
20240405;101452;227.16;10;10041329187;B
20240405;101458;227.14;190;10041330082;S
20240405;101458;227.13;10;10041330083;S
20240405;101501;227.14;100;10041330718;S
20240405;101501;227.14;100;10041330719;S
20240405;101503;227.16;20;10041331421;B
20240405;101504;227.14;50;10041331675;S
20240405;101505;227.16;100;10041331726;B
20240405;101505;227.13;50;10041331828;S
20240405;101505;227.12;150;10041331829;S
20240405;101508;227.13;20;10041332842;S
20240405;101508;227.11;180;10041332843;S
20240405;101510;227.14;10;10041333710;B
20240405;101511;227.11;220;10041333905;S
20240405;101511;227.11;10;10041333906;S
20240405;101511;227.11;10;10041333907;S
20240405;101511;227.11;10;10041333908;S
20240405;101511;227.11;60;10041333959;S
20240405;101511;227.11;10;10041333960;S
20240405;101511;227.11;50;10041333961;S
20240405;101511;227.11;10;10041333962;S
20240405;101511;227.11;10;10041333963;S
20240405;101511;227.11;10;10041333964;S
20240405;101511;227.1;50;10041333965;S
20240405;101511;227.1;10;10041334008;S
20240405;101514;227.13;280;10041334780;B
20240405;101514;227.14;140;10041334781;B
20240405;101514;227.15;440;10041334782;B
20240405;101514;227.16;70;10041334783;B
20240405;101519;227.15;50;10041335556;B
20240405;101523;227.14;50;10041336498;B
20240405;101525;227.14;20;10041336861;B
20240405;101525;227.15;20;10041336862;B
20240405;101525;227.14;190;10041336922;B
20240405;101525;227.15;210;10041336923;B
20240405;101525;227.15;140;10041336924;B
20240405;101525;227.16;460;10041336925;B
20240405;101529;227.16;10;10041338122;B
20240405;101530;227.16;3000;10041338494;B
20240405;101531;227.13;40;10041338526;S
20240405;101531;227.13;10;10041338565;S
20240405;101531;227.11;10;10041338598;S
20240405;101532;227.16;10;10041338848;B
20240405;101533;227.16;10;10041339028;B
20240405;101541;227.16;10;10041340815;B
20240405;101542;227.16;100;10041340942;B
20240405;101543;227.13;20;10041341289;S
20240405;101543;227.13;10;10041341353;S
20240405;101545;227.16;20;10041341653;B
20240405;101548;227.16;30;10041342319;B
20240405;101548;227.16;20;10041342322;B
20240405;101548;227.15;10;10041342486;S
20240405;101549;227.16;20;10041342569;B
20240405;101551;227.16;110;10041343005;B
20240405;101551;227.15;10;10041343008;S
20240405;101551;227.16;20;10041343149;B
20240405;101553;227.15;10;10041343484;S
20240405;101553;227.15;20;10041343485;S
20240405;101553;227.16;160;10041343492;B
20240405;101553;227.16;10;10041343586;B
20240405;101554;227.16;10;10041343666;B
20240405;101554;227.16;40;10041343672;B
20240405;101554;227.15;10;10041343723;S
20240405;101556;227.16;10;10041344065;B
20240405;101556;227.16;20;10041344130;B
20240405;101557;227.16;110;10041344397;B
20240405;101558;227.15;10;10041344448;S
20240405;101558;227.16;1100;10041344488;B
20240405;101558;227.15;20;10041344544;S
20240405;101558;227.16;130;10041344546;B
20240405;101558;227.16;40;10041344552;B
20240405;101558;227.16;180;10041344555;B
20240405;101559;227.16;10;10041344646;B
20240405;101559;227.16;110;10041344664;B
20240405;101559;227.16;10;10041344719;B
20240405;101559;227.15;250;10041344723;S
20240405;101559;227.16;10;10041344736;B
20240405;101559;227.16;20;10041344780;B
20240405;101600;227.15;10;10041344896;S
20240405;101601;227.16;10;10041345016;B
20240405;101601;227.15;10;10041345082;S
20240405;101601;227.16;20;10041345098;B
20240405;101601;227.16;10;10041345147;B
20240405;101601;227.16;20;10041345230;B
20240405;101602;227.16;10;10041345318;B
20240405;101602;227.15;10;10041345330;S
20240405;101603;227.16;20;10041345514;B
20240405;101603;227.15;40;10041345516;S
20240405;101603;227.15;10;10041345533;S
20240405;101603;227.16;20;10041345598;B
20240405;101604;227.16;110;10041345645;B
20240405;101604;227.16;40;10041345648;B
20240405;101604;227.16;20;10041345715;B
20240405;101604;227.16;20;10041345728;B
20240405;101604;227.16;50;10041345776;B
20240405;101604;227.16;20;10041345789;B
20240405;101604;227.15;200;10041345863;S
20240405;101605;227.16;270;10041345956;B
20240405;101605;227.16;110;10041345959;B
20240405;101605;227.15;10;10041345963;S
20240405;101605;227.15;10;10041346016;S
20240405;101605;227.15;10;10041346056;S
20240405;101606;227.16;20;10041346087;B
20240405;101606;227.16;110;10041346139;B
20240405;101607;227.16;20;10041346231;B
20240405;101607;227.16;30;10041346262;B
20240405;101607;227.16;20;10041346263;B
20240405;101607;227.16;110;10041346277;B
20240405;101607;227.16;10;10041346352;B
20240405;101609;227.16;20;10041346616;B
20240405;101609;227.16;30;10041346636;B
20240405;101609;227.16;100;10041346662;B
20240405;101609;227.16;10;10041346663;B
20240405;101609;227.16;10;10041346690;B
20240405;101609;227.16;20;10041346706;B
20240405;101610;227.16;210;10041346736;B
20240405;101610;227.16;4500;10041346759;B
20240405;101610;227.15;180;10041346784;S
20240405;101611;227.15;10;10041346952;S
20240405;101611;227.16;110;10041346975;B
20240405;101611;227.16;430;10041347090;B
20240405;101611;227.16;10;10041347128;B
20240405;101612;227.16;40;10041347291;B
20240405;101613;227.16;40;10041347331;B
20240405;101616;227.15;90;10041347928;S
20240405;101616;227.16;10;10041348017;B
20240405;101618;227.16;200;10041348336;B
20240405;101618;227.16;40;10041348337;B
20240405;101618;227.16;10;10041348338;B
20240405;101618;227.16;10;10041348339;B
20240405;101618;227.16;20;10041348340;B
20240405;101621;227.3;10;10041348788;B
20240405;101623;227.3;10;10041349080;B
20240405;101629;227.3;10;10041350169;B
20240405;101631;227.3;10;10041350498;B
20240405;101631;227.27;190;10041350645;S
20240405;101631;227.27;40;10041350646;S
20240405;101632;227.32;10;10041350764;B
20240405;101637;227.31;40;10041351893;B
20240405;101637;227.32;50;10041351894;B
20240405;101637;227.32;10;10041351895;B
20240405;101637;227.32;10;10041351896;B
20240405;101637;227.33;60;10041351897;B
20240405;101637;227.33;10;10041351898;B
20240405;101637;227.34;20;10041351899;B
20240405;101640;227.33;10;10041352289;B
20240405;101644;227.32;10;10041352985;S
20240405;101645;227.32;10;10041353116;S
20240405;101649;227.34;10;10041353759;B
20240405;101650;227.34;10;10041353864;B
20240405;101651;227.32;40;10041353978;S
20240405;101653;227.32;10;10041354505;S
20240405;101658;227.32;10;10041355464;S
20240405;101658;227.35;10;10041355674;B
20240405;101658;227.36;10;10041355675;B
20240405;101658;227.37;20;10041355676;B
20240405;101658;227.32;20;10041355724;S
20240405;101707;227.37;80;10041357361;B
20240405;101710;227.37;50;10041357730;B
20240405;101710;227.38;10;10041357731;B
20240405;101715;227.4;10;10041358418;B
20240405;101716;227.37;10;10041358503;S
20240405;101719;227.4;10;10041359004;B
20240405;101719;227.37;200;10041359112;S
20240405;101719;227.37;90;10041359254;S
20240405;101721;227.36;170;10041359766;B
20240405;101721;227.37;330;10041359767;B
20240405;101721;227.33;200;10041359776;S
20240405;101724;227.32;1010;10041360384;S
20240405;101724;227.32;10;10041360385;S
20240405;101724;227.32;60;10041360386;S
20240405;101724;227.32;30;10041360452;B
20240405;101725;227.32;140;10041360543;B
20240405;101725;227.32;790;10041360544;B
20240405;101725;227.33;280;10041360545;B
20240405;101725;227.38;60;10041360546;B
20240405;101725;227.39;20;10041360547;B
20240405;101725;227.4;10;10041360548;B
20240405;101725;227.4;670;10041360549;B
20240405;101725;227.41;30;10041360550;B
20240405;101725;227.32;10;10041360595;B
20240405;101725;227.37;10;10041360596;B
20240405;101725;227.38;130;10041360597;B
20240405;101725;227.37;10;10041360611;B
20240405;101728;227.37;10;10041361022;B
20240405;101730;227.33;10;10041361656;S
20240405;101731;227.36;10;10041361738;B
20240405;101732;227.37;160;10041362078;B
20240405;101732;227.37;40;10041362079;S
20240405;101733;227.33;180;10041362235;S
20240405;101733;227.33;20;10041362236;S
20240405;101735;227.33;30;10041362754;S
20240405;101735;227.33;60;10041362755;S
20240405;101735;227.33;10;10041362756;S
20240405;101739;227.33;50;10041363690;S
20240405;101739;227.3;100;10041363691;S
20240405;101739;227.3;10;10041363692;S
20240405;101739;227.3;10;10041363693;S
20240405;101739;227.3;160;10041363694;S
20240405;101739;227.28;60;10041363695;S
20240405;101739;227.27;10;10041363696;S
20240405;101748;227.28;150;10041365176;S
20240405;101748;227.28;50;10041365177;S
20240405;101749;227.35;60;10041365348;B
20240405;101749;227.36;40;10041365349;B
20240405;101752;227.38;10;10041365787;B
20240405;101756;227.39;10;10041366314;B
20240405;101756;227.4;240;10041366353;B
20240405;101756;227.4;10;10041366354;B
20240405;101756;227.4;1600;10041366355;B
20240405;101756;227.41;470;10041366356;B
20240405;101756;227.41;10;10041366357;B
20240405;101756;227.41;670;10041366358;B
20240405;101759;227.35;30;10041366696;S
20240405;101802;227.38;50;10041367333;S
20240405;101805;227.35;20;10041367937;S
20240405;101805;227.35;220;10041367938;S
20240405;101805;227.33;40;10041367939;S
20240405;101805;227.33;140;10041367940;S
20240405;101805;227.32;150;10041367941;S
20240405;101805;227.3;60;10041367942;S
20240405;101805;227.29;10;10041367943;S
20240405;101805;227.28;280;10041367944;S
20240405;101805;227.27;10;10041367945;S
20240405;101805;227.26;400;10041367946;S
20240405;101805;227.23;1600;10041367947;S
20240405;101805;227.22;10;10041367948;S
20240405;101805;227.22;10;10041367949;S
20240405;101805;227.21;10;10041367950;S
20240405;101805;227.2;10;10041367951;S
20240405;101805;227.2;10;10041367952;S
20240405;101805;227.19;1600;10041367953;S
20240405;101805;227.18;420;10041367954;S
20240405;101805;227.29;200;10041367995;B
20240405;101806;227.16;200;10041368270;S
20240405;101806;227.26;60;10041368325;B
20240405;101806;227.27;60;10041368326;B
20240405;101806;227.27;280;10041368327;B
20240405;101806;227.29;50;10041368328;B
20240405;101806;227.33;1600;10041368329;B
20240405;101806;227.33;530;10041368330;B
20240405;101806;227.34;310;10041368331;B
20240405;101806;227.35;890;10041368332;B
20240405;101806;227.36;1030;10041368333;B
20240405;101809;227.25;60;10041369025;S
20240405;101809;227.25;20;10041369026;S
20240405;101809;227.24;120;10041369027;S
20240405;101810;227.32;50;10041369324;B
20240405;101810;227.32;10;10041369325;B
20240405;101810;227.33;30;10041369326;B
20240405;101810;227.24;250;10041369370;S
20240405;101813;227.32;100;10041369846;B
20240405;101819;227.26;20;10041370887;B
20240405;101819;227.26;10;10041370942;B
20240405;101823;227.26;30;10041371635;B
20240405;101825;227.26;10;10041371907;B
20240405;101827;227.26;90;10041372163;B
20240405;101827;227.26;170;10041372164;B
20240405;101827;227.26;20;10041372266;B
20240405;101831;227.2;10;10041372810;S
20240405;101831;227.2;10;10041372811;S
20240405;101831;227.2;10;10041372812;S
20240405;101834;227.19;50;10041373173;S
20240405;101836;227.2;30;10041373412;B
20240405;101836;227.2;30;10041373453;B
20240405;101836;227.2;30;10041373462;B
20240405;101838;227.2;10;10041373654;B
20240405;101841;227.18;10;10041374107;S
20240405;101842;227.2;50;10041374295;B
20240405;101845;227.2;50;10041375267;B
20240405;101845;227.2;10;10041375279;B
20240405;101848;227.2;10;10041376010;S
20240405;101849;227.2;70;10041376090;S
20240405;101849;227.22;150;10041376091;B
20240405;101851;227.22;30;10041376489;B
20240405;101852;227.22;10;10041376679;B
20240405;101854;227.22;10;10041376964;B
20240405;101855;227.22;250;10041377102;B
20240405;101855;227.24;120;10041377103;B
20240405;101855;227.27;500;10041377104;B
20240405;101855;227.27;70;10041377105;B
20240405;101855;227.3;10;10041377106;B
20240405;101855;227.32;10;10041377107;B
20240405;101855;227.32;10;10041377108;B
20240405;101855;227.32;10;10041377109;B
20240405;101855;227.32;140;10041377110;B
20240405;101855;227.33;790;10041377111;B
20240405;101855;227.34;280;10041377112;B
20240405;101855;227.36;470;10041377113;B
20240405;101857;227.32;10;10041377281;S
20240405;101904;227.32;200;10041378251;S
20240405;101906;227.36;90;10041378532;B
20240405;101906;227.3;10;10041378550;S
20240405;101906;227.3;120;10041378551;S
20240405;101906;227.29;70;10041378552;S
20240405;101907;227.36;700;10041378647;B
20240405;101907;227.38;10;10041378811;B
20240405;101909;227.39;10;10041379222;B
20240405;101909;227.39;110;10041379223;B
20240405;101909;227.39;70;10041379224;B
20240405;101909;227.4;450;10041379225;B
20240405;101914;227.4;30;10041380326;B
20240405;101914;227.4;20;10041380327;B
20240405;101915;227.36;200;10041380697;S
20240405;101917;227.36;100;10041381126;S
20240405;101928;227.4;10;10041383240;B
20240405;101929;227.4;10;10041383302;B
20240405;101929;227.4;10;10041383370;B
20240405;101929;227.4;10;10041383388;B
20240405;101931;227.4;10;10041383717;B
20240405;101934;227.4;10;10041384202;B
20240405;101941;227.36;10;10041385199;S
20240405;101945;227.36;10;10041385620;S
20240405;101945;227.36;10;10041385621;S
20240405;101945;227.33;70;10041385622;S
20240405;101945;227.31;60;10041385623;S
20240405;101945;227.28;50;10041385624;S
20240405;101954;227.3;280;10041387231;S
20240405;101954;227.3;110;10041387232;S
20240405;101954;227.27;60;10041387233;S
20240405;101954;227.26;1600;10041387234;S
20240405;101954;227.25;400;10041387235;S
20240405;101954;227.24;470;10041387236;S
20240405;101954;227.23;1500;10041387237;S
20240405;101954;227.22;10;10041387238;S
20240405;101954;227.22;10;10041387239;S
20240405;101954;227.22;10;10041387240;S
20240405;101954;227.21;550;10041387241;S
20240405;101955;227.3;60;10041387505;B
20240405;101955;227.31;280;10041387506;B
20240405;101955;227.31;90;10041387507;B
20240405;101955;227.32;100;10041387508;B
20240405;101955;227.37;70;10041387509;B
20240405;102003;227.2;10;10041388765;S
20240405;102003;227.2;10;10041388766;S
20240405;102003;227.2;30;10041388767;S
20240405;102003;227.2;100;10041388768;S
20240405;102003;227.2;50;10041388769;S
20240405;102004;227.18;10;10041388957;S
20240405;102006;227.3;80;10041389240;B
20240405;102006;227.3;10;10041389272;B
20240405;102009;227.2;10;10041389632;S
20240405;102013;227.3;10;10041390142;B
20240405;102013;227.19;30;10041390151;S
20240405;102013;227.18;10;10041390152;S
20240405;102013;227.18;10;10041390153;S
20240405;102013;227.18;10;10041390154;S
20240405;102013;227.18;10;10041390155;S
20240405;102013;227.18;30;10041390156;S
20240405;102019;227.18;100;10041390700;S
20240405;102019;227.17;40;10041390701;S
20240405;102019;227.17;60;10041390702;S
20240405;102029;227.18;20;10041393838;S
20240405;102029;227.18;100;10041393839;S
20240405;102029;227.17;170;10041393840;S
20240405;102031;227.16;50;10041394714;S
20240405;102031;227.16;120;10041394715;S
20240405;102031;227.15;100;10041394716;S
20240405;102031;227.15;230;10041394717;S
20240405;102035;227.16;10;10041395554;S
20240405;102036;227.19;210;10041395961;B
20240405;102047;227.16;30;10041400748;S
20240405;102050;227.16;60;10041401423;S
20240405;102050;227.16;40;10041401424;S
20240405;102050;227.16;10;10041401425;S
20240405;102050;227.15;900;10041401426;S
20240405;102051;227.19;10;10041401915;B
20240405;102053;227.19;20;10041402482;B
20240405;102058;227.19;10;10041403992;B
20240405;102058;227.21;40;10041403993;B
20240405;102058;227.16;40;10041404059;S
20240405;102058;227.15;160;10041404060;S
20240405;102101;227.16;10;10041404681;S
20240405;102101;227.15;290;10041404682;S
20240405;102101;227.15;130;10041404683;S
20240405;102101;227.15;20;10041404684;S
20240405;102101;227.15;100;10041404685;S
20240405;102101;227.14;100;10041404686;S
20240405;102101;227.13;350;10041404687;S
20240405;102101;227.21;10;10041404697;B
20240405;102101;227.13;10;10041404703;S
20240405;102106;227.2;10;10041406364;B
20240405;102111;227.21;10;10041407679;B
20240405;102128;227.18;20;10041411471;B
20240405;102129;227.14;50;10041412150;S
20240405;102131;227.18;30;10041412629;B
20240405;102134;227.18;390;10041414633;B
20240405;102134;227.19;10;10041414634;B
20240405;102134;227.19;100;10041414635;B
20240405;102136;227.2;50;10041415188;B
20240405;102137;227.21;20;10041415222;B
20240405;102144;227.19;40;10041417805;S
20240405;102144;227.19;60;10041417806;S
20240405;102145;227.22;30;10041417901;B
20240405;102145;227.19;200;10041418009;S
20240405;102147;227.2;100;10041418586;S
20240405;102147;227.19;100;10041418587;S
20240405;102150;227.22;100;10041419829;B
20240405;102153;227.22;10;10041420827;B
20240405;102155;227.22;100;10041421228;B
20240405;102200;227.22;10;10041422418;B
20240405;102212;227.2;100;10041424522;S
20240405;102212;227.2;450;10041424523;S
20240405;102214;227.22;20;10041425100;B
20240405;102217;227.22;130;10041425455;B
20240405;102217;227.21;20;10041425482;S
20240405;102217;227.22;10;10041426617;B
20240405;102222;227.22;40;10041428197;B
20240405;102227;227.21;10;10041430301;S
20240405;102229;227.22;10;10041430506;B
20240405;102229;227.2;20;10041430661;S
20240405;102231;227.21;100;10041431087;S
20240405;102232;227.21;10;10041431165;B
20240405;102232;227.21;10;10041431186;B
20240405;102235;227.21;10;10041431890;B
20240405;102235;227.21;10;10041431906;B
20240405;102242;227.2;20;10041433686;S
20240405;102247;227.21;10;10041435109;B
20240405;102249;227.21;10;10041435346;B
20240405;102254;227.2;20;10041437352;S
20240405;102255;227.2;250;10041437987;S
20240405;102256;227.2;10;10041438067;S
20240405;102301;227.21;70;10041439741;B
20240405;102301;227.21;30;10041439742;B
20240405;102303;227.2;80;10041440818;S
20240405;102311;227.21;10;10041442620;B
20240405;102314;227.21;40;10041443077;B
20240405;102314;227.22;210;10041443078;B
20240405;102314;227.22;400;10041443126;B
20240405;102315;227.22;10;10041443185;B
20240405;102315;227.22;30;10041443206;B
20240405;102319;227.21;50;10041443738;S
20240405;102319;227.22;160;10041443741;B
20240405;102322;227.22;10;10041444114;B
20240405;102324;227.22;20;10041444643;B
20240405;102326;227.21;100;10041444967;S
20240405;102329;227.21;10;10041445975;S
20240405;102329;227.22;780;10041446044;B
20240405;102330;227.22;40;10041446267;B
20240405;102331;227.21;50;10041446797;S
20240405;102333;227.22;10;10041447735;B
20240405;102335;227.22;450;10041448059;B
20240405;102339;227.22;10;10041448587;B
20240405;102342;227.22;10;10041449107;B
20240405;102348;227.22;10;10041450943;B
20240405;102352;227.22;170;10041452746;B
20240405;102354;227.22;20;10041453108;B
20240405;102357;227.22;50;10041453512;B
20240405;102357;227.22;20;10041453529;B
20240405;102402;227.22;50;10041454609;B
20240405;102404;227.22;10;10041455640;B
20240405;102405;227.22;1020;10041455767;B
20240405;102405;227.24;30;10041455768;B
20240405;102406;227.3;10;10041455885;B
20240405;102408;227.3;20;10041456244;B
20240405;102413;227.27;20;10041457383;S
20240405;102414;227.3;10;10041457415;B
20240405;102414;227.26;10;10041457428;S
20240405;102422;227.3;10;10041459655;B
20240405;102425;227.27;50;10041460578;S
20240405;102429;227.3;10;10041460969;B
20240405;102429;227.3;30;10041460970;B
20240405;102429;227.31;10;10041460971;B
20240405;102429;227.35;40;10041460990;B
20240405;102429;227.35;40;10041460991;B
20240405;102429;227.35;60;10041460992;B
20240405;102429;227.35;40;10041460993;B
20240405;102429;227.36;70;10041460994;B
20240405;102433;227.32;240;10041461472;B
20240405;102433;227.33;100;10041461473;B
20240405;102433;227.37;30;10041461474;B
20240405;102433;227.38;270;10041461475;B
20240405;102433;227.39;670;10041461476;B
20240405;102433;227.32;100;10041461617;S
20240405;102433;227.32;100;10041461618;S
20240405;102439;227.35;30;10041462994;B
20240405;102439;227.35;10;10041463064;B
20240405;102444;227.35;100;10041464787;B
20240405;102447;227.35;50;10041465442;B
20240405;102455;227.35;20;10041467824;B
20240405;102455;227.36;20;10041467825;B
20240405;102455;227.35;10;10041467830;B
20240405;102502;227.35;10;10041468658;B
20240405;102503;227.3;30;10041468996;S
20240405;102505;227.29;60;10041469769;S
20240405;102505;227.29;40;10041469770;S
20240405;102508;227.35;10;10041470378;B
20240405;102509;227.36;10;10041470467;B
20240405;102514;227.36;10;10041472333;B
20240405;102515;227.36;10;10041472448;B
20240405;102515;227.35;10;10041472477;S
20240405;102516;227.36;300;10041472688;B
20240405;102524;227.36;10;10041474419;B
20240405;102527;227.36;10;10041475088;B
20240405;102530;227.35;30;10041475867;S
20240405;102531;227.36;10;10041476123;B
20240405;102532;227.36;1010;10041476211;B
20240405;102533;227.36;100;10041476421;B
20240405;102535;227.36;500;10041477127;B
20240405;102537;227.36;80;10041477282;B
20240405;102537;227.36;10;10041477283;B
20240405;102538;227.36;50;10041477936;B
20240405;102539;227.36;10;10041478022;B
20240405;102539;227.36;20;10041478023;B
20240405;102540;227.36;10;10041478631;B
20240405;102540;227.36;20;10041478690;B
20240405;102540;227.36;10;10041478691;B
20240405;102543;227.36;20;10041479006;B
20240405;102543;227.36;10;10041479007;B
20240405;102544;227.36;10;10041479080;B
20240405;102545;227.35;10;10041479630;S
20240405;102545;227.35;190;10041479631;S
20240405;102546;227.36;200;10041479748;B
20240405;102549;227.36;360;10041479992;B
20240405;102549;227.36;20;10041479993;B
20240405;102549;227.37;40;10041479994;B
20240405;102549;227.37;100;10041479995;S
20240405;102549;227.36;100;10041479996;S
20240405;102554;227.39;80;10041482280;B
20240405;102556;227.37;50;10041483302;S
20240405;102557;227.39;50;10041483446;B
20240405;102606;227.39;10;10041485347;B
20240405;102606;227.4;250;10041485348;B
20240405;102606;227.4;10;10041485349;B
20240405;102606;227.4;10;10041485350;B
20240405;102606;227.41;10;10041485420;B
20240405;102606;227.41;20;10041485421;B
20240405;102608;227.39;180;10041486177;S
20240405;102608;227.39;100;10041486178;S
20240405;102608;227.38;120;10041486179;S
20240405;102608;227.38;100;10041486361;S
20240405;102608;227.41;10;10041486589;B
20240405;102610;227.38;20;10041487184;S
20240405;102613;227.39;10;10041487834;S
20240405;102613;227.39;10;10041487942;S
20240405;102613;227.41;60;10041487943;B
20240405;102616;227.41;10;10041488583;B
20240405;102618;227.41;20;10041489832;B
20240405;102618;227.41;10;10041490648;B
20240405;102619;227.41;10;10041490890;B
20240405;102622;227.41;10;10041491868;B
20240405;102623;227.41;20;10041492137;B
20240405;102624;227.41;10;10041492686;B
20240405;102624;227.41;10;10041492734;B
20240405;102625;227.41;10;10041492953;B
20240405;102625;227.41;10;10041492976;B
20240405;102629;227.4;100;10041494336;S
20240405;102629;227.4;40;10041494337;S
20240405;102629;227.4;20;10041494338;S
20240405;102629;227.4;40;10041494339;S
20240405;102630;227.41;10;10041494761;B
20240405;102630;227.41;20;10041494762;B
20240405;102631;227.4;240;10041494929;S
20240405;102631;227.41;80;10041494970;B
20240405;102635;227.41;10;10041496366;B
20240405;102642;227.41;50;10041499582;B
20240405;102643;227.41;20;10041499857;B
20240405;102645;227.41;50;10041500784;B
20240405;102645;227.4;20;10041500916;S
20240405;102645;227.4;20;10041500917;S
20240405;102647;227.41;40;10041501554;B
20240405;102649;227.41;10;10041502289;B
20240405;102650;227.41;20;10041502912;B
20240405;102652;227.41;10;10041503426;B
20240405;102653;227.41;10;10041503581;B
20240405;102655;227.41;10;10041504074;B
20240405;102655;227.41;10;10041504214;B
20240405;102657;227.4;10;10041504914;S
20240405;102657;227.41;30;10041504948;B
20240405;102702;227.41;10;10041506301;B
20240405;102705;227.4;20;10041507240;S
20240405;102705;227.4;40;10041507241;S
20240405;102705;227.39;140;10041507242;S
20240405;102708;227.41;10;10041508143;B
20240405;102708;227.41;40;10041508148;B
20240405;102709;227.4;50;10041508183;S
20240405;102709;227.39;200;10041508184;S
20240405;102709;227.4;10;10041508185;B
20240405;102709;227.4;20;10041508186;B
20240405;102709;227.4;10;10041508268;B
20240405;102710;227.39;40;10041508496;S
20240405;102714;227.39;100;10041510301;S
20240405;102714;227.39;100;10041510302;S
20240405;102714;227.41;10;10041510405;B
20240405;102715;227.4;20;10041510629;B
20240405;102717;227.41;10;10041511111;B
20240405;102717;227.39;200;10041511251;S
20240405;102719;227.39;200;10041512042;S
20240405;102720;227.41;130;10041512135;B
20240405;102720;227.41;20;10041512136;B
20240405;102720;227.41;20;10041512137;B
20240405;102720;227.41;30;10041512138;B
20240405;102720;227.42;2800;10041512139;B
20240405;102721;227.41;130;10041512529;B
20240405;102721;227.42;510;10041512530;B
20240405;102730;227.42;430;10041515830;B
20240405;102733;227.42;500;10041517337;B
20240405;102734;227.42;50;10041517635;B
20240405;102738;227.42;50;10041519792;B
20240405;102740;227.4;40;10041520088;S
20240405;102740;227.39;60;10041520089;S
20240405;102747;227.39;30;10041521776;S
20240405;102751;227.4;70;10041522664;B
20240405;102751;227.39;100;10041522668;S
20240405;102753;227.37;10;10041522962;S
20240405;102804;227.4;10;10041525588;B
20240405;102804;227.37;40;10041525711;S
20240405;102804;227.37;80;10041525763;S
20240405;102804;227.37;10;10041525764;S
20240405;102804;227.37;410;10041525765;S
20240405;102804;227.36;10;10041525789;S
20240405;102804;227.36;130;10041525790;S
20240405;102804;227.35;140;10041525791;S
20240405;102805;227.4;20;10041525904;B
20240405;102814;227.37;10;10041527619;B
20240405;102818;227.37;20;10041528268;B
20240405;102822;227.37;10;10041529036;B
20240405;102822;227.36;20;10041529097;S
20240405;102822;227.36;130;10041529098;S
20240405;102822;227.35;160;10041529099;S
20240405;102831;227.33;230;10041530922;S
20240405;102833;227.35;10;10041531290;B
20240405;102833;227.35;10;10041531375;B
20240405;102841;227.35;250;10041532901;B
20240405;102842;227.33;150;10041533126;S
20240405;102844;227.33;100;10041533557;B
20240405;102844;227.34;70;10041533558;B
20240405;102845;227.35;420;10041533745;B
20240405;102845;227.36;90;10041533746;B
20240405;102845;227.36;130;10041533747;B
20240405;102845;227.37;20;10041533748;B
20240405;102845;227.39;280;10041533749;B
20240405;102845;227.4;80;10041533750;B
20240405;102845;227.4;40;10041533751;B
20240405;102845;227.41;930;10041533752;B
20240405;102845;227.41;530;10041533753;B
20240405;102845;227.42;4480;10041533754;B
20240405;102846;227.39;80;10041533960;S
20240405;102850;227.4;20;10041534892;S
20240405;102901;227.39;140;10041537567;S
20240405;102901;227.38;280;10041537568;S
20240405;102901;227.37;420;10041537569;S
20240405;102901;227.36;200;10041537570;S
20240405;102908;227.4;100;10041539241;S
20240405;102910;227.42;50;10041539861;B
20240405;102920;227.42;10;10041542263;B
20240405;102922;227.42;9260;10041542919;B
20240405;102922;227.42;1400;10041542920;B
20240405;102923;227.49;10;10041543036;B
20240405;102923;227.49;30;10041543039;B
20240405;102923;227.49;610;10041543140;B
20240405;102923;227.49;390;10041543141;B
20240405;102924;227.49;80;10041543284;B
20240405;102926;227.49;80;10041543932;B
20240405;102927;227.48;210;10041544312;S
20240405;102927;227.47;150;10041544313;S
20240405;102927;227.47;280;10041544314;S
20240405;102927;227.46;10;10041544315;S
20240405;102938;227.49;50;10041546865;B
20240405;102940;227.48;110;10041547341;S
20240405;102940;227.47;90;10041547342;S
20240405;102940;227.43;70;10041547548;S
20240405;102944;227.43;200;10041548495;S
20240405;102954;227.49;20;10041551256;B
20240405;102954;227.42;10;10041551276;S
20240405;102954;227.41;10;10041551277;S
20240405;102954;227.41;140;10041551278;S
20240405;102954;227.41;140;10041551279;S
20240405;103000;227.45;10;10041552673;B
20240405;103000;227.38;380;10041552697;S
20240405;103000;227.37;140;10041552698;S
20240405;103000;227.37;90;10041552699;S
20240405;103000;227.37;40;10041552700;S
20240405;103000;227.36;1600;10041552701;S
20240405;103000;227.36;280;10041552702;S
20240405;103000;227.35;70;10041552703;S
20240405;103011;227.39;20;10041554767;S
20240405;103016;227.44;10;10041555913;B
20240405;103019;227.48;30;10041556559;B
20240405;103024;227.48;10;10041557430;B
20240405;103026;227.44;40;10041557691;S
20240405;103031;227.49;10;10041558418;B
20240405;103040;227.42;10;10041560254;S
20240405;103041;227.45;20;10041560323;B
20240405;103049;227.45;10;10041561901;B
20240405;103050;227.45;110;10041562196;B
20240405;103050;227.39;10;10041562253;S
20240405;103051;227.45;10;10041562421;B
20240405;103052;227.45;90;10041562501;B
20240405;103052;227.46;130;10041562502;B
20240405;103052;227.47;80;10041562503;B
20240405;103052;227.48;50;10041562504;B
20240405;103052;227.48;110;10041562505;B
20240405;103052;227.49;10;10041562506;B
20240405;103052;227.49;30;10041562507;B
20240405;103052;227.49;180;10041562512;B
20240405;103052;227.5;40;10041562513;B
20240405;103052;227.5;50;10041562514;B
20240405;103052;227.51;230;10041562515;B
20240405;103057;227.5;40;10041563416;B
20240405;103057;227.51;70;10041563417;B
20240405;103057;227.54;10;10041563418;B
20240405;103057;227.55;390;10041563419;B
20240405;103057;227.55;200;10041563434;B
20240405;103101;227.55;410;10041564313;B
20240405;103101;227.57;130;10041564314;B
20240405;103101;227.59;10;10041564315;B
20240405;103101;227.6;100;10041564316;B
20240405;103101;227.6;100;10041564317;B
20240405;103101;227.6;250;10041564318;B
20240405;103103;227.6;900;10041564608;B
20240405;103103;227.6;100;10041564609;B
20240405;103104;227.6;10;10041564948;B
20240405;103116;227.6;1050;10041567202;B
20240405;103116;227.6;40;10041567203;B
20240405;103116;227.6;60;10041567204;B
20240405;103116;227.6;10;10041567205;B
20240405;103116;227.61;130;10041567206;B
20240405;103116;227.64;110;10041567207;B
20240405;103119;227.65;10;10041567862;B
20240405;103122;227.65;20;10041568370;B
20240405;103125;227.65;10;10041569163;B
20240405;103126;227.62;280;10041569209;S
20240405;103126;227.59;20;10041569210;S
20240405;103130;227.65;20;10041570175;B
20240405;103130;227.65;10;10041570181;B
20240405;103131;227.65;10;10041570406;B
20240405;103139;227.66;10;10041571769;B
20240405;103141;227.61;10;10041572134;S
20240405;103141;227.6;90;10041572135;S
20240405;103143;227.6;40;10041572359;S
20240405;103143;227.6;40;10041572430;S
20240405;103143;227.67;50;10041572479;B
20240405;103145;227.6;20;10041572749;S
20240405;103145;227.64;10;10041572759;B
20240405;103147;227.64;10;10041573063;B
20240405;103148;227.64;10;10041573282;B
20240405;103149;227.64;320;10041573547;B
20240405;103149;227.64;130;10041573548;B
20240405;103149;227.65;890;10041573549;B
20240405;103150;227.64;20;10041573712;B
20240405;103151;227.64;20;10041573837;B
20240405;103153;227.64;10;10041574182;B
20240405;103153;227.64;40;10041574207;B
20240405;103157;227.64;10;10041574876;B
20240405;103200;227.6;100;10041575531;S
20240405;103202;227.64;80;10041575776;B
20240405;103202;227.64;20;10041575777;B
20240405;103209;227.65;10;10041576977;B
20240405;103212;227.64;90;10041577461;B
20240405;103212;227.65;2100;10041577462;B
20240405;103212;227.66;130;10041577463;B
20240405;103212;227.67;1550;10041577464;B
20240405;103212;227.67;10;10041577465;B
20240405;103212;227.68;120;10041577466;B
20240405;103212;227.68;1000;10041577467;B
20240405;103213;227.68;10;10041577698;B
20240405;103215;227.68;10;10041578092;B
20240405;103220;227.68;10;10041579109;B
20240405;103221;227.68;50;10041579259;B
20240405;103226;227.66;20;10041580131;S
20240405;103226;227.66;80;10041580132;S
20240405;103227;227.68;10;10041580264;B
20240405;103227;227.68;60;10041580268;B
20240405;103232;227.65;100;10041580927;S
20240405;103232;227.65;130;10041580928;S
20240405;103233;227.68;200;10041581103;B
20240405;103233;227.68;100;10041581129;B
20240405;103236;227.68;430;10041581658;B
20240405;103238;227.68;210;10041581944;B
20240405;103241;227.68;10;10041582386;B
20240405;103241;227.68;30;10041582438;B
20240405;103242;227.68;200;10041582649;B
20240405;103243;227.68;10;10041582710;B
20240405;103245;227.68;10;10041583042;B
20240405;103246;227.68;1230;10041583115;B
20240405;103248;227.68;10;10041583499;B
20240405;103252;227.68;20;10041584075;B
20240405;103253;227.68;10;10041584354;B
20240405;103254;227.68;200;10041584399;B
20240405;103255;227.68;20;10041584623;B
20240405;103256;227.68;150;10041584738;B
20240405;103256;227.68;10;10041584778;B
20240405;103256;227.68;50;10041584779;B
20240405;103256;227.68;140;10041584780;B
20240405;103258;227.68;10;10041585144;B
20240405;103259;227.68;40;10041585410;B
20240405;103259;227.68;50;10041585411;B
20240405;103259;227.69;110;10041585412;B
20240405;103301;227.67;200;10041585734;S
20240405;103303;227.7;10;10041586067;B
20240405;103303;227.7;30;10041586068;B
20240405;103303;227.71;130;10041586069;B
20240405;103303;227.72;30;10041586070;B
20240405;103303;227.69;200;10041586085;S
20240405;103303;227.69;10;10041586136;S
20240405;103304;227.69;70;10041586246;S
20240405;103306;227.69;10;10041586517;B
20240405;103306;227.69;110;10041586521;B
20240405;103306;227.69;140;10041586548;B
20240405;103309;227.69;50;10041586881;B
20240405;103314;227.69;20;10041587547;B
20240405;103317;227.69;10;10041588184;B
20240405;103318;227.68;250;10041588301;S
20240405;103319;227.68;200;10041588529;S
20240405;103321;227.68;40;10041588843;S
20240405;103323;227.7;10;10041589093;B
20240405;103325;227.68;170;10041589546;S
20240405;103328;227.69;10;10041590184;B
20240405;103329;227.69;10;10041590217;B
20240405;103329;227.64;200;10041590376;S
20240405;103329;227.64;20;10041590377;S
20240405;103329;227.63;200;10041590378;S
20240405;103329;227.62;60;10041590379;S
20240405;103329;227.62;60;10041590380;S
20240405;103329;227.62;130;10041590381;S
20240405;103329;227.62;10;10041590382;S
20240405;103329;227.6;330;10041590383;S
20240405;103329;227.6;500;10041590384;S
20240405;103329;227.6;280;10041590385;S
20240405;103329;227.55;460;10041590386;S
20240405;103333;227.63;10;10041590986;B
20240405;103334;227.63;30;10041591238;B
20240405;103334;227.63;20;10041591239;B
20240405;103335;227.62;10;10041591379;B
20240405;103335;227.62;10;10041591427;B
20240405;103335;227.63;60;10041591428;B
20240405;103336;227.63;10;10041591711;B
20240405;103336;227.64;60;10041591712;B
20240405;103336;227.65;30;10041591713;B
20240405;103337;227.65;10;10041591903;B
20240405;103337;227.66;60;10041591904;B
20240405;103337;227.66;130;10041591905;B
20240405;103337;227.66;50;10041591906;B
20240405;103337;227.68;280;10041591907;B
20240405;103337;227.7;260;10041591908;B
20240405;103337;227.7;20;10041591909;B
20240405;103337;227.71;690;10041591910;B
20240405;103338;227.71;10;10041591933;B
20240405;103338;227.72;20;10041591941;B
20240405;103340;227.72;20;10041592542;B
20240405;103341;227.72;10;10041592690;B
20240405;103343;227.72;10;10041593017;B
20240405;103351;227.72;10;10041594703;B
20240405;103356;227.71;10;10041595948;B
20240405;103356;227.72;10;10041595949;B
20240405;103402;227.7;70;10041597215;B
20240405;103403;227.71;10;10041597299;B
20240405;103406;227.7;30;10041597868;B
20240405;103407;227.68;50;10041598171;S
20240405;103410;227.63;10;10041598715;S
20240405;103416;227.63;40;10041599718;S
20240405;103416;227.63;20;10041599719;S
20240405;103416;227.63;140;10041599720;S
20240405;103421;227.7;10;10041600541;B
20240405;103429;227.63;160;10041602036;S
20240405;103429;227.62;40;10041602037;S
20240405;103431;227.6;50;10041602411;S
20240405;103431;227.6;140;10041602412;S
20240405;103431;227.6;10;10041602413;S
20240405;103436;227.62;240;10041603111;B
20240405;103436;227.63;10;10041603112;B
20240405;103436;227.64;110;10041603113;B
20240405;103436;227.68;80;10041603114;B
20240405;103440;227.6;10;10041603784;S
20240405;103441;227.68;100;10041603995;B
20240405;103444;227.68;10;10041604465;B
20240405;103444;227.68;10;10041604466;B
20240405;103452;227.68;50;10041605696;B
20240405;103509;227.68;50;10041608129;B
20240405;103511;227.68;20;10041608389;S
20240405;103513;227.63;10;10041608689;S
20240405;103513;227.62;50;10041608690;S
20240405;103513;227.6;1400;10041608691;S
20240405;103518;227.61;20;10041609401;B
20240405;103522;227.6;250;10041609859;S
20240405;103523;227.61;10;10041610028;B
20240405;103524;227.6;1430;10041610141;S
20240405;103524;227.6;10;10041610142;S
20240405;103524;227.6;10;10041610143;S
20240405;103524;227.56;10;10041610242;S
20240405;103524;227.56;30;10041610243;S
20240405;103524;227.55;160;10041610244;S
20240405;103524;227.57;10;10041610290;B
20240405;103527;227.55;200;10041610681;S
20240405;103528;227.56;10;10041610710;B
20240405;103528;227.57;100;10041610733;B
20240405;103531;227.57;10;10041611183;B
20240405;103539;227.56;110;10041612009;B
20240405;103539;227.57;160;10041612010;B
20240405;103539;227.59;60;10041612011;B
20240405;103539;227.59;530;10041612012;B
20240405;103539;227.6;260;10041612013;B
20240405;103541;227.55;20;10041612337;S
20240405;103546;227.59;10;10041612944;B
20240405;103559;227.59;90;10041614484;B
20240405;103600;227.55;60;10041614598;S
20240405;103601;227.59;40;10041614679;B
20240405;103602;227.55;10;10041614838;S
20240405;103605;227.59;60;10041615211;B
20240405;103607;227.59;20;10041615378;B
20240405;103609;227.59;70;10041615595;B
20240405;103609;227.59;20;10041615596;B
20240405;103611;227.59;140;10041615866;B
20240405;103611;227.6;360;10041615867;B
20240405;103612;227.56;10;10041616068;S
20240405;103622;227.58;200;10041617654;S
20240405;103624;227.58;200;10041618046;S
20240405;103626;227.59;20;10041618439;B
20240405;103626;227.59;10;10041618592;B
20240405;103627;227.58;110;10041618641;S
20240405;103627;227.57;90;10041618642;S
20240405;103627;227.59;10;10041618654;B
20240405;103628;227.6;10;10041618952;B
20240405;103631;227.57;180;10041619811;S
20240405;103634;227.57;50;10041620602;B
20240405;103637;227.56;150;10041621081;S
20240405;103639;227.57;10;10041621656;B
20240405;103639;227.57;10;10041621657;B
20240405;103639;227.59;110;10041621658;B
20240405;103639;227.59;20;10041621659;B
20240405;103639;227.6;320;10041621660;B
20240405;103645;227.57;10;10041623105;S
20240405;103652;227.59;50;10041624562;B
20240405;103655;227.57;120;10041625219;S
20240405;103655;227.57;80;10041625220;S
20240405;103657;227.57;20;10041625702;S
20240405;103709;227.59;80;10041627940;B
20240405;103712;227.59;50;10041628419;B
20240405;103713;227.57;50;10041628520;S
20240405;103713;227.57;10;10041628521;S
20240405;103713;227.57;140;10041628522;S
20240405;103715;227.57;140;10041628831;S
20240405;103715;227.56;60;10041628832;S
20240405;103715;227.56;10;10041628888;S
20240405;103715;227.56;60;10041628965;S
20240405;103717;227.56;200;10041629220;S
20240405;103717;227.56;1420;10041629256;S
20240405;103719;227.57;10;10041629612;B
20240405;103724;227.56;110;10041631640;S
20240405;103729;227.58;50;10041632171;B
20240405;103736;227.56;30;10041633028;S
20240405;103739;227.58;110;10041633248;B
20240405;103739;227.58;10;10041633249;B
20240405;103739;227.58;10;10041633250;B
20240405;103739;227.59;430;10041633251;B
20240405;103739;227.6;140;10041633252;B
20240405;103739;227.56;10;10041633489;S
20240405;103740;227.59;10;10041633527;B
20240405;103746;227.58;80;10041634500;B
20240405;103747;227.56;200;10041634532;S
20240405;103753;227.56;200;10041635319;S
20240405;103800;227.56;10;10041636177;S
20240405;103802;227.56;20;10041636488;S
20240405;103803;227.57;40;10041636606;B
20240405;103803;227.56;30;10041636619;S
20240405;103809;227.57;180;10041637539;B
20240405;103810;227.57;10;10041637650;B
20240405;103812;227.57;520;10041637878;B
20240405;103812;227.57;120;10041637879;B
20240405;103812;227.57;10;10041637880;B
20240405;103812;227.57;10;10041637881;B
20240405;103815;227.6;60;10041638167;B
20240405;103815;227.62;40;10041638168;B
20240405;103815;227.62;460;10041638208;B
20240405;103815;227.62;500;10041638209;B
20240405;103815;227.62;10;10041638210;B
20240405;103815;227.62;120;10041638211;B
20240405;103815;227.63;18090;10041638212;B
20240405;103815;227.63;10;10041638213;B
20240405;103816;227.66;280;10041638293;S
20240405;103816;227.65;120;10041638294;S
20240405;103816;227.64;530;10041638295;S
20240405;103816;227.64;890;10041638296;S
20240405;103816;227.63;4180;10041638297;S
20240405;103816;227.65;280;10041638353;S
20240405;103816;227.63;220;10041638354;S
20240405;103819;227.66;140;10041638574;S
20240405;103822;227.69;20;10041638896;B
20240405;103827;227.66;10;10041639328;S
20240405;103827;227.68;110;10041639345;B
20240405;103829;227.68;10;10041639497;B
20240405;103829;227.68;20;10041639518;B
20240405;103831;227.66;150;10041639802;S
20240405;103833;227.64;10;10041640031;S
20240405;103836;227.63;5000;10041640341;S
20240405;103837;227.66;50;10041640385;B
20240405;103837;227.66;30;10041640448;B
20240405;103837;227.66;10;10041640449;B
20240405;103839;227.66;10;10041640583;B
20240405;103839;227.67;120;10041640584;B
20240405;103839;227.68;500;10041640585;B
20240405;103839;227.68;890;10041640586;B
20240405;103839;227.68;280;10041640587;B
20240405;103839;227.69;30;10041640588;B
20240405;103839;227.69;450;10041640589;B
20240405;103839;227.7;20;10041640590;B
20240405;103839;227.7;100;10041640591;B
20240405;103839;227.7;2500;10041640592;B
20240405;103839;227.72;290;10041640593;B
20240405;103839;227.72;50;10041640594;B
20240405;103839;227.72;10;10041640595;B
20240405;103839;227.72;210;10041640596;B
20240405;103839;227.73;4130;10041640597;B
20240405;103839;227.73;10;10041640707;B
20240405;103840;227.73;10;10041640801;B
20240405;103842;227.73;50;10041640965;B
20240405;103842;227.67;10;10041640979;S
20240405;103845;227.73;10;10041641517;B
20240405;103855;227.73;60;10041643122;B
20240405;103856;227.72;10;10041643282;B
20240405;103856;227.72;20;10041643303;B
20240405;103900;227.72;10;10041643896;B
20240405;103902;227.69;10;10041644090;S
20240405;103903;227.69;200;10041644113;S
20240405;103903;227.72;10;10041644120;B
20240405;103903;227.72;70;10041644121;B
20240405;103909;227.73;160;10041644948;B
20240405;103923;227.69;10;10041647112;B
20240405;103926;227.69;120;10041647732;B
20240405;103926;227.69;210;10041647733;B
20240405;103926;227.7;700;10041647734;B
20240405;103926;227.73;570;10041647735;B
20240405;103926;227.73;80;10041647736;B
20240405;103926;227.73;280;10041647737;B
20240405;103926;227.75;1500;10041647738;B
20240405;103926;227.75;10;10041647739;B
20240405;103926;227.75;10;10041647740;B
20240405;103926;227.75;790;10041647741;B
20240405;103926;227.76;1500;10041647742;B
20240405;103926;227.76;200;10041647743;B
20240405;103926;227.77;530;10041647744;B
20240405;103927;227.73;360;10041648009;S
20240405;103927;227.72;140;10041648010;S
20240405;103932;227.76;30;10041648903;B
20240405;103939;227.74;80;10041650251;B
20240405;103939;227.76;120;10041650252;B
20240405;103939;227.77;970;10041650253;B
20240405;103939;227.77;20;10041650254;B
20240405;103939;227.77;60;10041650255;B
20240405;103939;227.77;30;10041650256;B
20240405;103939;227.78;830;10041650257;B
20240405;103944;227.75;40;10041651155;S
20240405;103944;227.74;120;10041651156;S
20240405;103944;227.73;180;10041651157;S
20240405;103944;227.72;300;10041651158;S
20240405;103944;227.72;280;10041651159;S
20240405;103944;227.7;70;10041651160;S
20240405;103944;227.7;60;10041651161;S
20240405;103944;227.77;40;10041651267;B
20240405;103946;227.75;40;10041651732;B
20240405;103947;227.75;40;10041651980;B
20240405;103951;227.75;290;10041652773;B
20240405;103951;227.76;500;10041652774;B
20240405;103951;227.76;280;10041652775;B
20240405;103951;227.76;120;10041652776;B
20240405;103951;227.77;100;10041652777;B
20240405;103959;227.69;10;10041654355;S
20240405;103959;227.77;10;10041654370;B
20240405;104000;227.69;10;10041654518;S
20240405;104002;227.77;10;10041654894;B
20240405;104003;227.77;40;10041655068;B
20240405;104003;227.77;190;10041655069;B
20240405;104003;227.77;120;10041655070;B
20240405;104008;227.78;10;10041656006;B
20240405;104009;227.78;660;10041656087;B
20240405;104009;227.78;200;10041656088;B
20240405;104011;227.78;10;10041656391;B
20240405;104012;227.78;70;10041656507;B
20240405;104013;227.77;450;10041656599;S
20240405;104013;227.78;100;10041656620;B
20240405;104014;227.78;10;10041656684;B
20240405;104018;227.78;10;10041657314;B
20240405;104018;227.78;250;10041657340;B
20240405;104018;227.78;60;10041657341;B
20240405;104020;227.78;20;10041657485;B
20240405;104022;227.78;250;10041657875;B
20240405;104025;227.77;10;10041658259;S
20240405;104026;227.78;320;10041658304;B
20240405;104026;227.78;10;10041658305;B
20240405;104026;227.78;110;10041658306;B
20240405;104031;227.78;10;10041659063;B
20240405;104031;227.77;240;10041659085;S
20240405;104034;227.77;200;10041659767;S
20240405;104039;227.78;490;10041660391;B
20240405;104039;227.78;50;10041660392;B
20240405;104039;227.79;100;10041660393;B
20240405;104040;227.79;10;10041660498;B
20240405;104041;227.79;10;10041660612;B
20240405;104041;227.79;10;10041660649;B
20240405;104045;227.77;10;10041660940;S
20240405;104048;227.79;870;10041661101;B
20240405;104048;227.79;210;10041661102;B
20240405;104050;227.78;40;10041661553;B
20240405;104051;227.78;10;10041661855;B
20240405;104053;227.77;200;10041662031;S
20240405;104053;227.77;40;10041662102;S
20240405;104055;227.78;10;10041662238;B
20240405;104057;227.78;100;10041662526;B
20240405;104058;227.78;20;10041662568;B
20240405;104058;227.78;10;10041662583;B
20240405;104102;227.77;520;10041663201;S
20240405;104106;227.78;210;10041663561;B
20240405;104106;227.78;120;10041663562;B
20240405;104106;227.78;670;10041663563;B
20240405;104108;227.78;10;10041663820;B
20240405;104109;227.78;310;10041663885;B
20240405;104109;227.78;610;10041663886;B
20240405;104111;227.77;250;10041664047;S
20240405;104113;227.78;970;10041664355;B
20240405;104116;227.77;10;10041664615;S
20240405;104117;227.77;200;10041664766;S
20240405;104121;227.78;150;10041665349;B
20240405;104123;227.78;10;10041665527;B
20240405;104127;227.77;200;10041666024;S
20240405;104127;227.77;20;10041666025;S
20240405;104128;227.78;400;10041666179;B
20240405;104129;227.77;10;10041666308;S
20240405;104129;227.77;200;10041666321;S
20240405;104129;227.78;10;10041666356;B
20240405;104134;227.78;250;10041666886;B
20240405;104136;227.77;80;10041667126;S
20240405;104137;227.77;10;10041667139;S
20240405;104137;227.74;10;10041667140;S
20240405;104138;227.77;10;10041667270;B
20240405;104139;227.77;90;10041667422;B
20240405;104139;227.78;100;10041667423;B
20240405;104139;227.78;650;10041667424;B
20240405;104142;227.77;10;10041667702;B
20240405;104150;227.77;40;10041668701;B
20240405;104150;227.77;120;10041668702;B
20240405;104153;227.77;200;10041669195;S
20240405;104156;227.77;240;10041669502;S
20240405;104156;227.76;120;10041669503;S
20240405;104156;227.73;140;10041669504;S
20240405;104204;227.77;10;10041670469;B
20240405;104208;227.77;10;10041670823;B
20240405;104208;227.77;10;10041670824;B
20240405;104208;227.73;10;10041670875;S
20240405;104208;227.72;10;10041670876;S
20240405;104209;227.77;20;10041670925;B
20240405;104209;227.78;250;10041670926;B
20240405;104217;227.77;10;10041671623;B
20240405;104217;227.77;20;10041671624;B
20240405;104220;227.73;10;10041671912;S
20240405;104228;227.78;150;10041673429;B
20240405;104231;227.77;10;10041674305;S
20240405;104237;227.77;20;10041675665;B
20240405;104239;227.77;70;10041676184;B
20240405;104240;227.74;10;10041676416;S
20240405;104240;227.77;30;10041676446;B
20240405;104241;227.74;10;10041676703;S
20240405;104243;227.77;70;10041677168;B
20240405;104245;227.77;10;10041677607;B
20240405;104245;227.74;20;10041677726;S
20240405;104247;227.74;10;10041678129;S
20240405;104301;227.77;10;10041681156;B
20240405;104307;227.77;10;10041682515;B
20240405;104309;227.77;10;10041683124;B
20240405;104309;227.77;40;10041683125;B
20240405;104310;227.75;150;10041683448;S
20240405;104318;227.77;10;10041685117;B
20240405;104318;227.78;90;10041685118;B
20240405;104322;227.75;10;10041686183;S
20240405;104325;227.74;430;10041686722;S
20240405;104327;227.74;120;10041686930;S
20240405;104337;227.75;10;10041688195;B
20240405;104339;227.75;120;10041688424;B
20240405;104339;227.75;120;10041688425;B
20240405;104339;227.75;10;10041688426;B
20240405;104344;227.77;40;10041689147;B
20240405;104348;227.77;40;10041689607;B
20240405;104348;227.77;120;10041689608;B
20240405;104348;227.78;840;10041689609;B
20240405;104350;227.77;10;10041689741;B
20240405;104354;227.75;10;10041690068;S
20240405;104354;227.74;10;10041690069;S
20240405;104354;227.74;270;10041690131;S
20240405;104356;227.74;40;10041690282;S
20240405;104359;227.74;70;10041690543;S
20240405;104359;227.74;30;10041690544;S
20240405;104359;227.73;30;10041690545;S
20240405;104359;227.73;30;10041690546;S
20240405;104359;227.71;40;10041690547;S
20240405;104400;227.7;60;10041690679;S
20240405;104400;227.75;40;10041690733;B
20240405;104405;227.74;10;10041691148;B
20240405;104409;227.73;140;10041691487;B
20240405;104409;227.74;90;10041691488;B
20240405;104409;227.74;280;10041691489;B
20240405;104410;227.7;10;10041691676;S
20240405;104417;227.74;10;10041692265;B
20240405;104425;227.74;80;10041693343;B
20240405;104439;227.71;30;10041695378;B
20240405;104442;227.71;10;10041695741;B
20240405;104446;227.71;20;10041696311;B
20240405;104446;227.71;10;10041696337;B
20240405;104447;227.7;10;10041696413;S
20240405;104447;227.7;10;10041696414;S
20240405;104447;227.7;10;10041696415;S
20240405;104447;227.69;10;10041696416;S
20240405;104502;227.71;20;10041698055;B
20240405;104502;227.71;20;10041698118;B
20240405;104509;227.71;120;10041698974;B
20240405;104509;227.73;30;10041698975;B
20240405;104509;227.74;30;10041698989;B
20240405;104511;227.74;70;10041699250;B
20240405;104520;227.74;10;10041700202;B
20240405;104525;227.74;20;10041700678;B
20240405;104525;227.74;390;10041700679;B
20240405;104525;227.74;120;10041700680;B
20240405;104525;227.75;280;10041700765;S
20240405;104531;227.74;20;10041701613;S
20240405;104531;227.75;10;10041701616;B
20240405;104539;227.75;210;10041702489;B
20240405;104539;227.76;110;10041702490;B
20240405;104549;227.78;20;10041703572;B
20240405;104549;227.78;480;10041703573;B
20240405;104550;227.78;20;10041703661;B
20240405;104556;227.78;10;10041704215;B
20240405;104557;227.77;10;10041704242;S
20240405;104557;227.76;110;10041704243;S
20240405;104557;227.75;80;10041704244;S
20240405;104559;227.78;10;10041704459;B
20240405;104600;227.75;60;10041704646;S
20240405;104601;227.78;30;10041704790;B
20240405;104601;227.79;10;10041704791;B
20240405;104605;227.79;20;10041705108;B
20240405;104609;227.79;260;10041705463;B
20240405;104611;227.79;1000;10041705627;B
20240405;104611;227.79;200;10041705628;B
20240405;104611;227.79;990;10041705629;B
20240405;104617;227.77;10;10041706207;S
20240405;104619;227.77;200;10041706384;S
20240405;104623;227.77;180;10041706649;S
20240405;104623;227.76;20;10041706650;S
20240405;104623;227.78;40;10041706778;B
20240405;104623;227.79;1750;10041706779;B
20240405;104623;227.79;80;10041706780;B
20240405;104623;227.79;110;10041706781;B
20240405;104623;227.79;20;10041706782;B
20240405;104627;227.79;10;10041707082;B
20240405;104628;227.76;100;10041707135;S
20240405;104635;227.76;10;10041707747;B
20240405;104637;227.76;20;10041707895;B
20240405;104639;227.76;210;10041708085;B
20240405;104639;227.76;10;10041708086;B
20240405;104639;227.77;110;10041708087;B
20240405;104639;227.79;1090;10041708088;B
20240405;104640;227.79;10;10041708219;B
20240405;104644;227.76;200;10041708542;S
20240405;104648;227.79;30;10041708941;B
20240405;104652;227.79;120;10041709408;B
20240405;104652;227.75;40;10041709609;S
20240405;104652;227.74;10;10041709610;S
20240405;104657;227.74;80;10041710268;S
20240405;104701;227.74;200;10041710616;S
20240405;104705;227.74;10;10041711461;S
20240405;104709;227.78;100;10041711772;B
20240405;104709;227.78;110;10041711773;B
20240405;104711;227.74;100;10041711966;S
20240405;104714;227.74;20;10041712207;S
20240405;104723;227.74;10;10041713056;S
20240405;104725;227.77;60;10041713235;B
20240405;104725;227.77;30;10041713236;B
20240405;104726;227.74;10;10041713314;S
20240405;104727;227.77;10;10041713390;B
20240405;104728;227.74;260;10041713489;S
20240405;104739;227.74;10;10041714538;B
20240405;104739;227.74;120;10041714568;B
20240405;104739;227.74;40;10041714569;B
20240405;104740;227.7;10;10041714610;S
20240405;104741;227.7;40;10041714675;S
20240405;104741;227.7;110;10041714676;S
20240405;104741;227.69;20;10041714677;S
20240405;104741;227.68;30;10041714678;S
20240405;104741;227.74;50;10041714712;B
20240405;104803;227.74;10;10041716492;B
20240405;104804;227.74;10;10041716599;B
20240405;104804;227.74;40;10041716600;B
20240405;104809;227.74;90;10041717040;B
20240405;104815;227.68;70;10041717538;S
20240405;104815;227.74;160;10041717553;B
20240405;104815;227.74;110;10041717554;B
20240405;104815;227.75;270;10041717555;B
20240405;104815;227.76;280;10041717556;B
20240405;104815;227.76;60;10041717557;B
20240405;104816;227.77;10;10041717622;B
20240405;104817;227.77;10;10041717736;B
20240405;104827;227.77;20;10041718432;B
20240405;104829;227.77;10;10041718591;B
20240405;104832;227.76;120;10041718793;S
20240405;104839;227.75;110;10041719455;B
20240405;104839;227.76;110;10041719456;B
20240405;104839;227.77;120;10041719457;B
20240405;104848;227.71;110;10041720111;S
20240405;104848;227.7;90;10041720112;S
20240405;104903;227.76;10;10041721692;B
20240405;104903;227.76;80;10041721693;B
20240405;104903;227.77;270;10041721694;B
20240405;104903;227.77;110;10041721695;B
20240405;104903;227.78;30;10041721696;B
20240405;104909;227.77;10;10041722128;B
20240405;104909;227.78;20;10041722129;B
20240405;104909;227.78;110;10041722130;B
20240405;104909;227.79;70;10041722131;B
20240405;104912;227.73;10;10041722376;S
20240405;104913;227.73;200;10041722413;S
20240405;104917;227.79;10;10041722775;B
20240405;104917;227.79;10;10041722785;B
20240405;104923;227.79;10;10041723723;B
20240405;104928;227.79;30;10041724203;B
20240405;104933;227.79;10;10041724676;B
20240405;104938;227.79;20;10041725107;B
20240405;104939;227.79;90;10041725193;B
20240405;104942;227.79;10;10041725373;B
20240405;104948;227.79;30;10041725867;B
20240405;104953;227.79;10;10041726187;B
20240405;105001;227.71;110;10041726953;S
20240405;105001;227.7;90;10041726954;S
20240405;105009;227.69;60;10041727564;S
20240405;105009;227.69;60;10041727565;S
20240405;105009;227.68;160;10041727566;S
20240405;105009;227.68;320;10041727567;S
20240405;105009;227.67;150;10041727568;S
20240405;105009;227.67;280;10041727569;S
20240405;105009;227.67;60;10041727570;S
20240405;105009;227.75;70;10041727577;B
20240405;105010;227.75;10;10041727625;B
20240405;105011;227.75;70;10041727653;B
20240405;105016;227.75;40;10041727946;B
20240405;105023;227.67;60;10041728580;S
20240405;105029;227.67;30;10041729249;S
20240405;105031;227.67;120;10041729450;S
20240405;105031;227.66;80;10041729451;S
20240405;105031;227.74;10;10041729513;B
20240405;105035;227.66;210;10041729909;S
20240405;105039;227.69;240;10041730288;B
20240405;105039;227.7;110;10041730289;B
20240405;105039;227.7;10;10041730290;B
20240405;105039;227.7;160;10041730291;B
20240405;105040;227.73;50;10041730375;B
20240405;105047;227.72;100;10041730844;B
20240405;105050;227.72;10;10041731046;B
20240405;105106;227.72;100;10041732373;B
20240405;105106;227.72;100;10041732382;B
20240405;105106;227.73;110;10041732393;B
20240405;105106;227.74;300;10041732394;B
20240405;105106;227.75;60;10041732395;B
20240405;105106;227.75;30;10041732396;B
20240405;105106;227.79;100;10041732398;B
20240405;105106;227.79;100;10041732423;B
20240405;105106;227.79;60;10041732429;B
20240405;105107;227.79;100;10041732456;B
20240405;105107;227.79;100;10041732466;B
20240405;105107;227.79;100;10041732477;B
20240405;105107;227.79;100;10041732479;B
20240405;105107;227.79;40;10041732483;B
20240405;105107;227.79;10;10041732484;B
20240405;105107;227.79;10;10041732485;B
20240405;105108;227.79;50;10041732566;B
20240405;105108;227.79;50;10041732567;B
20240405;105108;227.78;70;10041732573;B
20240405;105108;227.73;100;10041732574;S
20240405;105108;227.79;100;10041732579;B
20240405;105108;227.79;100;10041732585;B
20240405;105108;227.79;100;10041732591;B
20240405;105109;227.79;100;10041732640;B
20240405;105109;227.79;100;10041732646;B
20240405;105109;227.79;100;10041732650;B
20240405;105109;227.79;100;10041732657;B
20240405;105109;227.79;250;10041732662;B
20240405;105109;227.79;70;10041732663;B
20240405;105109;227.79;100;10041732664;B
20240405;105109;227.8;10;10041732665;B
20240405;105109;227.8;300;10041732666;B
20240405;105109;227.79;60;10041732667;B
20240405;105111;227.79;10;10041732772;B
20240405;105119;227.79;100;10041733310;B
