<DATE>;<TIME>;<LAST>;<VOL>;<ID>;<OPER>
20240520;095949;238.42;30;10389905520;B
20240520;095949;238.42;10;10389905521;S
20240520;095949;238.42;10;10389905522;S
20240520;095949;238.42;10;10389905523;S
20240520;095949;238.42;20;10389905524;S
20240520;095949;238.42;20;10389905525;S
20240520;095949;238.42;10;10389905526;S
20240520;095949;238.42;50;10389905527;S
20240520;095949;238.42;10;10389905528;S
20240520;095949;238.42;10;10389905529;S
20240520;095949;238.42;10;10389905530;B
20240520;095949;238.42;10;10389905531;B
20240520;095949;238.42;10;10389905532;B
20240520;095949;238.42;10;10389905533;B
20240520;095949;238.42;10;10389905534;B
20240520;095949;238.42;50;10389905535;B
20240520;095949;238.42;10;10389905536;B
20240520;095949;238.42;10;10389905537;B
20240520;095949;238.42;10;10389905538;B
20240520;095949;238.42;10;10389905539;B
20240520;095949;238.42;10;10389905540;B
20240520;095949;238.42;10;10389905541;B
20240520;095949;238.42;10;10389905542;B
20240520;095949;238.42;10;10389905543;B
20240520;095949;238.42;10;10389905544;B
20240520;095949;238.42;10;10389905545;B
20240520;095949;238.42;100;10389905546;S
20240520;095949;238.42;10;10389905547;S
20240520;095949;238.42;10;10389905548;S
20240520;095949;238.42;20;10389905549;S
20240520;095949;238.42;10;10389905550;S
20240520;095949;238.42;10;10389905551;B
20240520;095949;238.42;240;10389905552;B
20240520;095949;238.42;450;10389905553;B
20240520;095949;238.42;10;10389905554;B
20240520;095949;238.42;70;10389905555;S
20240520;095949;238.42;10;10389905556;B
20240520;095949;238.42;100;10389905557;B
20240520;095949;238.42;10;10389905558;B
20240520;095949;238.42;10;10389905559;B
20240520;095949;238.42;840;10389905560;B
20240520;095949;238.42;20;10389905561;B
20240520;095949;238.42;40;10389905562;B
20240520;095949;238.42;1960;10389905563;B
20240520;100001;238.41;100;10389910427;B
20240520;100001;238.41;200;10389910432;B
20240520;100001;238.35;10;10389910480;B
20240520;100001;238.41;10;10389910581;B
20240520;100001;238.35;60;10389910601;S
20240520;100001;238.35;10;10389910632;S
20240520;100001;238.35;20;10389910842;S
20240520;100001;238.35;20;10389911168;B
20240520;100001;238.35;10;10389911470;S
20240520;100002;238.41;50;10389911723;B
20240520;100002;238.41;20;10389911724;S
20240520;100002;238.18;10;10389912058;S
20240520;100002;238.41;10;10389912094;B
20240520;100002;238.42;90;10389912095;B
20240520;100002;238.21;60;10389912522;S
20240520;100003;238.4;20;10389913203;B
20240520;100004;238.4;10;10389913952;B
20240520;100004;238.27;10;10389914183;S
20240520;100004;238.4;10;10389914593;B
20240520;100004;238.27;10;10389914603;S
20240520;100004;238.25;10;10389914604;S
20240520;100004;238.26;10;10389914630;S
20240520;100004;238.4;10;10389914670;B
20240520;100004;238.4;10;10389914681;B
20240520;100004;238.4;60;10389914908;B
20240520;100004;238.41;40;10389914909;B
20240520;100004;238.4;60;10389915113;B
20240520;100004;238.41;20;10389915114;B
20240520;100004;238.41;80;10389915115;B
20240520;100004;238.41;50;10389915116;B
20240520;100004;238.42;440;10389915117;B
20240520;100005;238.41;10;10389915145;B
20240520;100005;238.42;10;10389915146;B
20240520;100005;238.42;40;10389915163;B
20240520;100005;238.42;60;10389915169;B
20240520;100005;238.42;10;10389915170;B
20240520;100005;238.42;10;10389915171;B
20240520;100005;238.42;10;10389915172;B
20240520;100005;238.43;50;10389915173;B
20240520;100005;238.44;10;10389915174;B
20240520;100005;238.5;10;10389915175;B
20240520;100005;238.5;10;10389915176;B
20240520;100005;238.55;60;10389915177;B
20240520;100005;238.56;20;10389915178;B
20240520;100005;238.4;10;10389915223;B
20240520;100005;238.63;20;10389915227;B
20240520;100005;238.26;10;10389915237;S
20240520;100005;238.63;10;10389915243;B
20240520;100005;238.43;10;10389915713;S
20240520;100005;238.62;10;10389916188;B
20240520;100005;238.51;20;10389916213;S
20240520;100005;238.51;10;10389916224;S
20240520;100005;238.51;10;10389916511;S
20240520;100005;238.64;10;10389916594;B
20240520;100005;238.64;10;10389916603;B
20240520;100005;238.51;20;10389916613;S
20240520;100005;238.64;10;10389916614;B
20240520;100005;238.51;10;10389916628;S
20240520;100005;238.64;10;10389916636;B
20240520;100005;238.63;10;10389916670;B
20240520;100005;238.61;20;10389917791;S
20240520;100005;238.61;30;10389917826;S
20240520;100005;238.68;10;10389918340;B
20240520;100005;238.69;10;10389918350;B
20240520;100005;238.61;10;10389918378;S
20240520;100005;238.69;10;10389918392;B
20240520;100005;238.69;100;10389918395;B
20240520;100005;238.7;300;10389918396;B
20240520;100005;238.71;50;10389918397;B
20240520;100005;238.75;720;10389918398;B
20240520;100005;238.75;10;10389918506;B
20240520;100006;238.76;10;10389918660;B
20240520;100006;238.78;730;10389918661;B
20240520;100006;238.78;750;10389918662;B
20240520;100006;238.79;50;10389918663;B
20240520;100006;238.81;140;10389918664;B
20240520;100006;238.81;200;10389918665;B
20240520;100006;238.82;250;10389918666;B
20240520;100006;238.63;60;10389919211;S
20240520;100006;238.63;30;10389919212;S
20240520;100006;238.81;10;10389919221;B
20240520;100006;238.8;10;10389919234;B
20240520;100006;238.8;10;10389919453;B
20240520;100006;238.8;10;10389919462;B
20240520;100006;238.63;10;10389919467;S
20240520;100006;238.8;10;10389919492;B
20240520;100006;238.8;10;10389919493;B
20240520;100006;238.63;10;10389919494;S
20240520;100006;238.8;10;10389919495;B
20240520;100006;238.63;10;10389920085;S
20240520;100006;238.81;10;10389920461;B
20240520;100006;238.81;10;10389920462;B
20240520;100006;238.81;100;10389920463;B
20240520;100006;238.81;60;10389920464;B
20240520;100006;238.64;50;10389920761;S
20240520;100006;238.8;10;10389920807;B
20240520;100007;238.82;10;10389920983;B
20240520;100007;238.82;10;10389920988;B
20240520;100007;238.82;20;10389920993;B
20240520;100007;238.64;10;10389921522;S
20240520;100007;238.82;40;10389921523;B
20240520;100007;238.82;20;10389921794;B
20240520;100007;238.82;10;10389921798;B
20240520;100007;238.82;10;10389921805;B
20240520;100007;238.82;10;10389921857;B
20240520;100007;238.82;10;10389921862;B
20240520;100007;238.82;10;10389921867;B
20240520;100008;238.82;10;10389923165;B
20240520;100008;238.64;10;10389923181;S
20240520;100008;238.64;10;10389924108;S
20240520;100008;238.81;10;10389924364;B
20240520;100008;238.82;20;10389924373;B
20240520;100008;238.82;60;10389924374;B
20240520;100008;238.82;10;10389924381;B
20240520;100008;238.82;10;10389924388;B
20240520;100008;238.82;10;10389924395;B
20240520;100008;238.82;60;10389924396;B
20240520;100008;238.83;100;10389924397;B
20240520;100008;238.64;20;10389924403;S
20240520;100008;238.82;30;10389924602;B
20240520;100008;238.64;40;10389924608;S
20240520;100008;238.64;10;10389924609;S
20240520;100008;238.64;10;10389924616;S
20240520;100008;238.82;30;10389924622;B
20240520;100008;238.83;10;10389924623;B
20240520;100008;238.83;10;10389924628;B
20240520;100008;238.66;60;10389924638;S
20240520;100008;238.65;60;10389924639;S
20240520;100008;238.64;40;10389924640;S
20240520;100008;238.62;130;10389924641;S
20240520;100008;238.81;10;10389924868;B
20240520;100008;238.81;10;10389924874;B
20240520;100008;238.63;20;10389924947;S
20240520;100008;238.63;20;10389925131;S
20240520;100008;238.81;10;10389925177;B
20240520;100008;238.81;10;10389925209;B
20240520;100009;238.81;10;10389925978;B
20240520;100009;238.81;10;10389925986;B
20240520;100009;238.63;10;10389925995;S
20240520;100009;238.82;30;10389926002;B
20240520;100009;238.63;10;10389926011;S
20240520;100009;238.82;10;10389926017;B
20240520;100009;238.82;10;10389927039;B
20240520;100009;238.82;10;10389927042;B
20240520;100009;238.82;10;10389927046;B
20240520;100010;238.63;60;10389927649;S
20240520;100010;238.62;10;10389927650;S
20240520;100010;238.64;20;10389928093;B
20240520;100011;238.64;10;10389928280;B
20240520;100011;238.64;30;10389928380;B
20240520;100011;238.62;10;10389928545;S
20240520;100011;238.64;30;10389928628;B
20240520;100011;238.64;30;10389928631;B
20240520;100012;238.62;20;10389929070;B
20240520;100012;238.61;620;10389929131;S
20240520;100019;238.61;320;10389931378;S
20240520;100019;238.54;10;10389931555;B
20240520;100023;238.54;10;10389932771;B
20240520;100024;238.54;10;10389933227;B
20240520;100025;238.53;30;10389933710;S
20240520;100025;238.52;60;10389933732;S
20240520;100025;238.51;30;10389933733;S
20240520;100025;238.5;70;10389933734;S
20240520;100025;238.5;10;10389933735;S
20240520;100025;238.47;200;10389933792;S
20240520;100025;238.48;10;10389933840;S
20240520;100027;238.54;30;10389934795;B
20240520;100027;238.55;60;10389934796;B
20240520;100027;238.55;60;10389934797;B
20240520;100027;238.59;150;10389934798;B
20240520;100029;238.48;10;10389935360;B
20240520;100029;238.47;10;10389935396;S
20240520;100029;238.47;310;10389935530;S
20240520;100033;238.48;90;10389936965;B
20240520;100033;238.48;280;10389936966;B
20240520;100033;238.59;510;10389936967;B
20240520;100033;238.59;750;10389936968;B
20240520;100033;238.62;60;10389936969;B
20240520;100033;238.71;250;10389936970;B
20240520;100033;238.73;60;10389936971;B
20240520;100033;238.5;50;10389937028;B
20240520;100033;238.51;40;10389937076;S
20240520;100033;238.52;80;10389937121;S
20240520;100033;238.52;60;10389937122;B
20240520;100034;238.52;40;10389937563;B
20240520;100035;238.71;60;10389937686;B
20240520;100035;238.72;60;10389937687;B
20240520;100035;238.73;150;10389937688;B
20240520;100035;238.54;10;10389937700;B
20240520;100035;238.54;10;10389937701;B
20240520;100036;238.49;60;10389938074;S
20240520;100036;238.49;60;10389938075;S
20240520;100036;238.49;10;10389938076;B
20240520;100036;238.49;10;10389938077;B
20240520;100040;238.49;10;10389939456;B
20240520;100043;238.49;10;10389940360;B
20240520;100048;238.48;290;10389942089;S
20240520;100048;238.47;480;10389942090;S
20240520;100048;238.45;230;10389942091;S
20240520;100048;238.48;10;10389942255;S
20240520;100048;238.45;10;10389942433;S
20240520;100050;238.45;140;10389943070;B
20240520;100050;238.51;60;10389943071;B
20240520;100050;238.56;20;10389943108;S
20240520;100050;238.47;60;10389943109;S
20240520;100050;238.47;60;10389943110;S
20240520;100050;238.46;10;10389943111;S
20240520;100053;238.49;280;10389943977;B
20240520;100054;238.71;20;10389944322;B
20240520;100056;238.72;60;10389944909;B
20240520;100056;238.73;60;10389944910;B
20240520;100056;238.76;10;10389944911;B
20240520;100056;238.76;510;10389944912;B
20240520;100056;238.77;1450;10389944913;B
20240520;100057;238.74;10;10389944982;B
20240520;100057;238.74;40;10389945276;B
20240520;100100;238.57;60;10389946241;S
20240520;100100;238.56;60;10389946242;S
20240520;100100;238.56;170;10389946243;S
20240520;100100;238.55;50;10389946244;S
20240520;100100;238.5;160;10389946245;S
20240520;100101;238.52;10;10389946595;S
20240520;100101;238.51;20;10389946596;S
20240520;100101;238.51;60;10389946597;S
20240520;100101;238.5;1360;10389946598;S
20240520;100101;238.5;30;10389946599;S
20240520;100101;238.5;510;10389946600;S
20240520;100101;238.49;740;10389946601;S
20240520;100101;238.47;20;10389946602;S
20240520;100101;238.47;300;10389946603;S
20240520;100101;238.46;750;10389946604;S
20240520;100101;238.46;1390;10389946605;S
20240520;100101;238.45;200;10389946606;S
20240520;100101;238.44;500;10389946607;S
20240520;100101;238.28;1520;10389946608;S
20240520;100101;238.17;60;10389946609;S
20240520;100101;238.15;4440;10389946610;S
20240520;100102;238.19;10;10389946732;S
20240520;100103;238.41;60;10389947055;B
20240520;100103;238.42;30;10389947056;B
20240520;100103;238.43;40;10389947057;B
20240520;100103;238.43;60;10389947058;B
20240520;100103;238.45;300;10389947059;B
20240520;100103;238.51;20;10389947060;B
20240520;100103;238.55;750;10389947061;B
20240520;100103;238.59;10;10389947062;B
20240520;100103;238.65;530;10389947063;B
20240520;100103;238.32;510;10389947186;S
20240520;100103;238.32;40;10389947187;S
20240520;100103;238.31;60;10389947188;S
20240520;100103;238.31;60;10389947189;S
20240520;100103;238.29;90;10389947190;S
20240520;100103;238.23;530;10389947191;S
20240520;100103;238.23;300;10389947192;S
20240520;100103;238.22;460;10389947193;S
20240520;100104;238.5;20;10389947379;B
20240520;100104;238.17;210;10389947450;S
20240520;100104;238.16;20;10389947451;S
20240520;100104;238.16;150;10389947452;S
20240520;100104;238.15;50;10389947453;S
20240520;100104;238.12;30;10389947454;S
20240520;100109;238.2;10;10389948860;B
20240520;100110;238.2;50;10389948975;B
20240520;100110;238.2;60;10389949248;B
20240520;100113;238.47;30;10389950273;B
20240520;100113;238.45;30;10389950343;B
20240520;100113;238.22;40;10389950401;S
20240520;100115;238.22;10;10389950773;S
20240520;100116;238.49;140;10389950813;S
20240520;100116;238.49;430;10389950814;S
20240520;100116;238.49;130;10389950815;S
20240520;100117;238.5;20;10389951127;B
20240520;100117;238.51;60;10389951128;B
20240520;100117;238.51;40;10389951129;B
20240520;100117;238.51;140;10389951130;B
20240520;100119;238.27;100;10389951537;B
20240520;100119;238.26;10;10389951538;S
20240520;100119;238.27;20;10389951569;B
20240520;100120;238.3;30;10389951726;B
20240520;100120;238.3;30;10389951727;B
20240520;100121;238.32;30;10389951823;S
20240520;100121;238.51;60;10389951826;B
20240520;100121;238.52;190;10389951827;B
20240520;100121;238.32;80;10389952000;B
20240520;100125;238.4;1000;10389952678;B
20240520;100125;238.41;50;10389952679;B
20240520;100125;238.44;60;10389952680;B
20240520;100125;238.48;30;10389952691;S
20240520;100126;238.65;100;10389953076;B
20240520;100127;238.64;100;10389953089;B
20240520;100128;238.63;10;10389953352;S
20240520;100132;238.56;60;10389954480;S
20240520;100132;238.55;30;10389954481;S
20240520;100134;238.52;10;10389954958;S
20240520;100135;238.49;140;10389955549;B
20240520;100138;238.48;100;10389956447;S
20240520;100138;238.48;100;10389956469;S
20240520;100138;238.52;190;10389956495;B
20240520;100138;238.64;740;10389956496;B
20240520;100138;238.5;100;10389956499;S
20240520;100138;238.5;100;10389956528;S
20240520;100138;238.5;100;10389956555;S
20240520;100138;238.49;60;10389956564;S
20240520;100138;238.49;40;10389956565;S
20240520;100138;238.49;20;10389956584;S
20240520;100138;238.48;100;10389956592;S
20240520;100138;238.48;100;10389956613;S
20240520;100138;238.5;60;10389956646;S
20240520;100138;238.5;40;10389956647;S
20240520;100148;238.52;10;10389958927;B
20240520;100151;238.46;510;10389959535;S
20240520;100151;238.45;890;10389959536;S
20240520;100151;238.42;10;10389959560;S
20240520;100155;238.45;970;10389960584;B
20240520;100157;238.45;10;10389960980;B
20240520;100159;238.42;40;10389961346;S
20240520;100204;238.42;1950;10389962726;S
20240520;100204;238.42;60;10389962727;S
20240520;100209;238.38;10;10389963836;B
20240520;100214;238.38;40;10389965086;B
20240520;100214;238.38;40;10389965087;B
20240520;100214;238.32;30;10389965095;S
20240520;100216;238.32;120;10389965794;S
20240520;100216;238.32;60;10389965795;S
20240520;100216;238.27;20;10389965926;S
20240520;100216;238.27;180;10389965927;S
20240520;100217;238.28;200;10389966146;S
20240520;100217;238.21;200;10389966435;S
20240520;100217;238.28;10;10389966529;B
20240520;100217;238.22;50;10389966551;S
20240520;100217;238.21;150;10389966552;S
20240520;100217;238.26;20;10389966670;B
20240520;100219;238.19;10;10389967028;S
20240520;100220;238.19;220;10389967284;B
20240520;100220;238.21;60;10389967285;B
20240520;100220;238.26;60;10389967286;B
20240520;100220;238.26;70;10389967287;B
20240520;100220;238.26;200;10389967288;B
20240520;100220;238.27;400;10389967289;B
20240520;100220;238.34;60;10389967290;B
20240520;100220;238.37;960;10389967291;B
20240520;100220;238.38;3030;10389967292;B
20240520;100220;238.37;60;10389967419;B
20240520;100223;238.27;10;10389967898;S
20240520;100223;238.37;10;10389967957;B
20240520;100229;238.29;10;10389969266;S
20240520;100231;238.26;60;10389969686;S
20240520;100231;238.26;70;10389969687;S
20240520;100233;238.26;100;10389970096;B
20240520;100233;238.26;10;10389970141;B
20240520;100234;238.26;40;10389970352;B
20240520;100234;238.33;200;10389970366;S
20240520;100235;238.38;10;10389970598;B
20240520;100235;238.39;40;10389970599;B
20240520;100236;238.31;20;10389970792;S
20240520;100236;238.31;180;10389970908;S
20240520;100236;238.31;40;10389970909;S
20240520;100236;238.3;1260;10389970910;S
20240520;100236;238.29;60;10389970911;S
20240520;100236;238.25;10;10389970912;S
20240520;100236;238.25;60;10389970913;S
20240520;100236;238.24;500;10389970914;S
20240520;100236;238.22;400;10389970915;S
20240520;100236;238.21;160;10389970916;S
20240520;100240;238.36;30;10389971737;B
20240520;100241;238.36;30;10389972021;B
20240520;100242;238.38;20;10389972234;B
20240520;100242;238.38;10;10389972302;B
20240520;100248;238.34;50;10389973405;B
20240520;100253;238.26;100;10389974468;B
20240520;100259;238.24;10;10389975451;B
20240520;100302;238.22;50;10389976066;B
20240520;100302;238.22;50;10389976118;B
20240520;100302;238.22;190;10389976119;B
20240520;100302;238.24;50;10389976120;B
20240520;100306;238.25;50;10389977060;S
20240520;100306;238.24;10;10389977061;S
20240520;100307;238.24;90;10389977147;S
20240520;100308;238.24;20;10389977403;S
20240520;100309;238.22;10;10389977484;S
20240520;100310;238.22;20;10389977920;B
20240520;100311;238.21;10;10389978062;S
20240520;100311;238.21;50;10389978063;S
20240520;100311;238.17;40;10389978064;S
20240520;100314;238.18;390;10389978732;B
20240520;100314;238.19;30;10389978733;B
20240520;100317;238.18;50;10389979190;B
20240520;100321;238.19;20;10389980201;S
20240520;100322;238.21;10;10389980521;S
20240520;100323;238.22;50;10389980697;B
20240520;100323;238.23;20;10389980802;B
20240520;100323;238.24;50;10389980803;B
20240520;100324;238.24;50;10389980810;B
20240520;100324;238.24;100;10389980811;B
20240520;100324;238.24;100;10389980812;B
20240520;100324;238.24;100;10389980813;B
20240520;100324;238.24;100;10389980814;B
20240520;100324;238.24;100;10389980815;B
20240520;100324;238.24;100;10389980816;B
20240520;100324;238.24;100;10389980817;B
20240520;100324;238.24;100;10389980818;B
20240520;100324;238.24;100;10389980819;B
20240520;100324;238.24;100;10389980820;B
20240520;100324;238.24;100;10389980821;B
20240520;100324;238.24;100;10389980822;B
20240520;100324;238.24;100;10389980823;B
20240520;100324;238.24;100;10389980824;B
20240520;100324;238.24;100;10389980825;B
20240520;100324;238.24;100;10389980826;B
20240520;100324;238.24;50;10389980887;B
20240520;100324;238.23;10;10389981032;S
20240520;100326;238.24;80;10389981406;B
20240520;100330;238.24;10;10389982015;B
20240520;100330;238.24;170;10389982103;B
20240520;100336;238.23;10;10389983209;S
20240520;100337;238.23;40;10389983434;S
20240520;100339;238.23;20;10389983831;S
20240520;100339;238.24;40;10389983952;B
20240520;100340;238.23;40;10389984162;S
20240520;100340;238.24;20;10389984494;B
20240520;100343;238.24;10;10389984831;B
20240520;100346;238.24;20;10389985574;B
20240520;100346;238.23;40;10389985763;S
20240520;100347;238.24;260;10389985880;B
20240520;100347;238.25;10;10389985881;B
20240520;100347;238.25;50;10389985882;B
20240520;100347;238.25;50;10389985883;B
20240520;100347;238.27;60;10389985884;B
20240520;100347;238.29;400;10389985885;B
20240520;100347;238.35;200;10389985886;B
20240520;100347;238.35;50;10389985887;B
20240520;100347;238.35;40;10389985888;B
20240520;100347;238.38;30;10389985889;S
20240520;100348;238.28;40;10389985932;S
20240520;100348;238.28;10;10389985933;B
20240520;100353;238.27;510;10389987201;S
20240520;100353;238.26;50;10389987202;S
20240520;100356;238.27;10;10389987740;S
20240520;100401;238.28;10;10389988939;S
20240520;100406;238.28;100;10389989818;S
20240520;100414;238.32;20;10389991453;B
20240520;100416;238.28;50;10389991810;S
20240520;100416;238.28;40;10389991811;S
20240520;100416;238.27;10;10389991812;S
20240520;100417;238.27;10;10389991897;S
20240520;100417;238.27;10;10389991898;S
20240520;100418;238.27;140;10389991995;B
20240520;100418;238.27;330;10389992029;B
20240520;100418;238.29;50;10389992030;B
20240520;100418;238.31;90;10389992031;B
20240520;100420;238.3;190;10389992374;S
20240520;100431;238.31;20;10389994454;B
20240520;100431;238.3;20;10389994468;S
20240520;100433;238.31;40;10389994760;B
20240520;100437;238.3;200;10389995665;S
20240520;100437;238.3;200;10389995724;S
20240520;100437;238.3;500;10389995755;S
20240520;100438;238.32;30;10389995838;B
20240520;100442;238.33;10;10389996596;B
20240520;100443;238.33;50;10389996853;B
20240520;100443;238.33;30;10389996854;B
20240520;100445;238.3;10;10389997185;S
20240520;100451;238.31;10;10389998306;B
20240520;100453;238.31;10;10389998802;B
20240520;100500;238.31;10;10390000269;B
20240520;100501;238.31;20;10390000403;B
20240520;100506;238.31;470;10390001599;B
20240520;100506;238.31;100;10390001600;B
20240520;100510;238.31;10;10390002386;B
20240520;100512;238.31;10;10390003015;S
20240520;100513;238.32;60;10390003222;B
20240520;100513;238.32;160;10390003223;B
20240520;100513;238.33;200;10390003224;B
20240520;100513;238.33;1710;10390003225;B
20240520;100515;238.31;10;10390003666;S
20240520;100519;238.32;10;10390004467;B
20240520;100522;238.31;10;10390005034;S
20240520;100524;238.31;10;10390005648;S
20240520;100525;238.31;120;10390005701;S
20240520;100525;238.31;60;10390005702;S
20240520;100525;238.3;420;10390005703;S
20240520;100527;238.31;60;10390006268;S
20240520;100527;238.3;100;10390006269;S
20240520;100527;238.3;1400;10390006356;S
20240520;100528;238.32;60;10390006384;B
20240520;100528;238.32;40;10390006385;B
20240520;100528;238.31;10;10390006451;B
20240520;100529;238.31;10;10390006683;B
20240520;100532;238.3;1460;10390007282;S
20240520;100532;238.3;70;10390007283;S
20240520;100532;238.3;10;10390007284;S
20240520;100532;238.3;10;10390007285;S
20240520;100532;238.26;30;10390007435;S
20240520;100532;238.26;1370;10390007436;S
20240520;100532;238.26;1590;10390007439;S
20240520;100532;238.26;480;10390007441;S
20240520;100532;238.26;440;10390007442;S
20240520;100536;238.27;20;10390008199;B
20240520;100538;238.27;80;10390008453;B
20240520;100538;238.26;10;10390008624;S
20240520;100542;238.26;310;10390009712;S
20240520;100542;238.26;20;10390009713;S
20240520;100542;238.26;40;10390009714;S
20240520;100542;238.26;10;10390009715;S
20240520;100542;238.24;60;10390009716;S
20240520;100544;238.25;10;10390010127;B
20240520;100545;238.24;10;10390010372;S
20240520;100545;238.25;360;10390010452;B
20240520;100545;238.25;400;10390010453;B
20240520;100545;238.25;530;10390010454;B
20240520;100545;238.26;60;10390010455;B
20240520;100545;238.31;10;10390010456;S
20240520;100545;238.31;10;10390010457;S
20240520;100546;238.31;10;10390010839;S
20240520;100548;238.32;100;10390011317;B
20240520;100548;238.31;10;10390011334;S
20240520;100548;238.32;20;10390011394;B
20240520;100553;238.32;390;10390012368;B
20240520;100553;238.32;60;10390012369;B
20240520;100553;238.33;840;10390012370;B
20240520;100556;238.31;160;10390013112;S
20240520;100558;238.32;20;10390013437;B
20240520;100602;238.32;340;10390014086;B
20240520;100602;238.33;160;10390014087;B
20240520;100607;238.33;20;10390014942;B
20240520;100608;238.32;10;10390015299;S
20240520;100610;238.32;380;10390015698;S
20240520;100610;238.32;30;10390015699;S
20240520;100612;238.33;10;10390016088;B
20240520;100615;238.33;260;10390016544;B
20240520;100615;238.33;200;10390016545;B
20240520;100615;238.33;60;10390016546;B
20240520;100615;238.33;170;10390016547;B
20240520;100615;238.36;10;10390016548;B
20240520;100615;238.37;80;10390016549;B
20240520;100615;238.38;150;10390016550;B
20240520;100618;238.32;110;10390017213;S
20240520;100621;238.37;20;10390017666;B
20240520;100626;238.38;70;10390018422;B
20240520;100626;238.39;10;10390018423;B
20240520;100626;238.39;510;10390018424;B
20240520;100626;238.39;40;10390018425;B
20240520;100626;238.39;30;10390018426;B
20240520;100626;238.4;340;10390018427;B
20240520;100626;238.33;580;10390018442;S
20240520;100626;238.32;20;10390018443;S
20240520;100631;238.32;30;10390019565;S
20240520;100636;238.37;10;10390020447;B
20240520;100639;238.32;50;10390020998;S
20240520;100640;238.39;30;10390021244;B
20240520;100644;238.32;300;10390021828;S
20240520;100645;238.32;350;10390022005;S
20240520;100645;238.31;100;10390022006;S
20240520;100650;238.38;70;10390022722;B
20240520;100650;238.38;30;10390022730;S
20240520;100650;238.38;200;10390022731;S
20240520;100650;238.36;70;10390022732;S
20240520;100650;238.33;40;10390022733;S
20240520;100650;238.33;40;10390022734;S
20240520;100652;238.33;10;10390023062;B
20240520;100655;238.31;10;10390023645;S
20240520;100701;238.33;40;10390025011;B
20240520;100702;238.32;10;10390025081;S
20240520;100702;238.33;10;10390025231;B
20240520;100703;238.31;230;10390025297;S
20240520;100703;238.33;360;10390025309;B
20240520;100703;238.33;50;10390025310;B
20240520;100703;238.33;200;10390025311;B
20240520;100703;238.34;70;10390025312;B
20240520;100703;238.39;10;10390025313;B
20240520;100703;238.39;510;10390025314;B
20240520;100703;238.4;650;10390025315;B
20240520;100703;238.42;400;10390025316;B
20240520;100703;238.44;60;10390025317;B
20240520;100703;238.44;160;10390025318;B
20240520;100703;238.44;850;10390025319;B
20240520;100703;238.45;480;10390025320;B
20240520;100703;238.45;100;10390025321;B
20240520;100703;238.46;100;10390025322;B
20240520;100703;238.46;10;10390025328;B
20240520;100715;238.45;20;10390027290;S
20240520;100715;238.39;70;10390027291;S
20240520;100715;238.38;70;10390027292;S
20240520;100715;238.36;60;10390027293;S
20240520;100715;238.34;1280;10390027294;S
20240520;100717;238.43;60;10390027840;B
20240520;100717;238.43;40;10390027841;B
20240520;100718;238.44;100;10390027845;B
20240520;100719;238.44;100;10390028185;B
20240520;100720;238.45;20;10390028674;B
20240520;100720;238.45;70;10390028675;B
20240520;100721;238.48;10;10390028905;B
20240520;100721;238.48;40;10390028911;B
20240520;100721;238.48;40;10390028912;B
20240520;100721;238.48;20;10390028913;B
20240520;100721;238.48;100;10390028915;B
20240520;100721;238.48;100;10390028916;B
20240520;100721;238.48;100;10390028917;B
20240520;100721;238.46;200;10390028926;S
20240520;100721;238.38;70;10390028929;S
20240520;100721;238.37;60;10390028930;S
20240520;100721;238.37;50;10390028931;S
20240520;100721;238.35;20;10390028932;S
20240520;100722;238.42;60;10390029234;B
20240520;100722;238.43;40;10390029235;B
20240520;100722;238.43;100;10390029236;B
20240520;100725;238.34;870;10390029839;S
20240520;100725;238.33;10;10390029840;S
20240520;100725;238.33;60;10390029841;S
20240520;100725;238.33;70;10390029842;S
20240520;100725;238.32;100;10390029843;S
20240520;100725;238.32;10;10390029844;S
20240520;100725;238.31;390;10390029845;S
20240520;100728;238.31;30;10390030247;S
20240520;100728;238.41;20;10390030260;B
20240520;100731;238.4;680;10390030884;B
20240520;100731;238.4;60;10390030885;B
20240520;100731;238.4;70;10390030886;B
20240520;100731;238.41;60;10390030887;B
20240520;100731;238.43;500;10390030888;B
20240520;100731;238.44;40;10390030889;B
20240520;100731;238.45;1160;10390030890;B
20240520;100731;238.45;850;10390030891;B
20240520;100731;238.45;510;10390030892;B
20240520;100731;238.46;800;10390030893;B
20240520;100731;238.46;400;10390030894;B
20240520;100731;238.47;200;10390030895;B
20240520;100731;238.49;10;10390030896;B
20240520;100731;238.5;100;10390030897;B
20240520;100731;238.5;640;10390030898;B
20240520;100731;238.5;620;10390030899;B
20240520;100731;238.5;10;10390030900;B
20240520;100731;238.52;100;10390030901;B
20240520;100731;238.55;590;10390030902;B
20240520;100746;238.43;10;10390033497;S
20240520;100746;238.43;10;10390033498;S
20240520;100749;238.55;40;10390034224;B
20240520;100749;238.56;70;10390034225;B
20240520;100749;238.57;90;10390034226;B
20240520;100754;238.43;10;10390034959;S
20240520;100755;238.47;60;10390035085;S
20240520;100755;238.47;70;10390035086;S
20240520;100755;238.46;70;10390035087;S
20240520;100755;238.45;470;10390035088;S
20240520;100757;238.58;60;10390035294;B
20240520;100757;238.58;70;10390035295;B
20240520;100757;238.59;60;10390035296;B
20240520;100757;238.59;80;10390035297;B
20240520;100757;238.59;430;10390035298;B
20240520;100757;238.61;40;10390035338;B
20240520;100757;238.62;10;10390035339;B
20240520;100800;238.52;200;10390035693;S
20240520;100802;238.52;180;10390036012;S
20240520;100805;238.6;10;10390036426;B
20240520;100809;238.6;40;10390037421;B
20240520;100809;238.62;70;10390037422;B
20240520;100809;238.62;10;10390037423;B
20240520;100809;238.62;10;10390037424;B
20240520;100809;238.62;380;10390037425;B
20240520;100809;238.63;490;10390037426;B
20240520;100809;238.63;30;10390037436;B
20240520;100813;238.6;10;10390037927;B
20240520;100816;238.46;10;10390038549;S
20240520;100816;238.58;10;10390038550;B
20240520;100822;238.45;10;10390039593;S
20240520;100824;238.45;10;10390039821;S
20240520;100829;238.52;40;10390040778;S
20240520;100831;238.58;60;10390041121;B
20240520;100831;238.59;850;10390041122;B
20240520;100831;238.59;510;10390041123;B
20240520;100831;238.6;990;10390041124;B
20240520;100831;238.6;190;10390041125;B
20240520;100838;238.6;70;10390041940;B
20240520;100838;238.6;340;10390041941;B
20240520;100838;238.6;60;10390041991;B
20240520;100847;238.59;10;10390043875;B
20240520;100848;238.6;2150;10390044179;B
20240520;100850;238.6;50;10390044425;B
20240520;100853;238.6;30;10390045306;B
20240520;100855;238.53;10;10390045581;S
20240520;100859;238.53;60;10390046352;S
20240520;100900;238.52;20;10390046547;S
20240520;100902;238.52;240;10390047032;S
20240520;100902;238.52;60;10390047033;S
20240520;100902;238.5;80;10390047034;S
20240520;100902;238.5;60;10390047035;S
20240520;100902;238.5;20;10390047036;S
20240520;100902;238.46;510;10390047037;S
20240520;100902;238.46;1480;10390047038;S
20240520;100911;238.58;10;10390048416;B
20240520;100920;238.5;10;10390050294;S
20240520;100920;238.49;500;10390050295;S
20240520;100920;238.49;70;10390050296;S
20240520;100920;238.47;70;10390050297;S
20240520;100925;238.5;100;10390051155;B
20240520;100925;238.5;100;10390051156;B
20240520;100925;238.5;100;10390051157;B
20240520;100925;238.5;100;10390051158;B
20240520;100925;238.5;100;10390051159;B
20240520;100925;238.5;100;10390051160;B
20240520;100925;238.5;20;10390051161;B
20240520;100926;238.53;70;10390051295;B
20240520;100927;238.55;10;10390051440;B
20240520;100927;238.54;50;10390051556;B
20240520;100929;238.47;10;10390051880;S
20240520;100929;238.46;20;10390051881;S
20240520;100931;238.53;10;10390052310;B
20240520;100934;238.5;50;10390052851;S
20240520;100934;238.47;10;10390052852;S
20240520;100934;238.46;70;10390052853;S
20240520;100934;238.45;20;10390052854;S
20240520;100934;238.45;350;10390052855;S
20240520;100935;238.47;100;10390053180;B
20240520;100935;238.47;100;10390053181;B
20240520;100935;238.47;100;10390053182;B
20240520;100935;238.47;100;10390053183;B
20240520;100935;238.47;100;10390053184;B
20240520;100935;238.47;100;10390053185;B
20240520;100935;238.47;100;10390053187;B
20240520;100935;238.47;100;10390053188;B
20240520;100935;238.47;100;10390053189;B
20240520;100935;238.47;100;10390053190;B
20240520;100935;238.47;100;10390053191;B
20240520;100935;238.47;100;10390053192;B
20240520;100935;238.47;100;10390053193;B
20240520;100935;238.47;100;10390053194;B
20240520;100935;238.47;100;10390053195;B
20240520;100935;238.47;100;10390053196;B
20240520;100935;238.47;100;10390053198;B
20240520;100935;238.47;100;10390053199;B
20240520;100935;238.47;100;10390053200;B
20240520;100935;238.47;100;10390053201;B
20240520;100935;238.47;100;10390053245;B
20240520;100951;238.54;30;10390056264;B
20240520;100952;238.53;10;10390056502;S
20240520;100952;238.53;40;10390056503;S
20240520;100959;238.53;760;10390057628;S
20240520;100959;238.53;100;10390057704;S
20240520;101000;238.53;10;10390057918;S
20240520;101004;238.54;10;10390059373;S
20240520;101005;238.55;60;10390059696;B
20240520;101005;238.55;20;10390059697;B
20240520;101007;238.58;20;10390060184;B
20240520;101008;238.56;70;10390060265;S
20240520;101008;238.55;230;10390060266;S
20240520;101010;238.58;10;10390060715;B
20240520;101011;238.58;10;10390060798;B
20240520;101011;238.58;510;10390060799;B
20240520;101011;238.59;480;10390060800;B
20240520;101016;238.56;10;10390061521;S
20240520;101023;238.58;20;10390063208;B
20240520;101026;238.58;310;10390063548;B
20240520;101028;238.58;510;10390063894;B
20240520;101028;238.59;490;10390063895;B
20240520;101030;238.58;10;10390064104;S
20240520;101030;238.59;20;10390064105;B
20240520;101039;238.6;20;10390065953;B
20240520;101043;238.6;10;10390066559;B
20240520;101043;238.6;30;10390066699;B
20240520;101047;238.6;10;10390067418;B
20240520;101048;238.58;40;10390067515;S
20240520;101048;238.58;10;10390067562;S
20240520;101051;238.58;20;10390068030;S
20240520;101053;238.57;100;10390068409;S
20240520;101059;238.58;80;10390069292;S
20240520;101059;238.57;40;10390069293;S
20240520;101100;238.59;10;10390069462;B
20240520;101100;238.59;40;10390069549;B
20240520;101100;238.6;1460;10390069550;B
20240520;101103;238.59;40;10390070273;B
20240520;101106;238.6;10;10390070789;B
20240520;101110;238.59;10;10390071444;S
20240520;101110;238.58;70;10390071445;S
20240520;101112;238.58;540;10390071814;B
20240520;101113;238.57;10;10390072100;S
20240520;101113;238.6;470;10390072182;B
20240520;101113;238.6;100;10390072183;B
20240520;101113;238.6;100;10390072184;B
20240520;101113;238.6;10;10390072185;B
20240520;101113;238.6;20;10390072186;B
20240520;101113;238.6;30;10390072187;B
20240520;101113;238.6;230;10390072188;B
20240520;101114;238.58;20;10390072282;S
20240520;101119;238.62;10;10390073090;B
20240520;101120;238.59;10;10390073375;S
20240520;101122;238.63;10;10390073740;B
20240520;101125;238.6;40;10390074152;S
20240520;101130;238.62;20;10390074990;B
20240520;101131;238.6;70;10390075067;S
20240520;101131;238.6;20;10390075068;S
20240520;101131;238.59;10;10390075069;S
20240520;101131;238.58;10;10390075070;S
20240520;101131;238.58;10;10390075071;S
20240520;101131;238.58;10;10390075072;S
20240520;101131;238.58;290;10390075073;S
20240520;101131;238.62;10;10390075146;B
20240520;101136;238.62;10;10390075878;B
20240520;101138;238.62;50;10390076408;B
20240520;101143;238.62;20;10390077014;B
20240520;101144;238.62;20;10390077281;B
20240520;101144;238.62;10;10390077349;B
20240520;101144;238.63;20;10390077350;B
20240520;101149;238.61;10;10390077936;S
20240520;101149;238.61;20;10390078097;S
20240520;101149;238.62;60;10390078098;B
20240520;101150;238.63;450;10390078233;B
20240520;101152;238.63;120;10390078500;B
20240520;101152;238.63;210;10390078501;B
20240520;101152;238.63;650;10390078502;B
20240520;101152;238.63;20;10390078503;B
20240520;101152;238.63;510;10390078504;B
20240520;101152;238.65;10;10390078505;B
20240520;101152;238.65;50;10390078506;B
20240520;101152;238.65;100;10390078507;B
20240520;101152;238.65;10;10390078508;B
20240520;101157;238.69;20;10390079213;S
20240520;101159;238.69;10;10390079518;B
20240520;101159;238.72;10;10390079519;B
20240520;101212;238.64;20;10390081572;S
20240520;101212;238.64;60;10390081573;S
20240520;101212;238.64;80;10390081574;B
20240520;101212;238.64;170;10390081575;B
20240520;101217;238.71;50;10390082318;B
20240520;101220;238.64;10;10390082792;S
20240520;101225;238.7;10;10390083881;B
20240520;101225;238.71;70;10390083882;B
20240520;101225;238.71;50;10390083883;B
20240520;101226;238.71;100;10390084155;S
20240520;101228;238.72;10;10390084512;B
20240520;101228;238.72;10;10390084514;S
20240520;101234;238.72;30;10390085514;S
20240520;101235;238.72;10;10390085752;S
20240520;101236;238.72;10;10390085969;S
20240520;101237;238.72;10;10390086215;S
20240520;101241;238.73;50;10390086759;B
20240520;101241;238.73;60;10390086760;B
20240520;101241;238.73;90;10390086761;B
20240520;101243;238.72;30;10390087023;S
20240520;101243;238.73;20;10390087025;B
20240520;101244;238.73;100;10390087181;B
20240520;101245;238.73;10;10390087374;B
20240520;101246;238.73;10;10390087491;B
20240520;101249;238.72;10;10390087894;S
20240520;101249;238.72;400;10390087919;S
20240520;101249;238.72;70;10390087920;S
20240520;101249;238.72;30;10390087921;S
20240520;101249;238.72;10;10390087965;S
20240520;101252;238.73;1270;10390088363;B
20240520;101252;238.73;10;10390088425;S
20240520;101253;238.75;10;10390088487;B
20240520;101253;238.77;50;10390088488;B
20240520;101259;238.78;50;10390089416;B
20240520;101304;238.78;10;10390090353;B
20240520;101304;238.74;10;10390090376;S
20240520;101306;238.74;10;10390091038;S
20240520;101310;238.78;10;10390091951;B
20240520;101314;238.74;10;10390092621;B
20240520;101314;238.78;1430;10390092672;B
20240520;101314;238.79;250;10390092673;B
20240520;101314;238.79;60;10390092674;B
20240520;101314;238.79;80;10390092675;B
20240520;101314;238.8;60;10390092676;B
20240520;101315;238.8;10;10390092729;S
20240520;101315;238.81;10;10390092752;B
20240520;101318;238.81;20;10390093207;B
20240520;101324;238.81;10;10390094179;B
20240520;101324;238.81;30;10390094180;B
20240520;101330;238.8;20;10390095441;S
20240520;101337;238.81;10;10390096469;B
20240520;101337;238.81;20;10390096470;B
20240520;101337;238.82;80;10390096471;B
20240520;101338;238.81;20;10390096621;B
20240520;101338;238.81;10;10390096649;B
20240520;101338;238.82;130;10390096650;B
20240520;101344;238.81;20;10390097478;B
20240520;101345;238.82;10;10390097859;B
20240520;101346;238.8;10;10390097995;S
20240520;101348;238.82;80;10390098339;B
20240520;101348;238.82;50;10390098340;B
20240520;101348;238.82;70;10390098341;B
20240520;101350;238.82;20;10390098657;B
20240520;101353;238.8;10;10390099412;S
20240520;101354;238.8;10;10390099721;S
20240520;101354;238.8;1000;10390099735;S
20240520;101355;238.83;10;10390100176;B
20240520;101359;238.8;10;10390101662;S
20240520;101405;238.81;20;10390103316;B
20240520;101406;238.8;10;10390103344;S
20240520;101408;238.81;10;10390104316;B
20240520;101408;238.81;10;10390104595;B
20240520;101409;238.81;20;10390104708;B
20240520;101409;238.81;10;10390104777;B
20240520;101409;238.81;20;10390104822;B
20240520;101409;238.81;10;10390105186;B
20240520;101410;238.8;40;10390105283;S
20240520;101413;238.81;90;10390105969;B
20240520;101413;238.82;10;10390105970;B
20240520;101413;238.82;400;10390105971;B
20240520;101414;238.81;150;10390106176;B
20240520;101414;238.82;70;10390106177;B
20240520;101414;238.83;300;10390106178;B
20240520;101414;238.83;480;10390106179;B
20240520;101414;238.83;10;10390106209;B
20240520;101417;238.83;200;10390106745;B
20240520;101419;238.83;10;10390107477;B
20240520;101422;238.83;200;10390108000;B
20240520;101432;238.83;50;10390109863;B
20240520;101435;238.82;100;10390110546;S
20240520;101439;238.82;210;10390111164;S
20240520;101444;238.82;10;10390112061;S
20240520;101445;238.82;10;10390112165;S
20240520;101449;238.83;10;10390112699;B
20240520;101450;238.83;10;10390112859;B
20240520;101451;238.82;40;10390113127;S
20240520;101453;238.82;40;10390113635;S
20240520;101455;238.83;10;10390113761;B
20240520;101455;238.82;90;10390113835;S
20240520;101455;238.82;90;10390113836;S
20240520;101455;238.82;10;10390113837;S
20240520;101455;238.81;10;10390113838;S
20240520;101457;238.8;140;10390114087;B
20240520;101457;238.8;80;10390114088;B
20240520;101458;238.8;30;10390114278;S
20240520;101459;238.82;20;10390114384;B
20240520;101508;238.81;10;10390116638;B
20240520;101511;238.8;30;10390117246;S
20240520;101512;238.81;10;10390117702;B
20240520;101514;238.81;10;10390118417;B
20240520;101517;238.81;30;10390119056;B
20240520;101517;238.82;20;10390119057;B
20240520;101522;238.81;30;10390120326;B
20240520;101524;238.81;30;10390120950;S
20240520;101524;238.81;30;10390121046;S
20240520;101525;238.81;10;10390121208;S
20240520;101525;238.8;20;10390121209;S
20240520;101526;238.82;10;10390121302;B
20240520;101527;238.83;40;10390121602;B
20240520;101530;238.83;20;10390122650;B
20240520;101531;238.82;10;10390122962;S
20240520;101536;238.8;20;10390124078;S
20240520;101537;238.8;30;10390124258;S
20240520;101537;238.8;80;10390124259;S
20240520;101537;238.8;10;10390124260;S
20240520;101537;238.8;20;10390124261;S
20240520;101539;238.8;490;10390124801;S
20240520;101539;238.79;1760;10390124802;S
20240520;101541;238.82;80;10390125191;B
20240520;101541;238.82;30;10390125192;B
20240520;101541;238.82;390;10390125193;B
20240520;101546;238.8;10;10390126798;B
20240520;101548;238.79;2930;10390127441;S
20240520;101549;238.77;10;10390127499;S
20240520;101549;238.78;50;10390127578;B
20240520;101553;238.78;10;10390128380;B
20240520;101553;238.77;10;10390128653;S
20240520;101555;238.78;10;10390128922;B
20240520;101555;238.78;100;10390128946;B
20240520;101555;238.78;10;10390129018;B
20240520;101555;238.78;190;10390129019;B
20240520;101555;238.79;80;10390129020;B
20240520;101555;238.79;370;10390129021;B
20240520;101555;238.77;10;10390129034;S
20240520;101555;238.76;60;10390129035;S
20240520;101555;238.76;20;10390129057;S
20240520;101604;238.76;1000;10390131258;S
20240520;101606;238.77;100;10390131628;B
20240520;101606;238.77;200;10390131629;B
20240520;101606;238.76;80;10390131671;S
20240520;101609;238.77;20;10390132413;B
20240520;101611;238.77;10;10390132872;B
20240520;101611;238.78;80;10390132974;B
20240520;101611;238.79;50;10390132975;B
20240520;101611;238.79;170;10390132976;B
20240520;101616;238.76;10;10390133988;S
20240520;101622;238.76;10;10390135621;S
20240520;101625;238.76;10;10390136183;S
20240520;101627;238.79;10;10390136548;B
20240520;101630;238.78;10;10390137253;B
20240520;101633;238.76;310;10390137869;S
20240520;101633;238.75;80;10390137870;S
20240520;101633;238.74;510;10390137871;S
20240520;101633;238.73;160;10390137872;S
20240520;101633;238.73;60;10390137873;S
20240520;101633;238.73;60;10390137874;S
20240520;101633;238.73;10;10390137875;S
20240520;101633;238.73;170;10390137876;S
20240520;101633;238.73;30;10390137877;S
20240520;101633;238.72;800;10390137878;S
20240520;101633;238.71;10;10390137879;S
20240520;101633;238.69;300;10390137880;S
20240520;101633;238.69;20;10390138043;S
20240520;101639;238.74;30;10390139204;B
20240520;101642;238.75;30;10390139813;B
20240520;101644;238.71;510;10390140161;S
20240520;101644;238.7;80;10390140162;S
20240520;101644;238.7;170;10390140163;S
20240520;101644;238.69;260;10390140164;S
20240520;101644;238.68;280;10390140165;S
20240520;101644;238.68;10;10390140247;S
20240520;101644;238.65;20;10390140248;S
20240520;101646;238.69;10;10390140612;B
20240520;101648;238.7;80;10390141326;B
20240520;101648;238.72;70;10390141327;B
20240520;101650;238.65;10;10390141797;S
20240520;101650;238.71;80;10390141798;B
20240520;101650;238.72;20;10390141799;B
20240520;101652;238.72;150;10390142173;B
20240520;101652;238.73;510;10390142174;B
20240520;101652;238.73;80;10390142175;B
20240520;101652;238.74;60;10390142176;B
20240520;101652;238.74;60;10390142177;B
20240520;101652;238.74;400;10390142178;B
20240520;101652;238.76;200;10390142179;B
20240520;101652;238.77;20;10390142180;B
20240520;101652;238.79;1480;10390142181;B
20240520;101652;238.79;40;10390142182;B
20240520;101655;238.74;20;10390143677;S
20240520;101655;238.69;80;10390143678;S
20240520;101655;238.68;170;10390143679;S
20240520;101655;238.67;60;10390143680;S
20240520;101655;238.67;60;10390143681;S
20240520;101655;238.65;10;10390143682;S
20240520;101655;238.65;40;10390143683;S
20240520;101655;238.64;130;10390143684;S
20240520;101655;238.63;170;10390143685;S
20240520;101655;238.63;40;10390143686;S
20240520;101655;238.62;100;10390143687;S
20240520;101655;238.62;1520;10390143688;S
20240520;101655;238.61;400;10390143689;S
20240520;101655;238.6;380;10390143690;S
20240520;101655;238.6;5000;10390143691;S
20240520;101655;238.6;10;10390143692;S
20240520;101655;238.6;10;10390143693;S
20240520;101659;238.59;10;10390144508;B
20240520;101702;238.59;20;10390145113;B
20240520;101703;238.6;20;10390145397;B
20240520;101705;238.57;20;10390145797;S
20240520;101709;238.59;70;10390146808;B
20240520;101709;238.6;10;10390146809;B
20240520;101710;238.6;10;10390147165;B
20240520;101713;238.6;10;10390147847;B
20240520;101715;238.6;60;10390148086;B
20240520;101718;238.6;600;10390148636;B
20240520;101718;238.61;70;10390148637;B
20240520;101718;238.64;60;10390148638;B
20240520;101718;238.64;80;10390148639;B
20240520;101718;238.65;400;10390148640;B
20240520;101718;238.67;10;10390148641;B
20240520;101718;238.68;170;10390148642;B
20240520;101718;238.69;1520;10390148643;B
20240520;101718;238.69;1520;10390148644;B
20240520;101718;238.7;1120;10390148645;B
20240520;101718;238.74;750;10390148646;B
20240520;101718;238.78;850;10390148647;B
20240520;101718;238.79;1150;10390148648;B
20240520;101719;238.8;80;10390148991;B
20240520;101721;238.79;20;10390149292;B
20240520;101723;238.79;20;10390149982;B
20240520;101732;238.74;10;10390152333;S
20240520;101735;238.8;40;10390152858;B
20240520;101736;238.73;140;10390153080;S
20240520;101738;238.79;60;10390153575;B
20240520;101738;238.79;70;10390153576;B
20240520;101738;238.8;70;10390153577;B
20240520;101738;238.8;230;10390153848;B
20240520;101739;238.73;10;10390154089;S
20240520;101744;238.79;50;10390154914;B
20240520;101746;238.78;20;10390155227;B
20240520;101746;238.79;70;10390155228;B
20240520;101746;238.8;20;10390155229;B
20240520;101747;238.8;110;10390155411;B
20240520;101747;238.8;110;10390155541;B
20240520;101749;238.79;10;10390156001;B
20240520;101750;238.74;10;10390156187;S
20240520;101754;238.74;60;10390156979;S
20240520;101756;238.74;50;10390157453;B
20240520;101800;238.74;140;10390158144;B
20240520;101800;238.75;60;10390158145;B
20240520;101802;238.74;60;10390158609;S
20240520;101802;238.73;120;10390158610;S
20240520;101805;238.66;100;10390159418;S
20240520;101809;238.65;30;10390160011;S
20240520;101812;238.73;10;10390160517;B
20240520;101813;238.73;10;10390160755;B
20240520;101820;238.69;10;10390161883;S
20240520;101821;238.73;100;10390162220;B
20240520;101822;238.68;10;10390162439;S
20240520;101823;238.73;10;10390162447;B
20240520;101824;238.73;110;10390162660;B
20240520;101824;238.71;10;10390162766;S
20240520;101824;238.73;110;10390162777;B
20240520;101825;238.73;110;10390162822;B
20240520;101825;238.73;110;10390162943;B
20240520;101826;238.73;110;10390163017;B
20240520;101826;238.73;110;10390163095;B
20240520;101827;238.73;60;10390163175;B
20240520;101827;238.73;10;10390163176;B
20240520;101827;238.73;10;10390163177;B
20240520;101827;238.73;10;10390163178;B
20240520;101827;238.73;10;10390163179;B
20240520;101827;238.73;10;10390163180;B
20240520;101829;238.7;10;10390163717;S
20240520;101829;238.69;90;10390163718;S
20240520;101831;238.7;10;10390164105;S
20240520;101834;238.72;100;10390164689;B
20240520;101842;238.72;10;10390166392;B
20240520;101843;238.72;10;10390166545;B
20240520;101843;238.69;10;10390166574;S
20240520;101844;238.69;50;10390166808;S
20240520;101844;238.69;20;10390166809;S
20240520;101847;238.72;100;10390167291;B
20240520;101849;238.7;10;10390168093;S
20240520;101849;238.72;30;10390168279;B
20240520;101853;238.7;50;10390169313;S
20240520;101856;238.7;10;10390169869;S
20240520;101903;238.72;20;10390171398;B
20240520;101903;238.72;10;10390171527;B
20240520;101908;238.71;20;10390172436;S
20240520;101909;238.71;200;10390172877;S
20240520;101910;238.72;220;10390173147;B
20240520;101910;238.72;30;10390173148;B
20240520;101910;238.72;150;10390173149;B
20240520;101911;238.72;40;10390173315;B
20240520;101912;238.72;110;10390173469;B
20240520;101915;238.71;270;10390174423;S
20240520;101918;238.72;10;10390176051;B
20240520;101922;238.71;10;10390176856;S
20240520;101923;238.71;30;10390177022;S
20240520;101923;238.7;90;10390177023;S
20240520;101923;238.7;10;10390177024;S
20240520;101923;238.7;60;10390177025;S
20240520;101923;238.7;810;10390177026;B
20240520;101923;238.7;810;10390177027;B
20240520;101923;238.7;810;10390177028;B
20240520;101923;238.7;30;10390177029;B
20240520;101923;238.7;20;10390177030;B
20240520;101923;238.7;190;10390177031;B
20240520;101923;238.7;380;10390177032;B
20240520;101923;238.7;350;10390177033;B
20240520;101923;238.7;330;10390177034;B
20240520;101923;238.7;330;10390177035;B
20240520;101923;238.7;330;10390177036;B
20240520;101923;238.7;330;10390177037;B
20240520;101923;238.7;330;10390177038;B
20240520;101923;238.7;330;10390177039;B
20240520;101923;238.7;30;10390177040;B
20240520;101923;238.7;100;10390177069;B
20240520;101923;238.7;10;10390177100;B
20240520;101924;238.7;80;10390177227;B
20240520;101926;238.7;10;10390177426;B
20240520;101926;238.7;10;10390177514;B
20240520;101926;238.7;10;10390177608;B
20240520;101927;238.69;10;10390177757;S
20240520;101928;238.7;180;10390177977;B
20240520;101930;238.69;10;10390178420;S
20240520;101931;238.7;40;10390178470;B
20240520;101931;238.7;10;10390178519;B
20240520;101933;238.7;10;10390179336;B
20240520;101933;238.7;10;10390179337;B
20240520;101937;238.7;20;10390180159;B
20240520;101938;238.7;40;10390180390;B
20240520;101943;238.69;10;10390181372;S
20240520;101943;238.69;150;10390181496;S
20240520;101943;238.69;10;10390181497;S
20240520;101943;238.68;60;10390181498;S
20240520;101943;238.68;30;10390181499;S
20240520;101947;238.7;10;10390182194;B
20240520;101947;238.7;30;10390182200;B
20240520;101948;238.69;60;10390182430;S
20240520;101948;238.69;610;10390182431;S
20240520;101948;238.68;170;10390182432;S
20240520;101948;238.67;160;10390182433;S
20240520;101951;238.69;10;10390183328;S
20240520;101951;238.68;10;10390183330;S
20240520;101952;238.68;10;10390183553;S
20240520;101955;238.68;10;10390184160;S
20240520;101956;238.7;40;10390184374;B
20240520;101956;238.69;60;10390184449;S
20240520;101958;238.68;10;10390184940;B
20240520;101959;238.65;10;10390185052;S
20240520;102001;238.68;10;10390185571;B
20240520;102002;238.66;10;10390185852;S
20240520;102004;238.68;10;10390186213;B
20240520;102004;238.68;340;10390186218;B
20240520;102004;238.68;70;10390186219;B
20240520;102005;238.7;50;10390186317;B
20240520;102006;238.7;130;10390186634;B
20240520;102011;238.69;310;10390187460;S
20240520;102014;238.69;10;10390188142;S
20240520;102015;238.69;10;10390189330;S
20240520;102016;238.69;10;10390189942;S
20240520;102017;238.7;100;10390190721;B
20240520;102018;238.69;10;10390191947;S
20240520;102021;238.69;10;10390195493;S
20240520;102021;238.7;10;10390195496;B
20240520;102022;238.69;260;10390196817;S
20240520;102024;238.7;10;10390198529;B
20240520;102026;238.69;10;10390200280;S
20240520;102028;238.69;10;10390202731;S
20240520;102028;238.7;10;10390202907;B
20240520;102028;238.69;10;10390203031;S
20240520;102028;238.7;380;10390203032;B
20240520;102028;238.7;420;10390203142;B
20240520;102028;238.7;10;10390203143;B
20240520;102028;238.7;20;10390203144;B
20240520;102028;238.7;50;10390203145;B
20240520;102030;238.69;10;10390205359;S
20240520;102032;238.7;130;10390206753;B
20240520;102033;238.69;150;10390208409;S
20240520;102034;238.69;30;10390209276;S
20240520;102035;238.7;10;10390210989;B
20240520;102037;238.7;2500;10390212984;B
20240520;102037;238.7;40;10390212985;B
20240520;102037;238.7;60;10390212986;B
20240520;102038;238.7;100;10390213355;B
20240520;102038;238.7;40;10390213356;B
20240520;102038;238.7;60;10390213357;B
20240520;102038;238.7;210;10390213711;B
20240520;102040;238.7;10;10390216019;B
20240520;102042;238.7;270;10390217510;B
20240520;102042;238.69;50;10390217889;S
20240520;102043;238.69;30;10390219469;S
20240520;102043;238.7;10;10390219543;B
20240520;102044;238.69;20;10390220552;S
20240520;102045;238.69;10;10390221805;S
20240520;102046;238.69;10;10390222344;S
20240520;102050;238.69;70;10390227785;S
20240520;102053;238.69;10;10390230204;S
20240520;102053;238.69;10;10390230205;S
20240520;102053;238.69;250;10390230206;S
20240520;102053;238.69;30;10390230207;S
20240520;102053;238.69;10;10390230208;S
20240520;102053;238.69;490;10390230209;S
20240520;102054;238.7;440;10390230685;B
20240520;102054;238.7;40;10390230686;B
20240520;102054;238.7;20;10390230687;B
20240520;102054;238.7;10;10390231600;B
20240520;102055;238.7;20;10390232444;B
20240520;102056;238.69;10;10390232889;S
20240520;102056;238.69;530;10390233099;S
20240520;102056;238.69;170;10390233100;S
20240520;102102;238.69;30;10390240316;S
20240520;102104;238.69;20;10390241373;S
20240520;102104;238.69;280;10390242115;S
20240520;102104;238.69;220;10390242116;S
20240520;102105;238.69;10;10390242851;S
20240520;102105;238.69;10;10390243670;S
20240520;102105;238.69;10;10390243776;S
20240520;102105;238.69;30;10390243777;S
20240520;102105;238.69;460;10390243778;S
20240520;102111;238.7;10;10390249877;B
20240520;102112;238.7;10;10390250619;B
20240520;102114;238.69;500;10390252358;S
20240520;102114;238.7;20;10390252368;B
20240520;102119;238.69;10;10390257616;S
20240520;102123;238.7;70;10390261018;B
20240520;102125;238.69;10;10390263115;S
20240520;102125;238.69;10;10390263126;S
20240520;102125;238.7;20;10390263334;B
20240520;102125;238.7;10;10390263376;B
20240520;102131;238.7;50;10390269252;B
20240520;102134;238.7;30;10390272985;B
20240520;102136;238.69;10;10390274864;S
20240520;102137;238.69;10;10390275078;S
20240520;102141;238.7;200;10390279502;B
20240520;102141;238.7;10;10390279778;B
20240520;102143;238.7;10;10390281142;B
20240520;102143;238.69;490;10390281500;S
20240520;102143;238.69;250;10390281501;S
20240520;102143;238.69;30;10390281502;S
20240520;102143;238.69;100;10390281503;S
20240520;102143;238.69;10;10390281504;S
20240520;102143;238.69;120;10390281505;S
20240520;102144;238.7;10;10390281979;B
20240520;102145;238.7;10;10390282925;B
20240520;102145;238.7;10;10390283030;B
20240520;102148;238.69;10;10390285502;S
20240520;102150;238.7;100;10390287307;B
20240520;102150;238.69;120;10390287792;S
20240520;102151;238.69;10;10390289167;S
20240520;102152;238.69;10;10390289759;S
20240520;102154;238.7;10;10390292039;B
20240520;102155;238.7;30;10390292980;B
20240520;102156;238.69;10;10390294323;S
20240520;102204;238.69;680;10390302595;S
20240520;102204;238.69;250;10390302596;S
20240520;102204;238.69;30;10390302597;S
20240520;102209;238.7;100;10390303305;B
20240520;102209;238.7;20;10390303311;B
20240520;102214;238.69;750;10390304038;S
20240520;102215;238.7;160;10390304584;B
20240520;102216;238.7;10;10390304899;B
20240520;102217;238.7;10;10390305119;B
20240520;102217;238.7;80;10390305128;B
20240520;102219;238.69;30;10390305703;S
20240520;102221;238.7;10;10390306166;B
20240520;102223;238.69;10;10390306676;S
20240520;102225;238.69;10;10390307366;S
20240520;102226;238.7;10;10390307557;B
20240520;102226;238.69;200;10390307563;S
20240520;102226;238.69;30;10390307564;S
20240520;102226;238.69;1270;10390307565;S
20240520;102229;238.7;10;10390308078;B
20240520;102229;238.69;140;10390308188;S
20240520;102231;238.7;10;10390308650;B
20240520;102232;238.69;350;10390308783;S
20240520;102235;238.69;80;10390309557;S
20240520;102235;238.7;20;10390309586;B
20240520;102235;238.7;220;10390309587;B
20240520;102235;238.7;280;10390309695;B
20240520;102235;238.7;60;10390309696;B
20240520;102235;238.7;10;10390309697;B
20240520;102235;238.7;60;10390309698;B
20240520;102235;238.7;180;10390309699;B
20240520;102235;238.7;410;10390309700;B
20240520;102237;238.69;720;10390309990;S
20240520;102237;238.69;250;10390309991;S
20240520;102237;238.69;30;10390309992;S
20240520;102237;238.69;500;10390309993;S
20240520;102237;238.69;10;10390310230;S
20240520;102243;238.7;10;10390311469;B
20240520;102246;238.69;10;10390311862;S
20240520;102247;238.7;80;10390312079;B
20240520;102247;238.7;10;10390312080;B
20240520;102247;238.7;20;10390312081;B
20240520;102247;238.7;70;10390312082;B
20240520;102247;238.7;10;10390312083;B
20240520;102247;238.7;3200;10390312084;B
20240520;102247;238.7;40;10390312085;B
20240520;102247;238.7;60;10390312086;B
20240520;102247;238.7;500;10390312087;B
20240520;102247;238.7;150;10390312088;B
20240520;102247;238.7;40;10390312089;B
20240520;102247;238.69;10;10390312261;S
20240520;102248;238.69;10;10390312319;S
20240520;102251;238.69;10;10390313127;S
20240520;102252;238.69;10;10390313336;S
20240520;102252;238.7;800;10390313549;B
20240520;102252;238.7;120;10390313550;B
20240520;102252;238.7;40;10390313551;B
20240520;102252;238.7;40;10390313552;B
20240520;102253;238.69;10;10390313604;S
20240520;102254;238.69;2840;10390313804;S
20240520;102254;238.69;250;10390313805;S
20240520;102254;238.69;30;10390313806;S
20240520;102254;238.69;500;10390313807;S
20240520;102257;238.69;20;10390314436;S
20240520;102302;238.69;30;10390315289;S
20240520;102302;238.7;20;10390315426;B
20240520;102302;238.7;80;10390315427;B
20240520;102305;238.69;30;10390316468;S
20240520;102306;238.7;10;10390316734;B
20240520;102308;238.7;20;10390317145;B
20240520;102312;238.69;30;10390318132;S
20240520;102312;238.7;70;10390318231;B
20240520;102316;238.69;10;10390319037;S
20240520;102316;238.69;200;10390319084;S
20240520;102319;238.69;30;10390319920;S
20240520;102321;238.7;10;10390320301;B
20240520;102322;238.69;360;10390320396;S
20240520;102322;238.69;140;10390320397;S
20240520;102323;238.69;20;10390320667;S
20240520;102325;238.69;10;10390320902;S
20240520;102328;238.69;80;10390321536;S
20240520;102328;238.69;30;10390321537;S
20240520;102328;238.69;890;10390321538;S
20240520;102333;238.7;10;10390322846;B
20240520;102333;238.69;1720;10390322932;S
20240520;102333;238.69;250;10390322933;S
20240520;102333;238.69;30;10390322934;S
20240520;102334;238.7;100;10390323123;B
20240520;102336;238.7;10;10390323517;B
20240520;102337;238.7;130;10390323724;B
20240520;102337;238.7;410;10390323749;B
20240520;102337;238.69;40;10390323857;S
20240520;102338;238.7;10;10390323920;B
20240520;102339;238.7;10;10390324145;B
20240520;102339;238.7;10;10390324167;B
20240520;102340;238.69;200;10390324360;S
20240520;102344;238.69;10;10390325251;S
20240520;102345;238.7;10;10390325544;B
20240520;102345;238.7;110;10390325598;B
20240520;102345;238.7;40;10390325599;B
20240520;102345;238.7;350;10390325600;B
20240520;102347;238.7;10;10390325903;B
20240520;102347;238.69;10;10390325966;S
20240520;102348;238.7;10;10390326049;B
20240520;102349;238.7;10;10390326316;B
20240520;102354;238.69;100;10390326960;S
20240520;102355;238.69;120;10390327361;S
20240520;102355;238.69;210;10390327362;S
20240520;102357;238.69;20;10390327814;S
20240520;102400;238.7;20;10390328324;B
20240520;102402;238.69;20;10390328894;S
20240520;102402;238.69;10;10390328895;S
20240520;102402;238.69;10;10390328921;S
20240520;102403;238.7;10;10390329033;B
20240520;102405;238.7;10;10390329368;B
20240520;102406;238.7;10;10390329538;B
20240520;102407;238.7;10;10390329866;B
20240520;102409;238.69;10;10390330468;S
20240520;102409;238.69;170;10390330469;S
20240520;102409;238.7;10;10390330476;B
20240520;102414;238.7;50;10390331368;B
20240520;102414;238.7;60;10390331369;B
20240520;102414;238.7;30;10390331370;B
20240520;102414;238.7;110;10390331371;B
20240520;102414;238.69;670;10390331390;S
20240520;102414;238.69;10;10390331400;S
20240520;102415;238.7;50;10390331570;B
20240520;102415;238.7;10;10390331575;B
20240520;102416;238.69;30;10390331745;S
20240520;102418;238.7;10;10390332066;B
20240520;102418;238.69;100;10390332184;S
20240520;102419;238.7;10;10390332296;B
20240520;102420;238.7;10;10390332431;B
20240520;102421;238.69;30;10390332642;S
20240520;102421;238.69;30;10390332643;S
20240520;102421;238.69;240;10390332644;S
20240520;102423;238.7;800;10390333140;B
20240520;102423;238.7;40;10390333141;B
20240520;102423;238.7;10;10390333142;B
20240520;102423;238.7;10;10390333143;B
20240520;102423;238.7;140;10390333144;B
20240520;102423;238.7;60;10390333195;B
20240520;102423;238.7;60;10390333196;B
20240520;102423;238.7;20;10390333197;B
20240520;102423;238.7;240;10390333198;B
20240520;102423;238.7;260;10390333199;B
20240520;102423;238.7;20;10390333279;B
20240520;102425;238.7;20;10390333625;B
20240520;102425;238.7;40;10390333645;B
20240520;102425;238.7;20;10390333681;B
20240520;102425;238.69;10;10390333685;S
20240520;102426;238.7;60;10390333747;B
20240520;102426;238.69;20;10390333808;S
20240520;102427;238.7;10;10390333968;B
20240520;102427;238.69;10;10390333969;S
20240520;102429;238.7;10;10390334341;B
20240520;102429;238.7;20;10390334352;B
20240520;102430;238.69;50;10390334506;S
20240520;102430;238.7;50;10390334585;B
20240520;102431;238.69;10;10390334652;S
20240520;102433;238.69;10;10390335050;S
20240520;102433;238.7;50;10390335097;B
20240520;102436;238.7;10;10390335702;B
20240520;102437;238.7;100;10390335995;B
20240520;102438;238.7;20;10390336111;B
20240520;102438;238.7;10;10390336173;B
20240520;102438;238.7;10;10390336216;B
20240520;102440;238.69;640;10390336506;S
20240520;102440;238.7;10;10390336512;B
20240520;102441;238.7;10;10390336713;B
20240520;102441;238.7;40;10390336715;B
20240520;102441;238.69;10;10390336802;S
20240520;102441;238.7;10;10390336812;B
20240520;102442;238.7;30;10390336835;B
20240520;102442;238.7;20;10390336898;B
20240520;102442;238.7;10;10390336905;B
20240520;102443;238.7;60;10390337059;B
20240520;102443;238.69;10;10390337088;S
20240520;102443;238.7;10;10390337153;B
20240520;102444;238.7;10;10390337267;B
20240520;102444;238.69;40;10390337514;S
20240520;102446;238.7;10;10390338102;B
20240520;102447;238.69;20;10390338306;S
20240520;102447;238.69;50;10390338360;S
20240520;102447;238.7;30;10390338365;B
20240520;102448;238.69;150;10390338415;S
20240520;102448;238.69;100;10390338416;S
20240520;102448;238.7;10;10390338433;B
20240520;102448;238.7;30;10390338434;B
20240520;102448;238.7;10;10390338495;B
20240520;102448;238.7;60;10390338496;B
20240520;102448;238.7;40;10390338511;S
20240520;102448;238.7;10;10390338512;S
20240520;102448;238.7;20;10390338520;S
20240520;102449;238.7;160;10390338689;S
20240520;102449;238.7;90;10390338710;S
20240520;102449;238.7;300;10390338711;S
20240520;102449;238.69;100;10390338712;S
20240520;102449;238.69;2000;10390338713;S
20240520;102449;238.69;2510;10390338714;S
20240520;102449;238.69;580;10390338769;S
20240520;102449;238.69;580;10390338770;S
20240520;102449;238.69;580;10390338771;S
20240520;102449;238.69;580;10390338772;S
20240520;102449;238.69;580;10390338773;S
20240520;102449;238.69;580;10390338774;S
20240520;102449;238.69;320;10390338776;S
20240520;102449;238.69;190;10390338777;S
20240520;102449;238.69;190;10390338778;S
20240520;102449;238.69;190;10390338779;S
20240520;102449;238.69;190;10390338780;S
20240520;102449;238.69;190;10390338781;S
20240520;102449;238.69;190;10390338782;S
20240520;102449;238.69;190;10390338783;S
20240520;102449;238.69;190;10390338784;S
20240520;102449;238.69;190;10390338785;S
20240520;102449;238.69;190;10390338786;S
20240520;102449;238.69;190;10390338787;S
20240520;102449;238.69;190;10390338788;S
20240520;102449;238.69;710;10390338789;S
20240520;102449;238.69;300;10390338790;S
20240520;102449;238.69;520;10390338791;S
20240520;102449;238.69;330;10390338792;S
20240520;102449;238.69;330;10390338793;S
20240520;102449;238.69;140;10390338794;S
20240520;102449;238.69;140;10390338795;S
20240520;102449;238.69;230;10390338796;S
20240520;102449;238.68;10;10390338797;S
20240520;102449;238.68;50;10390338798;S
20240520;102450;238.65;40;10390338996;S
20240520;102450;238.65;20;10390338997;S
20240520;102450;238.65;270;10390338998;S
20240520;102450;238.65;420;10390338999;S
20240520;102450;238.64;10;10390339009;B
20240520;102453;238.6;10;10390339881;S
20240520;102455;238.61;10;10390340305;S
20240520;102456;238.63;10;10390340498;B
20240520;102456;238.64;20;10390340499;B
20240520;102459;238.63;20;10390341202;B
20240520;102502;238.63;10;10390341932;B
20240520;102503;238.65;160;10390342185;B
20240520;102507;238.6;30;10390343508;S
20240520;102509;238.65;10;10390344133;B
20240520;102513;238.6;20;10390345474;S
20240520;102520;238.62;10;10390347015;S
20240520;102520;238.6;240;10390347016;S
20240520;102520;238.59;60;10390347017;S
20240520;102520;238.58;60;10390347018;S
20240520;102522;238.57;30;10390347337;B
20240520;102522;238.57;10;10390347444;B
20240520;102524;238.57;60;10390347942;B
20240520;102525;238.56;20;10390348208;S
20240520;102527;238.56;30;10390348505;S
20240520;102527;238.57;150;10390348642;B
20240520;102528;238.56;30;10390348754;S
20240520;102528;238.57;50;10390348782;B
20240520;102530;238.56;40;10390349168;S
20240520;102531;238.56;10;10390349313;S
20240520;102531;238.56;10;10390349389;S
20240520;102535;238.57;200;10390350116;B
20240520;102535;238.57;10;10390350157;B
20240520;102535;238.57;100;10390350159;B
20240520;102536;238.57;20;10390350494;B
20240520;102536;238.61;10;10390350498;B
20240520;102538;238.63;60;10390350849;B
20240520;102538;238.64;40;10390350850;B
20240520;102543;238.64;10;10390351969;B
20240520;102548;238.57;100;10390353252;S
20240520;102548;238.56;10;10390353253;S
20240520;102548;238.56;150;10390353254;S
20240520;102548;238.56;40;10390353255;S
20240520;102552;238.56;80;10390353775;S
20240520;102552;238.55;220;10390353776;S
20240520;102555;238.61;30;10390354408;B
20240520;102603;238.62;10;10390355485;B
20240520;102603;238.57;10;10390355500;S
20240520;102603;238.56;50;10390355501;S
20240520;102603;238.56;40;10390355502;S
20240520;102603;238.55;130;10390355503;S
20240520;102604;238.55;250;10390355678;S
20240520;102608;238.61;10;10390356559;B
20240520;102615;238.61;20;10390357612;B
20240520;102615;238.6;10;10390357710;B
20240520;102624;238.61;10;10390359400;B
20240520;102628;238.61;10;10390360057;B
20240520;102631;238.58;10;10390360545;S
20240520;102631;238.57;10;10390360683;S
20240520;102633;238.62;50;10390360883;B
20240520;102641;238.62;40;10390362872;B
20240520;102643;238.56;20;10390363287;S
20240520;102643;238.56;40;10390363288;S
20240520;102643;238.56;10;10390363289;S
20240520;102643;238.56;230;10390363290;S
20240520;102644;238.63;40;10390363444;B
20240520;102644;238.64;50;10390363445;B
20240520;102644;238.64;10;10390363446;B
20240520;102653;238.64;10;10390364748;B
20240520;102653;238.64;10;10390364749;B
20240520;102653;238.64;10;10390364750;B
20240520;102653;238.64;10;10390364751;B
20240520;102653;238.65;60;10390364752;B
20240520;102653;238.66;40;10390364753;B
20240520;102653;238.69;140;10390364754;B
20240520;102653;238.7;10;10390364755;B
20240520;102653;238.7;20;10390364756;B
20240520;102653;238.7;100;10390364757;B
20240520;102654;238.67;10;10390365089;S
20240520;102656;238.68;130;10390365429;S
20240520;102657;238.71;10;10390365565;B
20240520;102658;238.71;10;10390365821;B
20240520;102658;238.71;50;10390365840;B
20240520;102700;238.71;10;10390366138;B
20240520;102701;238.71;10;10390366333;B
20240520;102703;238.71;60;10390366661;B
20240520;102703;238.71;20;10390366662;B
20240520;102704;238.72;30;10390366785;B
20240520;102704;238.72;30;10390366795;B
20240520;102704;238.71;30;10390366851;S
20240520;102704;238.72;20;10390366902;B
20240520;102704;238.72;10;10390366903;B
20240520;102705;238.71;30;10390367105;S
20240520;102706;238.72;20;10390367207;B
20240520;102706;238.72;10;10390367227;B
20240520;102708;238.71;20;10390367624;S
20240520;102709;238.72;10;10390367711;B
20240520;102710;238.71;100;10390367751;S
20240520;102710;238.72;30;10390367805;B
20240520;102711;238.72;50;10390367941;B
20240520;102711;238.72;20;10390367942;B
20240520;102712;238.64;40;10390368094;S
20240520;102712;238.63;60;10390368095;S
20240520;102712;238.63;100;10390368096;S
20240520;102713;238.71;60;10390368248;B
20240520;102713;238.72;20;10390368249;B
20240520;102713;238.72;40;10390368250;B
20240520;102713;238.72;170;10390368251;B
20240520;102713;238.72;10;10390368343;S
20240520;102714;238.72;310;10390368439;S
20240520;102723;238.63;10;10390369743;S
20240520;102724;238.69;130;10390369875;B
20240520;102725;238.62;50;10390370006;S
20240520;102725;238.62;40;10390370007;S
20240520;102725;238.61;60;10390370008;S
20240520;102725;238.6;60;10390370009;S
20240520;102725;238.59;80;10390370010;S
20240520;102730;238.65;60;10390370612;B
20240520;102730;238.63;110;10390370657;S
20240520;102730;238.67;10;10390370663;B
20240520;102733;238.65;10;10390371262;B
20240520;102733;238.67;10;10390371263;B
20240520;102737;238.66;10;10390371846;B
20240520;102738;238.63;20;10390371899;S
20240520;102738;238.59;30;10390371900;S
20240520;102738;238.59;40;10390371901;S
20240520;102738;238.58;60;10390371902;S
20240520;102747;238.57;10;10390373116;S
20240520;102747;238.57;10;10390373117;S
20240520;102749;238.57;30;10390373393;S
20240520;102749;238.57;10;10390373394;S
20240520;102749;238.57;10;10390373395;S
20240520;102750;238.58;10;10390373650;S
20240520;102805;238.64;10;10390375866;B
20240520;102811;238.64;10;10390376786;B
20240520;102817;238.64;10;10390377846;B
20240520;102819;238.64;10;10390378074;B
20240520;102831;238.64;10;10390379719;B
20240520;102832;238.58;30;10390379775;S
20240520;102832;238.58;10;10390379776;S
20240520;102832;238.58;190;10390379777;B
20240520;102838;238.58;30;10390380497;S
20240520;102838;238.57;50;10390380498;S
20240520;102857;238.58;30;10390382909;S
20240520;102857;238.58;170;10390382910;B
20240520;102857;238.64;10;10390382955;B
20240520;102857;238.64;10;10390382956;B
20240520;102908;238.63;10;10390384273;B
20240520;102908;238.64;10;10390384274;B
20240520;102908;238.65;60;10390384275;B
20240520;102908;238.65;60;10390384276;B
20240520;102908;238.68;30;10390384277;B
20240520;102908;238.7;10;10390384278;B
20240520;102908;238.7;10;10390384279;B
20240520;102908;238.71;20;10390384280;B
20240520;102913;238.71;30;10390384754;B
20240520;102913;238.72;190;10390384755;B
20240520;102913;238.72;110;10390384756;B
20240520;102920;238.72;90;10390385494;B
20240520;102923;238.75;10;10390385866;B
20240520;102925;238.75;20;10390386088;B
20240520;102925;238.76;10;10390386089;B
20240520;102925;238.76;70;10390386090;B
20240520;102926;238.75;10;10390386205;B
20240520;102926;238.75;10;10390386263;B
20240520;102927;238.75;30;10390386316;B
20240520;102928;238.75;50;10390386408;B
20240520;102928;238.76;50;10390386409;B
20240520;102928;238.77;30;10390386410;B
20240520;102928;238.77;10;10390386411;B
20240520;102928;238.79;20;10390386412;B
20240520;102928;238.79;260;10390386413;B
20240520;102932;238.79;10;10390386888;B
20240520;102934;238.79;30;10390387117;B
20240520;102934;238.79;20;10390387118;B
20240520;102943;238.78;30;10390387993;B
20240520;102943;238.79;30;10390387994;B
20240520;102943;238.79;510;10390387995;B
20240520;102943;238.79;60;10390387996;B
20240520;102944;238.8;10;10390388157;B
20240520;102945;238.8;820;10390388227;B
20240520;102945;238.8;90;10390388228;B
20240520;102945;238.8;600;10390388229;B
20240520;102945;238.8;10;10390388230;B
20240520;102945;238.8;10;10390388231;B
20240520;102945;238.8;200;10390388232;B
20240520;102945;238.8;100;10390388233;B
20240520;102945;238.8;200;10390388234;B
20240520;102945;238.8;10;10390388235;B
20240520;102945;238.8;20;10390388272;S
20240520;102947;238.8;90;10390388455;S
20240520;102949;238.8;20;10390388672;S
20240520;102951;238.82;10;10390388902;B
20240520;102953;238.82;10;10390389211;B
20240520;102953;238.83;1960;10390389212;B
20240520;102953;238.83;20;10390389213;B
20240520;102953;238.83;10;10390389214;B
20240520;102953;238.83;30;10390389215;B
20240520;102953;238.85;600;10390389216;B
20240520;102953;238.86;10;10390389217;B
20240520;102953;238.86;10;10390389218;B
20240520;102953;238.88;750;10390389219;B
20240520;102953;238.9;1020;10390389220;B
20240520;102953;238.9;10;10390389221;B
20240520;102953;238.9;30;10390389222;B
20240520;102953;238.9;10;10390389223;B
20240520;102953;238.9;100;10390389224;B
20240520;102953;238.93;60;10390389225;B
20240520;102953;238.94;10;10390389226;B
20240520;102953;238.95;10;10390389227;B
20240520;102953;238.95;170;10390389228;B
20240520;102953;238.96;50;10390389229;B
20240520;102953;238.96;10;10390389230;B
20240520;102953;238.97;310;10390389231;B
20240520;102953;238.97;510;10390389232;B
20240520;102953;238.98;100;10390389233;B
20240520;102953;238.98;100;10390389234;B
20240520;102953;238.98;1190;10390389235;B
20240520;102953;238.99;10;10390389236;B
20240520;102953;238.99;10;10390389237;B
20240520;102953;238.99;100;10390389238;B
20240520;102953;238.99;10;10390389239;B
20240520;102953;238.99;800;10390389240;B
20240520;102953;239;10;10390389241;B
20240520;102953;239;10;10390389242;B
20240520;102953;239;50;10390389243;B
20240520;102953;239;1810;10390389244;B
20240520;102953;239;10;10390389245;B
20240520;102953;239;20;10390389246;B
20240520;102953;239;10;10390389247;B
20240520;102953;239;1000;10390389248;B
20240520;102953;239;100;10390389249;B
20240520;102953;239;100;10390389250;B
20240520;102953;239;60;10390389251;B
20240520;102953;239;30;10390389252;B
20240520;102953;239;10;10390389253;B
20240520;102953;239;120;10390389254;B
20240520;102953;239;100;10390389255;B
20240520;102953;239;100;10390389256;B
20240520;102953;239;10;10390389257;B
20240520;102953;239;10;10390389258;B
20240520;102953;239;10;10390389259;B
20240520;102953;239;10;10390389260;B
20240520;102953;239;100;10390389261;B
20240520;102954;238.99;200;10390389264;B
20240520;102954;238.92;20;10390389268;S
20240520;102954;238.98;10;10390389270;B
20240520;102954;238.98;260;10390389322;B
20240520;102954;238.99;390;10390389323;B
20240520;102954;239;10;10390389324;B
20240520;102954;238.99;10;10390389332;B
20240520;102954;239;640;10390389333;B
20240520;102954;239;20;10390389336;B
20240520;102954;238.94;170;10390389344;S
20240520;102954;238.94;30;10390389345;S
20240520;102954;238.94;10;10390389357;S
20240520;102955;239;120;10390389513;B
20240520;102959;238.94;10;10390389970;S
20240520;103000;238.99;10;10390390145;B
20240520;103000;238.99;40;10390390146;B
20240520;103000;238.99;60;10390390147;B
20240520;103000;239;110;10390390148;B
20240520;103000;239;10;10390390149;B
20240520;103000;239;10;10390390150;B
20240520;103000;239;30;10390390151;B
20240520;103000;239;30;10390390152;B
20240520;103000;238.94;10;10390390168;S
20240520;103003;239;10;10390390671;B
20240520;103004;238.92;40;10390390823;S
20240520;103004;238.92;510;10390390824;S
20240520;103004;238.91;80;10390390825;S
20240520;103004;238.91;50;10390390826;S
20240520;103022;238.94;40;10390393132;S
20240520;103022;238.93;170;10390393133;S
20240520;103022;238.93;100;10390393177;S
20240520;103024;238.97;40;10390393458;B
20240520;103024;238.97;60;10390393459;B
20240520;103026;238.98;40;10390393610;B
20240520;103026;238.98;170;10390393611;B
20240520;103030;238.98;10;10390394636;B
20240520;103032;238.98;160;10390394913;B
20240520;103036;238.93;150;10390395562;S
20240520;103036;238.92;10;10390395563;S
20240520;103041;238.96;10;10390396006;B
20240520;103045;238.97;40;10390396624;B
20240520;103045;238.97;90;10390396625;B
20240520;103046;238.98;20;10390396761;B
20240520;103049;238.98;10;10390397005;S
20240520;103049;238.99;250;10390397025;B
20240520;103054;238.98;10;10390397953;S
20240520;103055;238.98;30;10390398163;S
20240520;103056;238.99;170;10390398332;B
20240520;103056;238.99;110;10390398333;B
20240520;103059;238.98;20;10390398807;S
20240520;103105;238.99;50;10390399549;B
20240520;103106;238.98;20;10390399722;S
20240520;103112;238.99;10;10390400536;B
20240520;103112;238.99;340;10390400597;B
20240520;103112;238.99;20;10390400598;B
20240520;103112;239;300;10390400599;B
20240520;103112;238.99;10;10390400609;B
20240520;103112;238.99;20;10390400623;B
20240520;103113;238.99;340;10390401025;B
20240520;103114;238.99;20;10390401063;B
20240520;103116;239;10;10390401419;B
20240520;103117;239;1000;10390401589;B
20240520;103118;239;20;10390401719;B
20240520;103118;239;30;10390401746;B
20240520;103118;239;10;10390401747;B
20240520;103118;239;10;10390401748;B
20240520;103118;239;20;10390401749;B
20240520;103118;239;10;10390401750;B
20240520;103118;239;200;10390401751;B
20240520;103118;239;10;10390401752;B
20240520;103118;239;2210;10390401753;B
20240520;103119;239;10;10390401892;B
20240520;103122;239;10;10390402215;B
20240520;103123;239;830;10390402359;B
20240520;103129;239;50;10390403426;B
20240520;103129;239;10;10390403591;B
20240520;103136;238.99;10;10390404369;S
20240520;103136;239;40;10390404424;B
20240520;103142;239;340;10390405246;B
20240520;103142;239;80;10390405247;B
20240520;103143;239;10;10390405430;B
20240520;103145;239;410;10390405560;B
20240520;103145;239;590;10390405561;B
20240520;103148;239;10;10390406264;B
20240520;103150;239;10;10390406489;B
20240520;103150;238.99;10;10390406520;S
20240520;103153;238.99;30;10390406882;S
20240520;103154;238.99;30;10390406979;S
20240520;103158;238.99;10;10390407371;B
20240520;103158;238.98;500;10390407374;S
20240520;103159;238.99;60;10390407516;B
20240520;103159;239;430;10390407517;B
20240520;103159;239;10;10390407663;B
20240520;103203;239;10;10390408182;B
20240520;103215;238.99;100;10390411112;B
20240520;103215;239;1230;10390411113;B
20240520;103215;239;50;10390411235;B
20240520;103218;239;10;10390411838;B
20240520;103219;239;10;10390412030;B
20240520;103220;238.98;10;10390412172;S
20240520;103225;238.99;20;10390413214;B
20240520;103225;238.98;60;10390413234;S
20240520;103225;238.98;10;10390413235;S
20240520;103225;238.98;30;10390413236;S
20240520;103226;238.94;40;10390413572;S
20240520;103226;238.92;20;10390413573;S
20240520;103226;238.92;10;10390413574;S
20240520;103228;238.96;10;10390414143;B
20240520;103228;238.96;10;10390414171;B
20240520;103231;238.95;10;10390415004;B
20240520;103235;238.91;10;10390415872;S
20240520;103236;238.95;50;10390415941;B
20240520;103240;238.94;40;10390416796;B
20240520;103240;238.94;90;10390416797;B
20240520;103240;238.95;170;10390416798;B
20240520;103240;238.95;60;10390416799;B
20240520;103245;238.96;10;10390417541;B
20240520;103245;238.95;40;10390417567;S
20240520;103245;238.96;20;10390417574;B
20240520;103249;238.95;100;10390418392;S
20240520;103249;238.95;1000;10390418393;S
20240520;103251;238.91;70;10390418526;B
20240520;103258;238.93;90;10390419655;B
20240520;103258;238.93;110;10390419656;B
20240520;103303;238.88;40;10390420319;S
20240520;103303;238.87;90;10390420320;S
20240520;103309;238.81;750;10390420968;S
20240520;103309;238.81;90;10390420969;S
20240520;103309;238.8;80;10390420970;S
20240520;103309;238.8;390;10390420971;S
20240520;103310;238.8;20;10390421095;S
20240520;103315;238.86;30;10390421769;B
20240520;103319;238.86;20;10390422236;B
20240520;103321;238.81;10;10390422437;S
20240520;103321;238.79;60;10390422438;S
20240520;103321;238.79;90;10390422439;S
20240520;103321;238.78;60;10390422440;S
20240520;103321;238.77;100;10390422441;S
20240520;103321;238.76;1520;10390422442;S
20240520;103321;238.75;10;10390422443;S
20240520;103321;238.75;10;10390422444;S
20240520;103321;238.75;170;10390422445;S
20240520;103321;238.75;670;10390422446;S
20240520;103328;238.79;10;10390423367;B
20240520;103336;238.8;50;10390424204;B
20240520;103337;238.75;30;10390424410;S
20240520;103339;238.75;250;10390424618;S
20240520;103341;238.8;10;10390424886;B
20240520;103347;238.8;20;10390425501;B
20240520;103347;238.8;50;10390425578;B
20240520;103351;238.76;50;10390426060;S
20240520;103352;238.81;20;10390426362;B
20240520;103352;238.82;10;10390426434;B
20240520;103402;238.77;10;10390428012;S
20240520;103404;238.78;50;10390428238;B
20240520;103404;238.78;30;10390428274;B
20240520;103410;238.78;40;10390428929;B
20240520;103410;238.78;80;10390428930;B
20240520;103410;238.79;60;10390428931;B
20240520;103410;238.79;290;10390428932;B
20240520;103411;238.82;20;10390429096;S
20240520;103421;238.82;1330;10390430417;S
20240520;103421;238.82;240;10390430418;S
20240520;103421;238.82;240;10390430419;S
20240520;103421;238.82;240;10390430420;S
20240520;103421;238.82;240;10390430421;S
20240520;103421;238.82;550;10390430422;S
20240520;103421;238.82;30;10390430423;S
20240520;103421;238.82;370;10390430494;S
20240520;103424;238.83;10;10390430808;B
20240520;103424;238.84;170;10390430812;B
20240520;103424;238.85;10;10390430813;B
20240520;103424;238.85;10;10390430814;B
20240520;103424;238.85;10;10390430815;B
20240520;103431;238.85;10;10390431617;S
20240520;103431;238.85;20;10390431681;B
20240520;103433;238.86;30;10390431859;B
20240520;103435;238.86;10;10390432098;B
20240520;103435;238.82;10;10390432136;S
20240520;103444;238.82;760;10390433056;S
20240520;103444;238.82;30;10390433057;S
20240520;103444;238.82;10;10390433058;S
20240520;103444;238.85;30;10390433094;B
20240520;103455;238.89;80;10390434414;B
20240520;103455;238.9;60;10390434415;B
20240520;103455;238.91;60;10390434416;B
20240520;103455;238.92;20;10390434417;B
20240520;103513;238.95;10;10390436602;B
20240520;103516;238.86;100;10390437044;S
20240520;103516;238.86;60;10390437045;S
20240520;103516;238.85;80;10390437046;S
20240520;103516;238.84;170;10390437047;S
20240520;103516;238.83;60;10390437048;S
20240520;103516;238.83;140;10390437049;S
20240520;103525;238.9;100;10390438005;B
20240520;103526;238.86;30;10390438191;S
20240520;103529;238.91;10;10390438490;B
20240520;103539;238.92;10;10390439672;B
20240520;103545;238.84;10;10390440315;S
20240520;103545;238.84;10;10390440316;S
20240520;103547;238.92;50;10390440496;B
20240520;103547;238.92;60;10390440497;B
20240520;103547;238.93;80;10390440498;B
20240520;103547;238.94;20;10390440499;B
20240520;103550;238.92;20;10390440916;B
20240520;103550;238.94;20;10390440917;B
20240520;103554;238.93;10;10390441293;B
20240520;103559;238.95;30;10390441863;B
20240520;103606;238.95;10;10390442571;B
20240520;103606;238.95;10;10390442572;B
20240520;103606;238.95;70;10390442573;B
20240520;103606;238.95;60;10390442574;B
20240520;103613;238.86;60;10390443352;S
20240520;103613;238.86;20;10390443353;S
20240520;103613;238.85;20;10390443354;S
20240520;103623;238.91;40;10390444490;B
20240520;103630;238.91;30;10390445203;B
20240520;103634;238.92;10;10390445731;S
20240520;103635;238.92;20;10390445802;S
20240520;103635;238.89;40;10390445803;S
20240520;103637;238.93;20;10390445983;B
20240520;103643;238.96;60;10390446745;B
20240520;103646;238.96;10;10390447015;B
20240520;103648;238.96;400;10390447181;B
20240520;103648;238.97;20;10390447182;B
20240520;103648;238.97;50;10390447183;B
20240520;103651;238.97;10;10390447482;B
20240520;103652;238.97;10;10390447589;B
20240520;103652;238.97;130;10390447661;B
20240520;103701;238.97;10;10390448483;S
20240520;103703;238.98;10;10390448696;B
20240520;103704;238.98;20;10390448781;B
20240520;103706;238.97;10;10390448965;S
20240520;103706;238.97;50;10390449017;S
20240520;103707;238.97;30;10390449058;S
20240520;103708;238.98;210;10390449204;B
20240520;103708;238.98;10;10390449210;B
20240520;103709;238.97;70;10390449330;S
20240520;103709;238.97;10;10390449331;S
20240520;103709;238.96;20;10390449332;S
20240520;103712;238.94;70;10390449683;S
20240520;103712;238.93;170;10390449684;S
20240520;103712;238.91;510;10390449685;S
20240520;103712;238.91;130;10390449686;S
20240520;103712;238.9;900;10390449687;S
20240520;103712;238.9;20;10390449688;S
20240520;103712;238.89;60;10390449689;S
20240520;103712;238.87;280;10390449690;S
20240520;103716;238.97;60;10390450125;B
20240520;103716;238.97;140;10390450126;B
20240520;103719;238.97;60;10390450476;B
20240520;103719;238.97;40;10390450477;B
20240520;103719;238.9;510;10390450482;S
20240520;103719;238.9;70;10390450483;S
20240520;103719;238.89;170;10390450484;S
20240520;103719;238.89;20;10390450485;S
20240520;103719;238.89;60;10390450486;S
20240520;103719;238.87;70;10390450487;S
20240520;103723;238.95;20;10390450857;B
20240520;103723;238.96;20;10390450858;B
20240520;103723;238.92;40;10390450868;S
20240520;103724;238.91;70;10390451014;S
20240520;103724;238.91;160;10390451015;S
20240520;103724;238.91;10;10390451048;S
20240520;103727;238.95;10;10390451496;B
20240520;103727;238.96;20;10390451497;B
20240520;103727;238.96;30;10390451498;B
20240520;103728;238.92;50;10390451680;S
20240520;103729;238.97;10;10390451864;B
20240520;103736;238.91;10;10390452691;S
20240520;103751;238.96;20;10390454338;B
20240520;103751;238.97;70;10390454339;B
20240520;103751;238.97;270;10390454340;B
20240520;103752;238.97;1740;10390454380;S
20240520;103752;238.97;170;10390454381;S
20240520;103752;238.95;70;10390454382;S
20240520;103752;238.91;120;10390454383;S
20240520;103752;238.9;20;10390454384;S
20240520;103752;238.89;400;10390454385;S
20240520;103752;238.88;20;10390454386;S
20240520;103759;238.96;10;10390455259;B
20240520;103759;238.97;20;10390455260;B
20240520;103811;238.89;20;10390456720;S
20240520;103811;238.89;410;10390456721;S
20240520;103812;238.96;170;10390456785;B
20240520;103812;238.97;70;10390456786;B
20240520;103812;238.97;10;10390456787;B
20240520;103812;238.97;10;10390456788;B
20240520;103812;238.97;10;10390456789;B
20240520;103812;238.97;270;10390456790;B
20240520;103812;238.97;70;10390456791;S
20240520;103815;238.98;20;10390457112;B
20240520;103816;238.97;20;10390457123;B
20240520;103822;238.97;10;10390457727;S
20240520;103824;238.97;10;10390458021;S
20240520;103824;238.97;220;10390458085;S
20240520;103828;238.91;70;10390458425;S
20240520;103828;238.89;20;10390458426;S
20240520;103828;238.89;170;10390458427;S
20240520;103828;238.88;40;10390458428;S
20240520;103828;238.87;130;10390458429;S
20240520;103841;238.86;10;10390459950;S
20240520;103846;238.93;10;10390460523;B
20240520;103846;238.93;10;10390460800;B
20240520;103846;238.93;70;10390460801;B
20240520;103846;238.93;100;10390460802;S
20240520;103852;238.93;20;10390461428;S
20240520;103856;238.93;100;10390461760;S
20240520;103857;238.93;30;10390461880;S
20240520;103906;238.93;170;10390463058;S
20240520;103906;238.92;70;10390463059;S
20240520;103906;238.86;10;10390463060;S
20240520;103906;238.86;20;10390463061;S
20240520;103906;238.85;1230;10390463062;S
20240520;103909;238.9;70;10390463317;B
20240520;103909;238.91;30;10390463318;B
20240520;103920;238.84;10;10390464747;S
20240520;103920;238.84;40;10390464748;S
20240520;103920;238.83;100;10390464749;S
20240520;103920;238.83;200;10390464750;S
20240520;103920;238.82;2280;10390464751;S
20240520;103920;238.82;70;10390464752;S
20240520;103922;238.89;60;10390464968;B
20240520;103923;238.87;10;10390465020;B
20240520;103925;238.87;10;10390465322;B
20240520;103926;238.82;100;10390465425;S
20240520;103930;238.88;50;10390465931;B
20240520;103932;238.84;10;10390466177;B
20240520;103932;238.84;30;10390466178;B
20240520;103934;238.85;20;10390466332;S
20240520;103936;238.83;60;10390466467;S
20240520;103938;238.82;200;10390466737;S
20240520;103948;238.84;40;10390467868;B
20240520;103952;238.86;130;10390468263;B
20240520;103955;238.87;30;10390468574;B
20240520;103956;238.87;190;10390468947;B
20240520;104010;238.82;310;10390470717;S
20240520;104013;238.82;40;10390471083;S
20240520;104015;238.83;50;10390471319;B
20240520;104023;238.84;10;10390472140;B
20240520;104025;238.85;250;10390472330;B
20240520;104026;238.84;10;10390472375;B
20240520;104029;238.85;20;10390472762;B
20240520;104031;238.82;10;10390472941;S
20240520;104034;238.85;10;10390473342;B
20240520;104038;238.82;10;10390473784;S
20240520;104045;238.85;10;10390474464;B
20240520;104050;238.83;10;10390474832;B
20240520;104055;238.82;5970;10390475442;S
20240520;104055;238.82;20;10390475443;S
20240520;104055;238.82;10;10390475444;S
20240520;104100;238.83;10;10390475935;B
20240520;104107;238.82;470;10390478124;S
20240520;104107;238.83;10;10390478250;B
20240520;104108;238.82;10;10390478415;S
20240520;104111;238.82;20;10390478813;S
20240520;104113;238.82;10;10390479050;S
20240520;104117;238.83;10;10390479492;B
20240520;104118;238.82;10;10390479582;S
20240520;104119;238.82;500;10390479610;S
20240520;104121;238.83;20;10390479789;B
20240520;104121;238.83;10;10390479810;B
20240520;104124;238.83;70;10390480088;B
20240520;104126;238.83;20;10390480323;S
20240520;104127;238.84;40;10390480437;B
20240520;104128;238.83;10;10390480528;S
20240520;104128;238.83;320;10390480544;S
20240520;104129;238.82;20;10390480591;S
20240520;104132;238.82;320;10390480888;S
20240520;104140;238.83;10;10390481658;B
20240520;104145;238.83;10;10390482106;B
20240520;104153;238.82;20;10390482973;S
20240520;104153;238.83;10;10390483062;B
20240520;104154;238.83;100;10390483092;B
20240520;104155;238.83;400;10390483160;B
20240520;104200;238.83;30;10390483725;B
20240520;104207;238.82;100;10390484536;S
20240520;104212;238.83;1000;10390485122;B
20240520;104217;238.83;10;10390485574;B
20240520;104221;238.82;130;10390486022;S
20240520;104225;238.83;10;10390486372;B
20240520;104226;238.82;50;10390486467;S
20240520;104227;238.82;100;10390486543;S
20240520;104227;238.82;10;10390486551;S
20240520;104228;238.83;10;10390486657;B
20240520;104242;238.82;20;10390488043;S
20240520;104244;238.83;10;10390488408;B
20240520;104250;238.82;10;10390489422;S
20240520;104256;238.83;500;10390490075;B
20240520;104301;238.83;20;10390490572;B
20240520;104302;238.83;10;10390490709;B
20240520;104304;238.83;10;10390490838;B
20240520;104306;238.82;10;10390491055;S
20240520;104309;238.83;10;10390491370;B
20240520;104311;238.82;180;10390491650;S
20240520;104319;238.83;10;10390492540;B
20240520;104322;238.82;10;10390492808;S
20240520;104322;238.82;50;10390492854;S
20240520;104322;238.82;10;10390492855;S
20240520;104324;238.82;10;10390492978;S
20240520;104325;238.83;40;10390493114;B
20240520;104327;238.82;140;10390493335;S
20240520;104327;238.82;2000;10390493344;S
20240520;104328;238.83;40;10390493500;B
20240520;104337;238.83;420;10390494329;B
20240520;104337;238.83;10;10390494344;B
20240520;104340;238.82;20;10390494593;S
20240520;104346;238.82;40;10390495670;S
20240520;104352;238.82;10;10390496539;S
20240520;104354;238.83;20;10390497042;B
20240520;104400;238.82;10;10390498543;S
20240520;104402;238.82;70;10390498908;S
20240520;104406;238.83;140;10390499352;B
20240520;104407;238.82;90;10390499459;S
20240520;104409;238.83;180;10390499668;B
20240520;104417;238.83;30;10390500439;B
20240520;104422;238.82;20;10390500933;S
20240520;104426;238.82;10;10390501412;S
20240520;104432;238.82;10;10390502120;S
20240520;104432;238.82;120;10390502121;S
20240520;104435;238.82;10;10390502603;S
20240520;104436;238.83;420;10390502631;B
20240520;104436;238.82;10;10390502639;S
20240520;104438;238.82;10;10390502897;S
20240520;104440;238.82;2470;10390503179;S
20240520;104440;238.82;10;10390503180;S
20240520;104440;238.82;10;10390503181;S
20240520;104440;238.82;10;10390503182;S
20240520;104442;238.82;40;10390503412;S
20240520;104444;238.83;200;10390503566;B
20240520;104445;238.82;10;10390503667;S
20240520;104448;238.83;50;10390503875;B
20240520;104450;238.83;150;10390504003;B
20240520;104450;238.83;100;10390504006;B
20240520;104458;238.83;10;10390504751;B
20240520;104504;238.83;80;10390505315;B
20240520;104506;238.83;10;10390505422;B
20240520;104512;238.82;3310;10390506009;S
20240520;104512;238.82;1500;10390506010;S
20240520;104512;238.83;10;10390506013;B
20240520;104512;238.83;10;10390506071;B
20240520;104518;238.82;240;10390506636;S
20240520;104519;238.83;600;10390506726;B
20240520;104521;238.82;840;10390506911;S
20240520;104521;238.83;10;10390506919;B
20240520;104534;238.82;40;10390509524;S
20240520;104534;238.8;80;10390509525;S
20240520;104534;238.8;50;10390509526;S
20240520;104534;238.8;10;10390509527;S
20240520;104534;238.8;20;10390509528;S
20240520;104534;238.79;40;10390509530;S
20240520;104534;238.79;10;10390509543;B
20240520;104534;238.8;10;10390509544;B
20240520;104539;238.79;100;10390510070;B
20240520;104539;238.77;40;10390510173;S
20240520;104547;238.75;20;10390511241;S
20240520;104549;238.77;10;10390511400;B
20240520;104552;238.77;10;10390511650;B
20240520;104553;238.75;10;10390511776;S
20240520;104557;238.75;250;10390512077;S
20240520;104605;238.76;20;10390513439;B
20240520;104608;238.76;130;10390514049;B
20240520;104608;238.76;50;10390514050;B
20240520;104608;238.77;20;10390514051;B
20240520;104610;238.77;10;10390514612;B
20240520;104619;238.77;10;10390515765;B
20240520;104628;238.75;20;10390516548;S
20240520;104630;238.75;20;10390516771;S
20240520;104630;238.75;20;10390516772;S
20240520;104630;238.75;100;10390516773;S
20240520;104630;238.74;100;10390516774;S
20240520;104630;238.74;1900;10390516775;S
20240520;104631;238.71;50;10390516812;S
20240520;104631;238.71;700;10390516813;S
20240520;104631;238.7;800;10390516814;S
20240520;104631;238.7;10;10390516815;S
20240520;104631;238.7;60;10390516816;S
20240520;104631;238.7;40;10390516818;S
20240520;104653;238.67;10;10390519447;B
20240520;104654;238.65;20;10390519515;S
20240520;104654;238.64;80;10390519516;S
20240520;104656;238.64;60;10390519730;S
20240520;104659;238.64;300;10390519987;S
20240520;104703;238.64;100;10390520429;S
20240520;104705;238.67;100;10390520679;B
20240520;104705;238.67;100;10390520680;B
20240520;104705;238.67;170;10390520681;B
20240520;104705;238.68;30;10390520682;B
20240520;104705;238.71;510;10390520683;B
20240520;104705;238.72;40;10390520684;B
20240520;104705;238.72;60;10390520685;B
20240520;104705;238.72;750;10390520686;B
20240520;104705;238.75;400;10390520687;B
20240520;104705;238.79;920;10390520688;B
20240520;104710;238.71;240;10390521226;B
20240520;104714;238.72;10;10390521602;B
20240520;104714;238.65;100;10390521612;S
20240520;104719;238.65;30;10390522220;B
20240520;104719;238.64;1000;10390522221;S
20240520;104720;238.64;10;10390522366;S
20240520;104720;238.64;70;10390522367;S
20240520;104720;238.65;10;10390522375;B
20240520;104721;238.65;100;10390522479;B
20240520;104727;238.65;10;10390522984;B
20240520;104729;238.64;50;10390523203;S
20240520;104733;238.65;10;10390523633;B
20240520;104738;238.65;10;10390524275;B
20240520;104739;238.65;10;10390524378;B
20240520;104739;238.64;240;10390524460;S
20240520;104740;238.65;30;10390524493;B
20240520;104744;238.65;10;10390524962;B
20240520;104747;238.65;10;10390525247;B
20240520;104748;238.64;10;10390525413;S
20240520;104752;238.64;40;10390525797;S
20240520;104759;238.64;90;10390526655;S
20240520;104759;238.64;20;10390526656;S
20240520;104759;238.64;20;10390526657;S
20240520;104759;238.63;200;10390526658;S
20240520;104759;238.63;170;10390526659;S
20240520;104759;238.62;20;10390526660;S
20240520;104759;238.62;60;10390526661;S
20240520;104759;238.62;60;10390526662;S
20240520;104759;238.61;860;10390526663;S
20240520;104800;238.65;10;10390526772;B
20240520;104803;238.61;10;10390527115;S
20240520;104803;238.6;10;10390527116;S
20240520;104803;238.58;20;10390527117;S
20240520;104803;238.58;30;10390527118;S
20240520;104803;238.57;10;10390527158;S
20240520;104807;238.57;10;10390527705;S
20240520;104808;238.62;10;10390527901;B
20240520;104809;238.62;10;10390528018;B
20240520;104815;238.62;30;10390529259;B
20240520;104815;238.57;120;10390529303;S
20240520;104815;238.57;100;10390529304;S
20240520;104815;238.56;10;10390529305;S
20240520;104815;238.56;10;10390529306;S
20240520;104815;238.56;20;10390529307;S
20240520;104815;238.56;290;10390529308;S
20240520;104815;238.56;160;10390529309;S
20240520;104815;238.55;980;10390529310;S
20240520;104816;238.55;50;10390529458;S
20240520;104817;238.6;420;10390529545;B
20240520;104825;238.55;10;10390530746;S
20240520;104827;238.55;190;10390530952;S
20240520;104832;238.56;10;10390531781;B
20240520;104832;238.57;140;10390531782;B
20240520;104835;238.56;10;10390532143;B
20240520;104843;238.56;10;10390533180;B
20240520;104852;238.56;40;10390534099;B
20240520;104852;238.56;50;10390534220;B
20240520;104855;238.55;10;10390534471;S
20240520;104855;238.55;20;10390534472;S
20240520;104858;238.56;10;10390534800;B
20240520;104858;238.56;10;10390534801;B
20240520;104858;238.56;10;10390534802;B
20240520;104858;238.57;10;10390534803;B
20240520;104900;238.55;10;10390535067;S
20240520;104902;238.56;160;10390535189;S
20240520;104902;238.55;480;10390535190;S
20240520;104902;238.54;120;10390535191;S
20240520;104902;238.54;20;10390535192;S
20240520;104902;238.54;80;10390535193;S
20240520;104902;238.54;90;10390535194;S
20240520;104902;238.54;400;10390535195;S
20240520;104902;238.53;4090;10390535196;S
20240520;104902;238.53;50;10390535197;S
20240520;104902;238.53;30;10390535198;S
20240520;104902;238.52;10;10390535199;S
20240520;104902;238.51;20;10390535200;S
20240520;104902;238.5;120;10390535201;S
20240520;104902;238.5;400;10390535202;S
20240520;104902;238.5;200;10390535203;S
20240520;104902;238.5;420;10390535204;S
20240520;104902;238.5;50;10390535205;S
20240520;104902;238.5;50;10390535206;S
20240520;104902;238.5;170;10390535207;S
20240520;104902;238.48;200;10390535216;S
20240520;104902;238.45;10;10390535217;S
20240520;104902;238.45;980;10390535218;S
20240520;104902;238.44;10;10390535222;S
20240520;104902;238.42;10;10390535267;S
20240520;104902;238.41;490;10390535268;S
20240520;104902;238.41;400;10390535297;S
20240520;104902;238.41;70;10390535298;S
20240520;104902;238.4;10;10390535299;S
20240520;104902;238.39;160;10390535300;S
20240520;104902;238.38;40;10390535301;S
20240520;104902;238.38;920;10390535302;S
20240520;104902;238.37;60;10390535303;S
20240520;104902;238.37;4000;10390535304;S
20240520;104902;238.37;750;10390535305;S
20240520;104902;238.36;10;10390535306;S
20240520;104902;238.34;10;10390535307;S
20240520;104902;238.34;200;10390535308;S
20240520;104902;238.32;300;10390535309;S
20240520;104902;238.31;1840;10390535310;S
20240520;104902;238.31;30;10390535311;S
20240520;104902;238.3;300;10390535312;S
20240520;104902;238.3;10;10390535313;S
20240520;104902;238.3;2590;10390535314;S
20240520;104902;238.39;20;10390535353;S
20240520;104902;238.39;50;10390535354;S
20240520;104902;238.3;410;10390535355;S
20240520;104902;238.29;160;10390535356;S
20240520;104902;238.27;20;10390535357;S
20240520;104904;238.37;10;10390535709;B
20240520;104905;238.37;50;10390535928;B
20240520;104912;238.38;20;10390537063;B
20240520;104912;238.43;80;10390537064;B
20240520;104912;238.45;900;10390537065;B
20240520;104921;238.48;40;10390538246;B
20240520;104921;238.49;10;10390538247;B
20240520;104921;238.49;70;10390538248;B
20240520;104923;238.38;10;10390538987;B
20240520;104927;238.38;10;10390539565;B
20240520;104930;238.37;10;10390539959;S
20240520;104932;238.35;50;10390540161;S
20240520;104932;238.34;140;10390540162;S
20240520;104932;238.33;30;10390540163;S
20240520;104943;238.37;10;10390541517;B
20240520;104955;238.37;80;10390542782;B
20240520;104955;238.37;80;10390542783;S
20240520;105002;238.38;20;10390544352;B
20240520;105002;238.38;60;10390544368;B
20240520;105002;238.38;20;10390544369;B
20240520;105002;238.42;140;10390544370;B
20240520;105002;238.43;170;10390544371;B
20240520;105002;238.45;110;10390544372;B
20240520;105002;238.38;30;10390544400;S
20240520;105002;238.38;20;10390544403;S
20240520;105004;238.38;20;10390544630;S
20240520;105007;238.47;10;10390544990;B
20240520;105007;238.47;10;10390545027;B
