<DATE>;<TIME>;<LAST>;<VOL>;<ID>;<OPER>
20241009;095942;133.34;500;11277255024;B
20241009;095942;133.34;110;11277255025;B
20241009;095942;133.34;10;11277255026;B
20241009;095942;133.34;200;11277255027;B
20241009;095942;133.34;200;11277255028;B
20241009;095942;133.34;100;11277255029;S
20241009;095942;133.34;10;11277255030;S
20241009;095942;133.34;10;11277255031;B
20241009;095942;133.34;10;11277255032;B
20241009;095942;133.34;90;11277255033;B
20241009;095942;133.34;10;11277255034;B
20241009;095942;133.34;80;11277255035;B
20241009;095942;133.34;10;11277255036;S
20241009;095942;133.34;100;11277255037;S
20241009;095942;133.34;10;11277255038;S
20241009;095942;133.34;30;11277255039;B
20241009;095942;133.34;20;11277255040;B
20241009;095942;133.34;300;11277255041;B
20241009;095942;133.34;50;11277255042;S
20241009;095942;133.34;150;11277255043;B
20241009;095942;133.34;10;11277255044;S
20241009;095942;133.34;10;11277255045;S
20241009;095942;133.34;830;11277255046;B
20241009;095942;133.34;10;11277255047;B
20241009;095942;133.34;20;11277255048;B
20241009;095942;133.34;100;11277255049;S
20241009;095942;133.34;50;11277255050;B
20241009;095942;133.34;30;11277255051;B
20241009;095942;133.34;30;11277255052;B
20241009;095942;133.34;40;11277255053;B
20241009;095942;133.34;10;11277255054;S
20241009;095942;133.34;30;11277255055;S
20241009;095942;133.34;20;11277255056;S
20241009;095942;133.34;20;11277255057;B
20241009;100000;133.34;60;11277257884;B
20241009;100000;133.34;30;11277257885;B
20241009;100000;133.36;10;11277257886;B
20241009;100000;133.16;70;11277257938;S
20241009;100000;133.16;330;11277257946;S
20241009;100000;133.16;90;11277257947;S
20241009;100000;133.14;10;11277257948;S
20241009;100000;133.14;230;11277257949;S
20241009;100000;133.34;710;11277257995;S
20241009;100001;133.3;10;11277258326;S
20241009;100001;133.34;10;11277258329;B
20241009;100002;133.34;10;11277258479;B
20241009;100002;133.34;10;11277258633;B
20241009;100002;133.34;10;11277258762;B
20241009;100004;133.12;10;11277260444;S
20241009;100005;133.12;10;11277261624;S
20241009;100005;133.14;40;11277262071;B
20241009;100005;133.14;40;11277262204;B
20241009;100012;133.16;250;11277264484;S
20241009;100014;133.16;100;11277265049;S
20241009;100018;133.16;10;11277265708;S
20241009;100018;133.16;750;11277265711;S
20241009;100018;133.14;250;11277265712;S
20241009;100020;133.14;180;11277266255;S
20241009;100020;133.14;20;11277266256;S
20241009;100023;133.3;50;11277267273;B
20241009;100029;133.3;480;11277268483;B
20241009;100029;133.32;220;11277268484;B
20241009;100030;133.34;470;11277268602;B
20241009;100030;133.34;1000;11277268603;B
20241009;100030;133.36;30;11277268604;B
20241009;100032;133.36;10;11277269016;B
20241009;100038;133.3;10;11277270216;S
20241009;100038;133.28;30;11277270217;S
20241009;100040;133.22;50;11277270524;S
20241009;100043;133.36;950;11277271219;B
20241009;100043;133.36;50;11277271220;B
20241009;100043;133.26;750;11277271422;S
20241009;100043;133.26;530;11277271423;S
20241009;100043;133.24;1720;11277271424;S
20241009;100055;133.2;60;11277273646;S
20241009;100059;133.22;100;11277274798;S
20241009;100101;133.24;80;11277276377;S
20241009;100101;133.24;390;11277276378;S
20241009;100101;133.26;10;11277276556;B
20241009;100108;133.2;120;11277278738;S
20241009;100110;133.26;90;11277279204;B
20241009;100110;133.28;50;11277279205;B
20241009;100116;133.22;10;11277280391;S
20241009;100116;133.22;10;11277280392;S
20241009;100116;133.22;750;11277280393;S
20241009;100118;133.18;50;11277280646;S
20241009;100118;133.18;50;11277280647;S
20241009;100118;133.18;50;11277280648;S
20241009;100118;133.18;50;11277280649;S
20241009;100118;133.18;200;11277280650;S
20241009;100118;133.16;2000;11277280651;S
20241009;100118;133.14;600;11277280652;S
20241009;100119;133.28;10;11277280851;B
20241009;100121;133.16;10;11277281389;S
20241009;100124;133.2;70;11277281914;S
20241009;100135;133.28;170;11277283952;B
20241009;100135;133.28;30;11277283953;S
20241009;100137;133.2;10;11277284279;S
20241009;100140;133.26;20;11277284915;B
20241009;100142;133.16;40;11277285299;S
20241009;100142;133.16;50;11277285300;S
20241009;100142;133.16;50;11277285301;S
20241009;100142;133.16;20;11277285302;S
20241009;100142;133.16;260;11277285303;S
20241009;100149;133.26;10;11277286811;B
20241009;100157;133.16;20;11277288742;S
20241009;100157;133.16;750;11277288743;S
20241009;100157;133.16;20;11277288744;S
20241009;100157;133.14;1210;11277288745;S
20241009;100215;133.18;90;11277292527;B
20241009;100216;133.14;190;11277292758;S
20241009;100216;133.14;50;11277292759;S
20241009;100216;133.14;10;11277292760;S
20241009;100218;133.14;100;11277293090;B
20241009;100218;133.12;70;11277293094;S
20241009;100218;133.12;30;11277293095;S
20241009;100218;133.12;10;11277293096;S
20241009;100218;133.1;20;11277293097;S
20241009;100218;133.1;50;11277293098;S
20241009;100218;133.08;20;11277293099;S
20241009;100218;133.08;30;11277293100;S
20241009;100219;133.1;10;11277293328;S
20241009;100219;133.06;20;11277293329;S
20241009;100219;133.06;40;11277293330;S
20241009;100219;133.04;20;11277293331;S
20241009;100219;133.04;50;11277293332;S
20241009;100219;133.04;10;11277293333;S
20241009;100222;133.1;10;11277293857;S
20241009;100222;133.08;750;11277293858;S
20241009;100222;133.08;90;11277293859;S
20241009;100222;133.06;1250;11277293860;S
20241009;100224;133.04;20;11277294353;S
20241009;100224;133.04;220;11277294354;S
20241009;100225;133.12;50;11277294408;B
20241009;100225;133.04;40;11277294591;S
20241009;100229;133.12;70;11277295320;B
20241009;100229;133.12;30;11277295321;S
20241009;100229;133.04;740;11277295426;S
20241009;100229;133.04;10;11277295427;S
20241009;100229;133.04;90;11277295428;S
20241009;100229;133.02;30;11277295429;S
20241009;100229;133.02;10;11277295430;S
20241009;100229;133.02;120;11277295431;S
20241009;100230;133.02;10;11277295560;S
20241009;100230;133.02;10;11277295561;S
20241009;100230;133;20;11277295562;S
20241009;100230;133;660;11277295563;S
20241009;100230;133;330;11277295621;S
20241009;100230;133;10;11277295622;S
20241009;100230;133;10;11277295623;S
20241009;100230;133;1000;11277295624;S
20241009;100230;133;10;11277295625;S
20241009;100230;133;10;11277295626;S
20241009;100230;133;30;11277295627;S
20241009;100230;133;10;11277295628;S
20241009;100230;133;20;11277295629;S
20241009;100230;133;370;11277295630;S
20241009;100230;133;10;11277295631;S
20241009;100230;133;10;11277295632;S
20241009;100230;133;1000;11277295633;S
20241009;100230;133;290;11277295634;S
20241009;100230;133;10;11277295635;S
20241009;100230;133;10;11277295636;S
20241009;100230;133;10;11277295637;S
20241009;100230;133;10;11277295638;S
20241009;100230;133;10;11277295678;B
20241009;100230;133;80;11277295683;B
20241009;100231;133;10;11277295735;B
20241009;100231;133;60;11277295796;B
20241009;100231;132.98;10;11277295822;B
20241009;100231;132.98;10;11277295900;B
20241009;100232;132.9;10;11277295922;S
20241009;100234;132.98;20;11277296391;B
20241009;100235;132.98;20;11277296579;B
20241009;100237;132.92;50;11277296843;S
20241009;100237;132.9;90;11277296844;S
20241009;100237;132.9;100;11277296845;S
20241009;100237;132.9;20;11277296846;S
20241009;100237;132.9;10;11277296847;S
20241009;100237;132.9;10;11277296848;S
20241009;100237;132.9;150;11277296849;S
20241009;100237;132.9;190;11277296850;S
20241009;100237;132.88;190;11277296851;S
20241009;100237;132.86;30;11277296852;S
20241009;100237;132.82;30;11277296853;S
20241009;100237;132.82;50;11277296854;S
20241009;100237;132.82;20;11277296855;S
20241009;100237;132.82;90;11277296856;S
20241009;100237;132.82;300;11277296857;S
20241009;100237;132.8;10;11277296858;S
20241009;100237;132.8;10;11277296859;S
20241009;100237;132.8;500;11277296860;S
20241009;100237;132.8;100;11277296861;S
20241009;100237;132.8;10;11277296862;S
20241009;100237;132.8;300;11277296863;S
20241009;100237;132.78;10;11277296864;S
20241009;100237;132.78;30;11277296865;S
20241009;100237;132.76;20;11277296866;S
20241009;100237;132.76;150;11277296867;S
20241009;100237;132.76;10;11277296868;S
20241009;100237;132.74;30;11277296869;S
20241009;100237;132.72;10;11277296870;S
20241009;100237;132.72;230;11277296871;S
20241009;100237;132.72;250;11277296872;S
20241009;100237;132.9;20;11277296873;S
20241009;100237;132.74;200;11277296891;S
20241009;100237;132.92;20;11277296895;B
20241009;100237;132.92;20;11277296897;B
20241009;100237;132.82;290;11277296905;S
20241009;100237;132.8;10;11277296906;S
20241009;100237;132.78;90;11277296907;S
20241009;100237;132.76;90;11277296908;S
20241009;100237;132.74;20;11277296909;S
20241009;100238;132.84;10;11277297015;S
20241009;100238;132.92;20;11277297131;B
20241009;100239;132.84;10;11277297282;S
20241009;100239;132.84;30;11277297283;S
20241009;100239;132.84;20;11277297287;S
20241009;100239;132.82;20;11277297288;S
20241009;100239;132.82;30;11277297292;S
20241009;100239;132.8;10;11277297293;S
20241009;100239;132.8;40;11277297295;S
20241009;100239;132.8;40;11277297299;S
20241009;100239;132.8;40;11277297307;S
20241009;100239;132.8;40;11277297309;S
20241009;100239;132.8;40;11277297310;S
20241009;100240;132.8;40;11277297312;S
20241009;100240;132.8;40;11277297314;S
20241009;100240;132.8;20;11277297330;S
20241009;100240;132.78;20;11277297331;S
20241009;100240;132.78;30;11277297338;S
20241009;100240;132.76;10;11277297339;S
20241009;100240;132.74;40;11277297342;S
20241009;100240;132.74;40;11277297344;S
20241009;100240;132.74;40;11277297345;S
20241009;100240;132.74;40;11277297346;S
20241009;100240;132.74;40;11277297362;S
20241009;100240;132.74;40;11277297367;S
20241009;100240;132.74;40;11277297379;S
20241009;100240;132.74;40;11277297389;S
20241009;100240;132.74;40;11277297405;S
20241009;100240;132.74;40;11277297423;S
20241009;100240;132.74;40;11277297428;S
20241009;100240;132.74;40;11277297434;S
20241009;100240;132.74;30;11277297438;S
20241009;100240;132.72;10;11277297439;S
20241009;100240;132.72;40;11277297440;S
20241009;100240;132.72;40;11277297447;S
20241009;100240;132.72;40;11277297448;S
20241009;100240;132.72;40;11277297452;S
20241009;100240;132.72;40;11277297457;S
20241009;100240;132.72;40;11277297461;S
20241009;100240;132.88;50;11277297462;B
20241009;100240;132.9;50;11277297463;B
20241009;100240;132.9;470;11277297464;B
20241009;100240;132.72;40;11277297465;S
20241009;100240;132.72;20;11277297467;S
20241009;100240;132.7;10;11277297468;S
20241009;100240;132.7;10;11277297469;S
20241009;100240;132.7;10;11277297475;S
20241009;100240;132.7;30;11277297476;S
20241009;100240;132.7;30;11277297489;S
20241009;100240;132.7;10;11277297490;S
20241009;100240;132.7;40;11277297493;S
20241009;100240;132.7;10;11277297494;S
20241009;100240;132.7;30;11277297495;S
20241009;100240;132.7;10;11277297498;S
20241009;100240;132.68;30;11277297499;S
20241009;100241;132.74;20;11277297581;S
20241009;100241;132.68;20;11277297582;S
20241009;100241;132.68;150;11277297619;S
20241009;100241;132.68;270;11277297620;S
20241009;100241;132.68;750;11277297621;S
20241009;100241;132.66;80;11277297622;S
20241009;100241;132.66;40;11277297623;S
20241009;100241;132.66;40;11277297626;S
20241009;100241;132.66;40;11277297630;S
20241009;100241;132.66;40;11277297634;S
20241009;100241;132.66;40;11277297648;S
20241009;100241;132.66;20;11277297650;S
20241009;100241;132.66;20;11277297651;S
20241009;100241;132.68;40;11277297664;S
20241009;100241;132.68;40;11277297665;S
20241009;100241;132.68;40;11277297668;S
20241009;100241;132.68;40;11277297670;S
20241009;100241;132.68;40;11277297674;S
20241009;100241;132.68;40;11277297676;S
20241009;100241;132.68;40;11277297679;S
20241009;100241;132.68;750;11277297680;S
20241009;100241;132.68;220;11277297681;S
20241009;100241;132.66;10;11277297686;S
20241009;100241;132.66;30;11277297687;S
20241009;100241;132.66;300;11277297688;S
20241009;100241;132.64;10;11277297689;S
20241009;100241;132.64;50;11277297690;S
20241009;100241;132.64;350;11277297691;S
20241009;100241;132.66;40;11277297694;S
20241009;100241;132.66;40;11277297698;S
20241009;100241;132.66;40;11277297700;S
20241009;100241;132.66;40;11277297701;S
20241009;100241;132.66;40;11277297705;S
20241009;100241;132.66;40;11277297709;S
20241009;100241;132.66;60;11277297710;S
20241009;100241;132.62;30;11277297711;S
20241009;100241;132.62;50;11277297712;S
20241009;100241;132.6;60;11277297713;S
20241009;100241;132.6;40;11277297716;S
20241009;100241;132.6;40;11277297717;S
20241009;100241;132.6;40;11277297719;S
20241009;100241;132.6;40;11277297722;S
20241009;100241;132.6;40;11277297724;S
20241009;100241;132.6;40;11277297727;S
20241009;100241;132.7;10;11277297728;B
20241009;100242;132.7;10;11277297737;B
20241009;100242;132.7;50;11277297738;B
20241009;100242;132.7;10;11277297767;B
20241009;100242;132.66;10;11277297909;B
20241009;100242;132.66;280;11277297911;B
20241009;100242;132.7;20;11277297927;B
20241009;100243;132.68;50;11277298010;S
20241009;100243;132.82;40;11277298068;B
20241009;100243;132.84;30;11277298069;B
20241009;100244;132.82;20;11277298273;S
20241009;100244;132.7;30;11277298302;S
20241009;100244;132.68;10;11277298303;S
20241009;100244;132.82;20;11277298378;S
20241009;100244;132.68;40;11277298381;S
20241009;100245;132.7;40;11277298480;S
20241009;100245;132.7;40;11277298482;S
20241009;100245;132.7;20;11277298483;S
20241009;100245;132.68;20;11277298484;S
20241009;100246;132.68;40;11277298503;S
20241009;100246;132.7;20;11277298648;S
20241009;100246;132.68;20;11277298649;S
20241009;100247;132.7;40;11277298733;S
20241009;100247;132.7;10;11277298750;S
20241009;100247;132.68;30;11277298751;S
20241009;100247;132.7;10;11277298784;B
20241009;100247;132.7;40;11277298809;S
20241009;100247;132.7;10;11277298811;S
20241009;100247;132.68;30;11277298812;S
20241009;100249;132.72;30;11277299030;S
20241009;100249;132.68;10;11277299031;S
20241009;100250;132.7;30;11277299275;S
20241009;100250;132.68;10;11277299276;S
20241009;100250;132.7;100;11277299296;B
20241009;100250;132.7;50;11277299300;B
20241009;100251;132.68;40;11277299318;S
20241009;100251;132.7;50;11277299422;B
20241009;100251;132.86;220;11277299423;B
20241009;100252;132.7;40;11277299563;S
20241009;100252;132.7;40;11277299569;S
20241009;100252;132.7;20;11277299617;S
20241009;100253;132.72;20;11277299712;S
20241009;100253;132.7;20;11277299713;S
20241009;100256;132.72;40;11277300089;S
20241009;100256;132.72;10;11277300097;S
20241009;100256;132.72;10;11277300098;S
20241009;100256;132.72;30;11277300099;S
20241009;100256;132.7;300;11277300100;S
20241009;100256;132.7;30;11277300242;S
20241009;100257;132.72;20;11277300373;S
20241009;100257;132.7;20;11277300374;S
20241009;100258;132.9;30;11277300619;B
20241009;100258;132.9;20;11277300620;B
20241009;100258;132.92;70;11277300621;B
20241009;100300;132.74;70;11277300779;S
20241009;100300;132.72;510;11277300780;S
20241009;100300;132.7;200;11277300781;S
20241009;100300;132.7;30;11277300782;S
20241009;100300;132.68;190;11277300783;S
20241009;100300;132.7;40;11277300917;S
20241009;100301;132.7;40;11277300919;S
20241009;100301;132.7;40;11277300925;S
20241009;100301;132.7;40;11277300938;S
20241009;100301;132.7;40;11277300939;S
20241009;100301;132.7;40;11277300942;S
20241009;100301;132.7;20;11277300943;S
20241009;100301;132.68;10;11277300944;S
20241009;100301;132.68;10;11277300945;S
20241009;100301;132.74;10;11277301029;S
20241009;100301;132.68;30;11277301030;S
20241009;100301;132.68;60;11277301032;S
20241009;100301;132.68;10;11277301033;S
20241009;100301;132.68;30;11277301034;S
20241009;100301;132.68;10;11277301035;S
20241009;100301;132.68;10;11277301036;S
20241009;100301;132.68;300;11277301037;S
20241009;100301;132.66;30;11277301038;S
20241009;100301;132.66;550;11277301039;S
20241009;100302;132.9;10;11277301214;B
20241009;100310;132.7;50;11277302532;B
20241009;100310;132.7;50;11277302534;B
20241009;100310;132.68;10;11277302573;S
20241009;100310;132.68;30;11277302574;S
20241009;100310;132.68;10;11277302575;S
20241009;100310;132.68;60;11277302576;S
20241009;100311;132.7;30;11277302583;S
20241009;100311;132.68;10;11277302584;S
20241009;100311;132.7;10;11277302703;S
20241009;100311;132.68;30;11277302704;S
20241009;100312;132.68;10;11277302860;S
20241009;100312;132.88;10;11277303028;B
20241009;100312;132.88;30;11277303030;B
20241009;100313;132.68;20;11277303127;S
20241009;100313;132.66;80;11277303128;S
20241009;100313;132.7;30;11277303144;S
20241009;100313;132.68;10;11277303145;S
20241009;100313;132.88;10;11277303159;B
20241009;100314;132.68;50;11277303384;S
20241009;100314;132.66;370;11277303385;S
20241009;100314;132.66;30;11277303386;S
20241009;100314;132.66;10;11277303387;S
20241009;100314;132.64;30;11277303388;S
20241009;100314;132.64;300;11277303389;S
20241009;100314;132.62;30;11277303390;S
20241009;100314;132.62;100;11277303391;S
20241009;100314;132.62;750;11277303392;S
20241009;100314;132.62;50;11277303393;S
20241009;100314;132.6;700;11277303394;S
20241009;100314;132.6;150;11277303395;S
20241009;100314;132.6;30;11277303396;S
20241009;100314;132.6;10;11277303397;S
20241009;100314;132.6;1320;11277303398;S
20241009;100314;132.6;50;11277303399;S
20241009;100314;132.6;10;11277303400;S
20241009;100314;132.6;20;11277303401;S
20241009;100314;132.6;10;11277303402;S
20241009;100314;132.6;350;11277303403;S
20241009;100314;132.6;10;11277303404;S
20241009;100314;132.58;30;11277303405;S
20241009;100314;132.58;100;11277303406;S
20241009;100314;132.56;20;11277303407;S
20241009;100314;132.54;30;11277303408;S
20241009;100314;132.54;40;11277303409;S
20241009;100314;132.54;50;11277303410;S
20241009;100314;132.54;10;11277303411;S
20241009;100314;132.54;40;11277303412;S
20241009;100314;132.52;50;11277303413;S
20241009;100314;132.52;10;11277303414;S
20241009;100314;132.52;30;11277303415;S
20241009;100314;132.52;50;11277303416;S
20241009;100314;132.52;400;11277303417;S
20241009;100314;132.52;100;11277303418;S
20241009;100314;132.5;1100;11277303419;S
20241009;100314;132.5;20;11277303420;S
20241009;100314;132.5;10;11277303421;S
20241009;100314;132.5;20;11277303422;S
20241009;100314;132.5;290;11277303423;S
20241009;100314;132.5;10;11277303424;S
20241009;100314;132.5;740;11277303425;S
20241009;100314;132.7;200;11277303452;S
20241009;100314;132.54;300;11277303453;S
20241009;100314;132.5;1260;11277303454;S
20241009;100314;132.5;10;11277303455;S
20241009;100314;132.5;130;11277303456;S
20241009;100314;132.5;10;11277303457;S
20241009;100314;132.5;10;11277303458;S
20241009;100314;132.5;10;11277303459;S
20241009;100314;132.5;230;11277303460;S
20241009;100314;132.64;40;11277303464;S
20241009;100314;132.64;250;11277303466;S
20241009;100314;132.52;40;11277303469;S
20241009;100314;132.7;30;11277303470;S
20241009;100315;132.52;260;11277303550;S
20241009;100315;132.5;240;11277303551;S
20241009;100315;132.5;40;11277303585;S
20241009;100315;132.6;20;11277303614;B
20241009;100315;132.5;990;11277303648;S
20241009;100315;132.5;10;11277303649;S
20241009;100315;132.5;10;11277303650;S
20241009;100315;132.5;10;11277303651;S
20241009;100315;132.5;50;11277303652;S
20241009;100315;132.5;30;11277303653;S
20241009;100315;132.5;10;11277303654;S
20241009;100315;132.5;10;11277303655;S
20241009;100315;132.5;10;11277303656;S
20241009;100315;132.48;10;11277303657;S
20241009;100315;132.48;100;11277303658;S
20241009;100315;132.48;30;11277303659;S
20241009;100315;132.48;10;11277303660;S
20241009;100315;132.48;30;11277303661;S
20241009;100315;132.48;350;11277303662;S
20241009;100315;132.46;330;11277303663;S
20241009;100315;132.5;10;11277303703;S
20241009;100315;132.5;30;11277303704;S
20241009;100316;132.6;30;11277303812;B
20241009;100316;132.66;100;11277303813;B
20241009;100316;132.68;370;11277303814;B
20241009;100316;132.68;30;11277303884;B
20241009;100317;132.68;30;11277304098;S
20241009;100318;132.68;30;11277304139;S
20241009;100318;132.68;30;11277304263;S
20241009;100325;132.6;30;11277305686;S
20241009;100325;132.6;10;11277305687;S
20241009;100325;132.62;30;11277305779;S
20241009;100325;132.62;20;11277305780;S
20241009;100325;132.6;50;11277305781;S
20241009;100326;132.6;100;11277305899;S
20241009;100328;132.68;10;11277306409;S
20241009;100328;132.62;20;11277306410;S
20241009;100328;132.6;10;11277306411;S
20241009;100328;132.62;30;11277306412;S
20241009;100328;132.6;10;11277306413;S
20241009;100328;132.6;40;11277306416;S
20241009;100328;132.6;40;11277306418;S
20241009;100328;132.6;40;11277306420;S
20241009;100328;132.6;40;11277306422;S
20241009;100328;132.6;40;11277306427;S
20241009;100328;132.6;40;11277306465;S
20241009;100328;132.6;40;11277306466;S
20241009;100328;132.6;30;11277306475;S
20241009;100328;132.6;10;11277306476;S
20241009;100328;132.6;40;11277306480;S
20241009;100328;132.6;40;11277306489;S
20241009;100330;132.6;30;11277306694;B
20241009;100330;132.58;30;11277306702;S
20241009;100330;132.58;10;11277306703;S
20241009;100330;132.58;10;11277306704;S
20241009;100330;132.58;100;11277306705;S
20241009;100330;132.6;10;11277306706;B
20241009;100330;132.6;20;11277306708;B
20241009;100330;132.56;40;11277306830;S
20241009;100333;132.58;20;11277307500;S
20241009;100333;132.56;60;11277307501;S
20241009;100333;132.56;10;11277307502;S
20241009;100333;132.56;30;11277307503;S
20241009;100333;132.56;20;11277307504;S
20241009;100333;132.56;300;11277307505;S
20241009;100333;132.54;20;11277307506;S
20241009;100333;132.52;30;11277307507;S
20241009;100333;132.5;60;11277307508;S
20241009;100335;132.58;10;11277307747;S
20241009;100335;132.56;30;11277307748;S
20241009;100335;132.6;10;11277307893;B
20241009;100335;132.56;10;11277307897;S
20241009;100336;132.6;30;11277308097;B
20241009;100337;132.6;30;11277308291;B
20241009;100340;132.58;30;11277308673;S
20241009;100340;132.58;10;11277308674;S
20241009;100343;132.58;30;11277309314;S
20241009;100343;132.58;10;11277309315;S
20241009;100343;132.58;10;11277309316;S
20241009;100343;132.58;30;11277309317;S
20241009;100343;132.56;420;11277309318;S
20241009;100343;132.58;10;11277309415;S
20241009;100345;132.56;40;11277309651;S
20241009;100345;132.56;150;11277309657;S
20241009;100345;132.56;10;11277309664;S
20241009;100345;132.56;30;11277309693;S
20241009;100345;132.56;10;11277309694;S
20241009;100345;132.56;10;11277309722;S
20241009;100345;132.56;100;11277309723;S
20241009;100345;132.54;30;11277309727;S
20241009;100346;132.58;30;11277309797;B
20241009;100346;132.54;10;11277309898;S
20241009;100346;132.52;40;11277309899;S
20241009;100346;132.5;50;11277309900;S
20241009;100346;132.58;30;11277309921;B
20241009;100347;132.58;10;11277310056;B
20241009;100347;132.5;60;11277310078;S
20241009;100347;132.5;10;11277310079;S
20241009;100347;132.5;100;11277310080;S
20241009;100347;132.5;10;11277310081;S
20241009;100347;132.5;30;11277310082;S
20241009;100347;132.5;90;11277310083;S
20241009;100347;132.5;40;11277310087;S
20241009;100347;132.5;40;11277310088;S
20241009;100347;132.5;40;11277310093;S
20241009;100347;132.5;40;11277310097;S
20241009;100348;132.48;60;11277310285;S
20241009;100348;132.46;170;11277310286;S
20241009;100348;132.46;30;11277310287;S
20241009;100348;132.46;60;11277310288;S
20241009;100348;132.44;50;11277310289;S
20241009;100348;132.44;30;11277310290;S
20241009;100348;132.44;300;11277310291;S
20241009;100348;132.42;750;11277310292;S
20241009;100348;132.42;30;11277310293;S
20241009;100348;132.42;30;11277310294;S
20241009;100348;132.4;10;11277310295;S
20241009;100348;132.4;50;11277310296;S
20241009;100348;132.4;200;11277310297;S
20241009;100348;132.4;200;11277310298;S
20241009;100348;132.4;860;11277310299;S
20241009;100349;132.48;10;11277310342;S
20241009;100349;132.42;290;11277310343;S
20241009;100349;132.42;10;11277310344;S
20241009;100349;132.4;30;11277310345;S
20241009;100349;132.42;50;11277310433;S
20241009;100349;132.42;250;11277310490;S
20241009;100349;132.42;10;11277310491;S
20241009;100349;132.4;90;11277310492;S
20241009;100349;132.4;20;11277310499;S
20241009;100349;132.4;40;11277310500;S
20241009;100349;132.4;30;11277310501;S
20241009;100349;132.4;30;11277310502;S
20241009;100349;132.4;10;11277310503;S
20241009;100349;132.38;50;11277310504;S
20241009;100349;132.36;10;11277310505;S
20241009;100349;132.36;60;11277310506;S
20241009;100349;132.34;300;11277310507;S
20241009;100349;132.32;20;11277310508;S
20241009;100349;132.32;10;11277310509;S
20241009;100349;132.32;420;11277310510;S
20241009;100350;132.34;80;11277310555;S
20241009;100350;132.42;80;11277310556;B
20241009;100350;132.34;200;11277310569;S
20241009;100350;132.42;10;11277310605;B
20241009;100350;132.32;60;11277310621;S
20241009;100350;132.42;100;11277310730;B
20241009;100350;132.4;40;11277310731;S
20241009;100350;132.36;50;11277310741;B
20241009;100350;132.42;60;11277310744;B
20241009;100352;132.44;40;11277311148;S
20241009;100352;132.42;30;11277311149;S
20241009;100352;132.38;930;11277311150;B
20241009;100353;132.48;40;11277311223;B
20241009;100353;132.5;10;11277311253;B
20241009;100355;132.48;110;11277311451;S
20241009;100355;132.44;10;11277311452;S
20241009;100355;132.44;30;11277311453;S
20241009;100355;132.42;350;11277311454;S
20241009;100357;132.44;20;11277311794;S
20241009;100357;132.5;100;11277311835;B
20241009;100357;132.46;50;11277311852;S
20241009;100357;132.44;180;11277311853;S
20241009;100357;132.44;10;11277311854;S
20241009;100357;132.42;30;11277311855;S
20241009;100357;132.42;110;11277311856;S
20241009;100358;132.5;100;11277311994;B
20241009;100359;132.46;50;11277312109;S
20241009;100359;132.44;50;11277312110;S
20241009;100359;132.4;40;11277312111;S
20241009;100404;132.48;40;11277313072;B
20241009;100405;132.46;100;11277313175;S
20241009;100405;132.48;40;11277313182;B
20241009;100406;132.48;50;11277313393;B
20241009;100406;132.48;80;11277313397;B
20241009;100407;132.48;20;11277313635;B
20241009;100407;132.48;1000;11277313636;B
20241009;100407;132.5;50;11277313637;B
20241009;100407;132.5;10;11277313638;B
20241009;100407;132.48;750;11277313654;S
20241009;100407;132.48;300;11277313655;S
20241009;100407;132.46;60;11277313656;S
20241009;100407;132.46;40;11277313657;S
20241009;100407;132.46;100;11277313658;S
20241009;100407;132.44;400;11277313659;S
20241009;100407;132.44;40;11277313660;S
20241009;100407;132.42;290;11277313661;S
20241009;100407;132.42;60;11277313662;S
20241009;100408;132.56;50;11277314029;B
20241009;100408;132.56;50;11277314030;B
20241009;100408;132.58;130;11277314031;B
20241009;100410;132.44;10;11277314514;S
20241009;100413;132.56;10;11277315002;B
20241009;100414;132.56;30;11277315212;B
20241009;100415;132.46;70;11277315246;S
20241009;100415;132.46;20;11277315247;S
20241009;100415;132.46;10;11277315248;S
20241009;100415;132.44;290;11277315249;S
20241009;100415;132.44;70;11277315250;S
20241009;100415;132.54;70;11277315405;B
20241009;100417;132.46;10;11277315730;S
20241009;100417;132.46;50;11277315731;S
20241009;100417;132.44;40;11277315732;S
20241009;100417;132.44;300;11277315733;S
20241009;100417;132.42;100;11277315734;S
20241009;100418;132.56;10;11277315968;B
20241009;100422;132.48;50;11277316760;B
20241009;100422;132.5;40;11277316919;B
20241009;100425;132.48;50;11277317357;S
20241009;100425;132.48;30;11277317358;S
20241009;100425;132.46;30;11277317359;S
20241009;100425;132.46;890;11277317360;S
20241009;100425;132.5;10;11277317367;B
20241009;100428;132.5;10;11277317943;B
20241009;100431;132.5;100;11277318375;B
20241009;100431;132.5;4640;11277318379;B
20241009;100431;132.5;40;11277318384;S
20241009;100431;132.5;40;11277318385;S
20241009;100431;132.5;40;11277318386;S
20241009;100431;132.5;40;11277318387;S
20241009;100431;132.5;40;11277318388;S
20241009;100431;132.5;40;11277318389;S
20241009;100431;132.5;40;11277318393;S
20241009;100431;132.5;40;11277318395;S
20241009;100431;132.5;40;11277318400;S
20241009;100431;132.48;40;11277318430;S
20241009;100433;132.5;10;11277318742;S
20241009;100433;132.5;30;11277318743;S
20241009;100433;132.5;40;11277318744;S
20241009;100433;132.5;40;11277318746;S
20241009;100433;132.5;40;11277318748;S
20241009;100433;132.5;40;11277318751;S
20241009;100433;132.5;10;11277318753;S
20241009;100433;132.48;750;11277318754;S
20241009;100433;132.46;110;11277318755;S
20241009;100433;132.46;380;11277318756;S
20241009;100433;132.46;300;11277318757;S
20241009;100433;132.44;10;11277318758;S
20241009;100433;132.44;70;11277318759;S
20241009;100433;132.44;30;11277318760;S
20241009;100433;132.44;100;11277318761;S
20241009;100433;132.42;40;11277318762;S
20241009;100433;132.42;40;11277318763;S
20241009;100433;132.42;10;11277318764;S
20241009;100433;132.42;10;11277318765;S
20241009;100433;132.42;1140;11277318766;S
20241009;100433;132.54;10;11277318771;B
20241009;100436;132.5;40;11277319260;S
20241009;100436;132.56;10;11277319267;B
20241009;100437;132.56;10;11277319467;B
20241009;100437;132.56;500;11277319565;B
20241009;100438;132.56;480;11277319774;B
20241009;100438;132.56;10;11277319775;B
20241009;100438;132.56;510;11277319776;B
20241009;100440;132.56;490;11277320053;B
20241009;100441;132.56;40;11277320171;S
20241009;100442;132.58;100;11277320372;B
20241009;100442;132.58;500;11277320465;B
20241009;100442;132.58;120;11277320469;B
20241009;100443;132.58;10;11277320658;B
20241009;100445;132.58;20;11277321015;B
20241009;100445;132.58;30;11277321032;B
20241009;100446;132.56;20;11277321112;S
20241009;100446;132.52;20;11277321113;S
20241009;100446;132.58;50;11277321219;B
20241009;100446;132.58;40;11277321223;B
20241009;100446;132.6;10;11277321224;B
20241009;100446;132.6;100;11277321254;B
20241009;100447;132.6;100;11277321332;B
20241009;100447;132.6;100;11277321391;B
20241009;100447;132.6;100;11277321412;B
20241009;100448;132.6;310;11277321637;B
20241009;100448;132.6;100;11277321638;B
20241009;100448;132.64;90;11277321639;B
20241009;100448;132.58;10;11277321714;S
20241009;100448;132.66;100;11277321729;B
20241009;100449;132.62;40;11277321904;S
20241009;100449;132.6;40;11277321906;S
20241009;100449;132.6;40;11277321907;S
20241009;100449;132.6;40;11277321912;S
20241009;100449;132.6;40;11277321917;S
20241009;100449;132.6;40;11277321920;S
20241009;100449;132.6;40;11277321923;S
20241009;100449;132.6;10;11277321926;S
20241009;100449;132.58;20;11277321927;S
20241009;100449;132.58;10;11277321928;S
20241009;100450;132.6;20;11277321931;S
20241009;100450;132.58;10;11277321932;S
20241009;100450;132.58;10;11277321933;S
20241009;100451;132.58;20;11277322149;S
20241009;100453;132.64;20;11277322565;B
20241009;100453;132.66;100;11277322566;B
20241009;100453;132.66;50;11277322567;B
20241009;100453;132.68;50;11277322568;B
20241009;100453;132.68;10;11277322569;B
20241009;100453;132.6;40;11277322572;S
20241009;100456;132.68;50;11277323113;B
20241009;100456;132.68;10;11277323153;B
20241009;100458;132.68;100;11277323581;B
20241009;100500;132.68;80;11277324093;B
20241009;100500;132.72;40;11277324094;B
20241009;100500;132.74;40;11277324095;B
20241009;100500;132.74;10;11277324096;B
20241009;100500;132.76;790;11277324097;B
20241009;100500;132.8;100;11277324098;B
20241009;100500;132.8;1090;11277324099;B
20241009;100500;132.9;300;11277324100;B
20241009;100500;132.92;300;11277324101;B
20241009;100500;132.96;530;11277324102;B
20241009;100500;132.96;490;11277324103;B
20241009;100500;132.98;1530;11277324104;B
20241009;100500;132.98;500;11277324105;B
20241009;100500;133;1730;11277324106;B
20241009;100500;132.9;40;11277324197;B
20241009;100503;132.74;20;11277324842;S
20241009;100505;132.76;40;11277325206;S
20241009;100505;132.74;30;11277325207;S
20241009;100505;132.72;30;11277325208;S
20241009;100509;132.86;10;11277326107;B
20241009;100511;132.78;10;11277326467;S
20241009;100511;132.74;30;11277326468;S
20241009;100511;132.72;300;11277326469;S
20241009;100511;132.72;30;11277326470;S
20241009;100511;132.7;530;11277326471;S
20241009;100511;132.68;100;11277326472;S
20241009;100512;132.84;10;11277326737;B
20241009;100513;132.82;10;11277326896;B
20241009;100513;132.82;10;11277326915;B
20241009;100513;132.84;30;11277326916;B
20241009;100513;132.84;30;11277326917;B
20241009;100513;132.86;10;11277326918;B
20241009;100513;132.88;250;11277326919;B
20241009;100513;132.92;20;11277326920;B
20241009;100513;132.94;20;11277326921;B
20241009;100513;132.96;300;11277326922;B
20241009;100513;132.96;40;11277326923;B
20241009;100513;132.98;10;11277326924;B
20241009;100513;132.98;530;11277326925;B
20241009;100513;133;750;11277326926;B
20241009;100513;132.82;100;11277327002;B
20241009;100514;132.72;40;11277327120;S
20241009;100514;132.7;40;11277327121;S
20241009;100514;132.7;40;11277327122;S
20241009;100514;132.82;730;11277327208;B
20241009;100514;132.82;250;11277327209;B
20241009;100514;132.86;10;11277327210;B
20241009;100514;132.98;10;11277327211;B
20241009;100516;132.98;20;11277327459;B
20241009;100519;132.96;20;11277328294;B
20241009;100522;132.96;20;11277328825;B
20241009;100522;132.96;80;11277328826;B
20241009;100524;132.96;70;11277329145;B
20241009;100525;132.96;70;11277329262;B
20241009;100525;132.96;20;11277329390;B
20241009;100525;132.96;10;11277329468;B
20241009;100525;132.98;20;11277329469;B
20241009;100525;132.98;10;11277329470;B
20241009;100525;132.98;30;11277329471;B
20241009;100526;132.98;220;11277329545;B
20241009;100526;133;580;11277329546;B
20241009;100526;132.92;70;11277329596;B
20241009;100527;132.92;70;11277329719;B
20241009;100527;132.92;10;11277329801;B
20241009;100527;132.92;70;11277329843;B
20241009;100533;132.82;20;11277330846;S
20241009;100533;132.8;40;11277330847;S
20241009;100533;132.8;70;11277330848;S
20241009;100533;132.78;90;11277330849;S
20241009;100535;132.9;40;11277331332;B
20241009;100535;132.9;350;11277331333;B
20241009;100535;132.9;250;11277331334;B
20241009;100535;132.92;90;11277331335;B
20241009;100536;132.78;10;11277331393;S
20241009;100536;132.78;40;11277331394;S
20241009;100536;132.92;10;11277331543;B
20241009;100539;132.92;50;11277332021;B
20241009;100539;132.78;50;11277332070;S
20241009;100544;132.82;530;11277332808;S
20241009;100544;132.82;140;11277332809;S
20241009;100544;132.82;270;11277332810;S
20241009;100544;132.8;60;11277332811;S
20241009;100546;132.9;200;11277333290;B
20241009;100557;132.88;10;11277335248;B
20241009;100557;132.88;340;11277335291;B
20241009;100557;132.9;310;11277335292;B
20241009;100557;132.9;200;11277335293;B
20241009;100558;132.92;10;11277335435;B
20241009;100559;132.92;500;11277335461;B
20241009;100601;132.92;10;11277335850;B
20241009;100606;132.92;50;11277337023;B
20241009;100608;132.92;10;11277337443;B
20241009;100611;132.92;10;11277338004;B
20241009;100618;132.92;10;11277339110;B
20241009;100621;132.92;150;11277339863;B
20241009;100625;132.92;20;11277340574;B
20241009;100627;132.92;10;11277340853;B
20241009;100632;132.9;60;11277341843;S
20241009;100635;132.92;350;11277342109;B
20241009;100635;132.92;150;11277342110;B
20241009;100637;132.9;10;11277342577;S
20241009;100640;132.92;10;11277342929;B
20241009;100642;132.9;80;11277343158;S
20241009;100642;132.9;10;11277343159;S
20241009;100642;132.9;300;11277343160;S
20241009;100642;132.9;10;11277343161;S
20241009;100646;132.84;160;11277343843;S
20241009;100646;132.82;40;11277343844;S
20241009;100646;132.82;10;11277343850;S
20241009;100646;132.82;10;11277343851;S
20241009;100646;132.82;10;11277343852;S
20241009;100649;132.92;10;11277344180;B
20241009;100651;132.92;130;11277344595;B
20241009;100651;132.92;1000;11277344596;B
20241009;100651;132.92;270;11277344597;B
20241009;100651;132.92;20;11277344598;B
20241009;100651;132.94;160;11277344599;B
20241009;100651;132.96;40;11277344600;B
20241009;100651;132.96;170;11277344601;B
20241009;100651;133;180;11277344602;B
20241009;100653;132.9;10;11277344878;B
20241009;100653;132.98;240;11277344879;B
20241009;100656;132.98;150;11277345399;B
20241009;100658;133;10;11277345813;B
20241009;100700;132.9;250;11277346075;S
20241009;100700;132.9;90;11277346076;S
20241009;100700;132.88;90;11277346077;S
20241009;100700;132.86;520;11277346078;S
20241009;100700;132.84;10;11277346079;S
20241009;100700;132.84;100;11277346080;S
20241009;100700;132.84;10;11277346081;S
20241009;100700;132.82;10;11277346082;S
20241009;100700;132.82;540;11277346083;S
20241009;100700;132.82;80;11277346084;S
20241009;100700;132.82;530;11277346085;S
20241009;100700;132.8;1520;11277346086;S
20241009;100703;132.94;40;11277346408;B
20241009;100704;132.98;100;11277346632;B
20241009;100706;132.98;530;11277346765;B
20241009;100706;133;590;11277346766;B
20241009;100706;133;100;11277346767;B
20241009;100706;133;10;11277346768;B
20241009;100706;133;250;11277346769;B
20241009;100706;133;1020;11277346770;B
20241009;100706;133;430;11277346832;B
20241009;100706;133;40;11277346833;B
20241009;100706;133.02;250;11277346834;B
20241009;100706;133.02;140;11277346835;B
20241009;100706;133.04;140;11277346836;B
20241009;100706;133.08;10;11277346866;B
20241009;100706;133.1;70;11277346867;B
20241009;100708;133.1;100;11277347098;B
20241009;100711;133.1;830;11277347613;B
20241009;100711;133.1;20;11277347614;B
20241009;100713;133.12;20;11277347944;B
20241009;100713;133.14;20;11277347945;B
20241009;100713;133.16;30;11277347946;B
20241009;100713;133.16;1190;11277347947;S
20241009;100713;133.16;300;11277347948;S
20241009;100713;133.16;840;11277347949;S
20241009;100714;133.18;30;11277348093;B
20241009;100714;133.2;70;11277348094;B
20241009;100714;133.2;930;11277348134;B
20241009;100714;133.2;10;11277348135;B
20241009;100714;133.2;30;11277348136;B
20241009;100714;133.22;40;11277348137;B
20241009;100714;133.22;300;11277348138;B
20241009;100714;133.24;40;11277348139;B
20241009;100714;133.26;40;11277348140;B
20241009;100714;133.28;50;11277348141;B
20241009;100714;133.3;50;11277348142;B
20241009;100714;133.32;50;11277348143;B
20241009;100714;133.34;60;11277348144;B
20241009;100714;133.34;300;11277348145;B
20241009;100714;133.36;500;11277348146;B
20241009;100714;133.36;60;11277348147;B
20241009;100714;133.38;60;11277348148;B
20241009;100714;133.38;100;11277348149;B
20241009;100714;133.4;60;11277348150;B
20241009;100714;133.42;620;11277348151;B
20241009;100716;133.1;370;11277348620;S
20241009;100716;132.98;300;11277348621;S
20241009;100716;132.98;40;11277348622;S
20241009;100722;132.98;350;11277349532;B
20241009;100724;132.94;10;11277349944;S
20241009;100724;132.94;240;11277349945;S
20241009;100726;132.94;290;11277350157;S
20241009;100726;132.92;1000;11277350158;S
20241009;100726;132.84;790;11277350159;S
20241009;100726;132.82;50;11277350160;S
20241009;100726;132.8;100;11277350161;S
20241009;100726;132.8;40;11277350162;S
20241009;100726;132.8;1480;11277350163;S
20241009;100734;133.04;10;11277351222;B
20241009;100735;133.04;300;11277351400;B
20241009;100735;133.06;250;11277351401;B
20241009;100735;133.1;40;11277351402;B
20241009;100735;133.12;250;11277351403;B
20241009;100735;133.14;20;11277351404;B
20241009;100737;132.84;10;11277351730;S
20241009;100737;132.82;20;11277351731;S
20241009;100737;132.82;40;11277351732;S
20241009;100737;132.8;30;11277351733;S
20241009;100740;133.02;10;11277352113;B
20241009;100740;133.04;10;11277352114;B
20241009;100740;132.8;50;11277352230;S
20241009;100742;133.08;50;11277352575;B
20241009;100746;132.82;10;11277353101;S
20241009;100746;132.8;50;11277353102;S
20241009;100747;133;10;11277353236;B
20241009;100747;133.02;90;11277353237;B
20241009;100748;133;10;11277353376;B
20241009;100810;133;10;11277356972;B
20241009;100814;133;30;11277357620;B
20241009;100814;133;200;11277357621;B
20241009;100814;133;440;11277357622;B
20241009;100816;133.04;1060;11277357776;B
20241009;100820;133.04;270;11277358445;B
20241009;100828;133.04;30;11277359749;B
20241009;100831;133.04;10;11277360013;B
20241009;100834;133.02;10;11277360376;S
20241009;100834;133;290;11277360377;S
20241009;100835;133.04;20;11277360464;B
20241009;100840;133;10;11277361221;S
20241009;100840;133;40;11277361222;S
20241009;100840;132.88;120;11277361223;S
20241009;100840;132.86;530;11277361224;S
20241009;100840;132.86;120;11277361225;S
20241009;100840;132.84;1430;11277361226;S
20241009;100841;133;50;11277361315;B
20241009;100844;132.84;70;11277361594;S
20241009;100844;132.84;90;11277361595;S
20241009;100844;132.82;10;11277361596;S
20241009;100844;132.82;130;11277361597;S
20241009;100844;132.82;90;11277361598;S
20241009;100844;132.8;60;11277361599;S
20241009;100846;132.8;60;11277361855;S
20241009;100856;132.8;10;11277363583;S
20241009;100857;132.8;140;11277363792;S
20241009;100857;132.8;10;11277363793;S
20241009;100857;132.8;10;11277363794;S
20241009;100857;132.8;50;11277363795;S
20241009;100857;132.78;170;11277363796;S
20241009;100859;132.78;100;11277364035;S
20241009;100901;132.78;10;11277364300;S
20241009;100903;132.9;50;11277364639;B
20241009;100903;132.8;10;11277364773;S
20241009;100903;132.8;10;11277364774;S
20241009;100908;132.8;100;11277365695;S
20241009;100908;132.8;10;11277365696;S
20241009;100908;132.78;430;11277365697;S
20241009;100919;132.78;10;11277367717;S
20241009;100920;132.78;190;11277368213;S
20241009;100920;132.78;10;11277368214;S
20241009;100920;132.78;10;11277368215;S
20241009;100923;132.7;10;11277368952;B
20241009;100923;132.78;10;11277368953;B
20241009;100923;132.78;180;11277368958;S
20241009;100923;132.7;820;11277368959;S
20241009;100925;132.9;40;11277369326;B
20241009;100925;132.92;530;11277369327;B
20241009;100925;132.94;410;11277369328;B
20241009;100931;132.94;120;11277370288;B
20241009;100931;132.94;750;11277370289;B
20241009;100931;132.94;180;11277370290;B
20241009;100932;132.94;10;11277370600;B
20241009;100946;132.78;10;11277373350;S
20241009;100948;132.92;90;11277373631;B
20241009;100948;132.94;170;11277373632;B
20241009;100950;132.94;640;11277373883;B
20241009;100950;132.96;500;11277373884;B
20241009;100950;133.02;300;11277373885;B
20241009;100950;133.04;660;11277373886;B
20241009;100950;133.1;250;11277373887;B
20241009;100950;133.12;300;11277373888;B
20241009;100950;133.14;200;11277373889;B
20241009;100950;133.16;150;11277373890;B
20241009;101002;133;40;11277375518;B
20241009;101004;133;2830;11277375709;B
20241009;101004;133;170;11277375710;S
20241009;101012;132.88;20;11277376785;S
20241009;101018;133;50;11277377702;B
20241009;101018;133;2950;11277377703;B
20241009;101038;133;50;11277381052;B
20241009;101038;133;80;11277381053;B
20241009;101038;133;50;11277381054;B
20241009;101041;133.1;20;11277381630;B
20241009;101050;133.02;10;11277382808;S
20241009;101103;133.1;10;11277384622;B
20241009;101109;133.1;10;11277385305;B
20241009;101109;133.1;90;11277385306;B
20241009;101109;133.1;110;11277385321;B
20241009;101112;133.1;100;11277385675;S
20241009;101118;133.1;20;11277386209;S
20241009;101118;133.04;100;11277386210;S
20241009;101118;133.02;380;11277386211;S
20241009;101126;133.1;200;11277386812;B
20241009;101138;133.1;200;11277387757;S
20241009;101139;133.04;120;11277388006;S
20241009;101139;133.02;530;11277388007;S
20241009;101139;133.02;530;11277388008;S
20241009;101139;133.02;120;11277388009;S
20241009;101139;133;2470;11277388010;S
20241009;101139;133;10;11277388011;S
20241009;101140;133;150;11277388039;B
20241009;101145;133;40;11277388929;B
20241009;101158;133;200;11277390629;B
20241009;101159;132.92;30;11277390736;S
20241009;101159;132.9;40;11277390737;S
20241009;101159;132.88;10;11277390738;S
20241009;101159;132.88;120;11277390739;S
20241009;101159;132.86;1770;11277390740;S
20241009;101206;132.94;10;11277391544;B
20241009;101207;133;500;11277391752;B
20241009;101212;132.98;20;11277392330;B
20241009;101220;132.94;90;11277393165;S
20241009;101220;132.88;10;11277393166;S
20241009;101226;132.9;70;11277394041;B
20241009;101230;132.9;130;11277394574;B
20241009;101230;132.9;200;11277394598;S
20241009;101238;132.88;200;11277395418;S
20241009;101312;132.94;340;11277399032;B
20241009;101312;132.96;460;11277399033;B
20241009;101316;132.98;200;11277399676;B
20241009;101317;132.94;200;11277399736;S
20241009;101327;132.96;40;11277401426;B
20241009;101327;132.98;30;11277401427;B
20241009;101327;132.98;10;11277401428;B
20241009;101327;132.98;70;11277401429;B
20241009;101334;132.98;30;11277402557;B
20241009;101334;132.98;340;11277402558;B
20241009;101334;132.9;20;11277402622;S
20241009;101334;132.88;20;11277402623;S
20241009;101334;132.88;90;11277402624;S
20241009;101334;132.88;100;11277402625;S
20241009;101334;132.88;340;11277402626;S
20241009;101334;132.86;3230;11277402627;S
20241009;101334;132.86;150;11277402628;S
20241009;101334;132.84;10;11277402629;S
20241009;101334;132.84;210;11277402630;S
20241009;101334;132.82;210;11277402631;S
20241009;101334;132.8;50;11277402632;S
20241009;101334;132.8;100;11277402633;S
20241009;101334;132.8;50;11277402634;S
20241009;101334;132.78;290;11277402635;S
20241009;101334;132.78;20;11277402636;S
20241009;101334;132.78;1110;11277402637;S
20241009;101341;132.84;40;11277403432;B
20241009;101341;132.86;40;11277403433;B
20241009;101341;132.86;100;11277403434;B
20241009;101341;132.9;420;11277403435;S
20241009;101345;132.9;610;11277404119;S
20241009;101354;132.96;10;11277405343;B
20241009;101405;132.9;3000;11277406671;S
20241009;101405;132.9;2000;11277406674;S
20241009;101406;132.92;20;11277406717;S
20241009;101406;132.9;1480;11277406718;S
20241009;101406;132.9;800;11277406719;S
20241009;101428;132.98;10;11277411192;B
20241009;101440;132.9;1510;11277413298;S
20241009;101440;132.9;100;11277413299;S
20241009;101440;132.9;750;11277413300;S
20241009;101440;132.9;40;11277413301;S
20241009;101440;132.88;260;11277413305;S
20241009;101443;132.88;10;11277413683;B
20241009;101500;132.86;10;11277416731;B
20241009;101500;132.86;90;11277416732;B
20241009;101502;132.86;10;11277417097;B
20241009;101502;132.86;40;11277417098;B
20241009;101508;132.84;100;11277418369;B
20241009;101513;132.82;10;11277419856;B
20241009;101513;132.82;10;11277419860;B
20241009;101514;132.82;10;11277420167;B
20241009;101514;132.82;10;11277420375;B
20241009;101515;132.82;10;11277420606;B
20241009;101516;132.82;10;11277420970;B
20241009;101519;132.84;20;11277421781;B
20241009;101526;132.74;10;11277424131;S
20241009;101530;132.78;10;11277425263;B
20241009;101530;132.78;10;11277425370;B
20241009;101533;132.72;20;11277426259;B
20241009;101534;132.72;30;11277426408;B
20241009;101536;132.72;50;11277426962;B
20241009;101538;132.7;10;11277427662;S
20241009;101538;132.7;10;11277427663;S
20241009;101538;132.68;120;11277427664;S
20241009;101541;132.68;50;11277428502;S
20241009;101543;132.72;320;11277428910;B
20241009;101554;132.72;80;11277430825;B
20241009;101554;132.72;100;11277430826;B
20241009;101554;132.78;220;11277430827;B
20241009;101554;132.8;500;11277430828;B
20241009;101554;132.8;100;11277430829;B
20241009;101555;132.7;10;11277430837;S
20241009;101559;132.7;30;11277431595;B
20241009;101600;132.68;50;11277431795;S
20241009;101606;132.68;180;11277432924;S
20241009;101606;132.68;30;11277432925;S
20241009;101606;132.66;10;11277432926;S
20241009;101606;132.64;100;11277432927;S
20241009;101606;132.64;10;11277432928;S
20241009;101606;132.64;10;11277432929;S
20241009;101606;132.64;100;11277432930;S
20241009;101606;132.62;20;11277432931;S
20241009;101606;132.62;10;11277432932;S
20241009;101606;132.62;30;11277432933;S
20241009;101606;132.62;80;11277432934;S
20241009;101606;132.6;10;11277432935;S
20241009;101606;132.6;100;11277432936;S
20241009;101606;132.6;20;11277432937;S
20241009;101606;132.6;100;11277432938;S
20241009;101606;132.6;20;11277432939;S
20241009;101606;132.6;10;11277432940;S
20241009;101606;132.6;10;11277432941;S
20241009;101606;132.6;120;11277432942;S
20241009;101606;132.6;2000;11277432943;S
20241009;101606;132.6;100;11277432944;S
20241009;101606;132.58;70;11277432945;S
20241009;101606;132.58;30;11277432946;S
20241009;101606;132.56;60;11277432947;S
20241009;101606;132.56;30;11277432948;S
20241009;101606;132.56;50;11277432949;S
20241009;101606;132.56;20;11277432950;S
20241009;101606;132.56;60;11277432951;S
20241009;101606;132.54;30;11277432952;S
20241009;101606;132.54;300;11277432953;S
20241009;101606;132.54;140;11277432954;S
20241009;101606;132.52;30;11277432955;S
20241009;101606;132.52;30;11277432956;S
20241009;101606;132.52;10;11277432957;S
20241009;101606;132.52;10;11277432958;S
20241009;101606;132.52;100;11277432959;S
20241009;101606;132.52;540;11277432960;S
20241009;101606;132.5;490;11277432961;S
20241009;101606;132.5;30;11277432962;S
20241009;101606;132.5;500;11277432963;S
20241009;101606;132.5;10;11277432964;S
20241009;101606;132.5;40;11277432965;S
20241009;101606;132.5;20;11277432966;S
20241009;101606;132.5;400;11277432967;S
20241009;101606;132.5;10;11277432968;S
20241009;101606;132.5;1000;11277432969;S
20241009;101606;132.5;280;11277432970;S
20241009;101606;132.5;100;11277432971;S
20241009;101606;132.5;50;11277432972;S
20241009;101606;132.5;10;11277432973;S
20241009;101606;132.5;2120;11277432974;S
20241009;101607;132.66;200;11277433122;S
20241009;101607;132.66;10;11277433124;S
20241009;101610;132.68;40;11277433744;B
20241009;101610;132.68;100;11277433745;B
20241009;101610;132.68;10;11277433746;B
20241009;101610;132.7;60;11277433747;B
20241009;101610;132.7;160;11277433748;B
20241009;101616;132.66;10;11277434839;B
20241009;101616;132.66;30;11277434840;B
20241009;101616;132.7;200;11277434967;B
20241009;101619;132.7;100;11277435540;B
20241009;101625;132.56;10;11277436594;S
20241009;101625;132.54;100;11277436595;S
20241009;101625;132.54;10;11277436596;S
20241009;101625;132.54;10;11277436597;S
20241009;101625;132.54;460;11277436598;S
20241009;101625;132.52;410;11277436599;S
20241009;101630;132.7;10;11277437555;B
20241009;101651;132.7;100;11277441501;B
20241009;101651;132.7;20;11277441502;B
20241009;101654;132.7;60;11277441955;B
20241009;101655;132.7;30;11277442165;B
20241009;101655;132.7;20;11277442166;B
20241009;101659;132.7;50;11277442648;S
20241009;101710;132.7;1000;11277444044;B
20241009;101711;132.66;10;11277444140;S
20241009;101727;132.56;40;11277446039;S
20241009;101727;132.56;60;11277446040;S
20241009;101731;132.6;20;11277446518;S
20241009;101731;132.6;750;11277446579;S
20241009;101749;132.66;170;11277449309;B
20241009;101749;132.66;30;11277449310;B
20241009;101754;132.6;10;11277449954;S
20241009;101757;132.66;20;11277450486;B
20241009;101757;132.68;130;11277450487;B
20241009;101820;132.7;220;11277453446;B
20241009;101828;132.7;10;11277454424;B
20241009;101829;132.7;10;11277454612;B
20241009;101832;132.7;80;11277454903;B
20241009;101834;132.7;700;11277455220;B
20241009;101840;132.7;40;11277455828;B
20241009;101850;132.7;450;11277456991;B
20241009;101905;132.7;150;11277458830;B
20241009;101906;132.7;10;11277458904;B
20241009;101908;132.7;200;11277459380;B
20241009;101939;132.66;30;11277464180;S
20241009;101939;132.66;20;11277464181;S
20241009;101939;132.6;20;11277464182;S
20241009;101939;132.6;10;11277464183;S
20241009;101939;132.6;50;11277464184;S
20241009;101939;132.58;10;11277464185;S
20241009;101939;132.56;40;11277464186;S
20241009;101939;132.56;10;11277464187;S
20241009;101939;132.56;50;11277464188;S
20241009;101939;132.56;20;11277464189;S
20241009;101939;132.56;100;11277464190;S
20241009;101939;132.54;10;11277464191;S
20241009;101939;132.54;10;11277464192;S
20241009;101939;132.54;10;11277464193;S
20241009;101939;132.54;130;11277464194;S
20241009;101939;132.54;750;11277464195;S
20241009;101939;132.54;40;11277464196;S
20241009;101939;132.54;330;11277464197;S
20241009;101939;132.52;360;11277464198;S
20241009;101946;132.66;20;11277465058;S
20241009;102005;132.52;50;11277467287;S
20241009;102008;132.52;40;11277467636;S
20241009;102016;132.54;10;11277468836;S
20241009;102016;132.52;210;11277468837;S
20241009;102018;132.62;80;11277469117;B
20241009;102037;132.62;30;11277476776;B
20241009;102043;132.62;100;11277479745;B
20241009;102044;132.62;10;11277479963;B
20241009;102045;132.6;10;11277480604;S
20241009;102052;132.62;20;11277484442;B
20241009;102054;132.62;10;11277485165;B
20241009;102055;132.6;10;11277485689;S
20241009;102055;132.6;200;11277485690;S
20241009;102055;132.52;790;11277485691;S
20241009;102055;132.62;20;11277485836;B
20241009;102100;132.62;230;11277488241;B
20241009;102110;132.62;10;11277492884;S
20241009;102126;132.64;100;11277500322;B
20241009;102135;132.66;330;11277502984;B
20241009;102135;132.66;500;11277502985;B
20241009;102139;132.62;390;11277504227;S
20241009;102139;132.66;140;11277504312;B
20241009;102144;132.66;200;11277504797;B
20241009;102212;132.62;520;11277508441;S
20241009;102217;132.7;80;11277509323;B
20241009;102217;132.7;10;11277509324;B
20241009;102217;132.7;10;11277509325;B
20241009;102217;132.7;40;11277509326;B
20241009;102220;132.7;10;11277509565;S
20241009;102223;132.62;760;11277510004;S
20241009;102224;132.7;1000;11277510057;S
20241009;102224;132.62;390;11277510058;S
20241009;102224;132.62;30;11277510059;S
20241009;102224;132.62;10;11277510060;S
20241009;102224;132.56;10;11277510061;S
20241009;102224;132.56;100;11277510062;S
20241009;102224;132.54;10;11277510063;S
20241009;102224;132.54;20;11277510064;S
20241009;102224;132.52;340;11277510065;S
20241009;102224;132.52;10;11277510066;S
20241009;102224;132.52;10;11277510067;S
20241009;102224;132.52;500;11277510068;S
20241009;102224;132.52;500;11277510069;S
20241009;102224;132.52;100;11277510070;S
20241009;102224;132.52;270;11277510071;S
20241009;102226;132.7;230;11277510301;B
20241009;102234;132.7;20;11277511060;B
20241009;102256;132.7;20;11277513376;B
20241009;102301;132.6;10;11277513811;S
20241009;102301;132.56;10;11277513812;S
20241009;102301;132.54;10;11277513813;S
20241009;102301;132.54;130;11277513814;S
20241009;102301;132.7;20;11277513847;B
20241009;102325;132.6;10;11277516918;B
20241009;102333;132.6;10;11277517986;B
20241009;102335;132.6;50;11277518401;B
20241009;102335;132.6;10;11277518402;B
20241009;102339;132.6;10;11277518745;B
20241009;102339;132.6;10;11277518838;B
20241009;102413;132.6;90;11277523563;S
20241009;102413;132.56;260;11277523564;S
20241009;102415;132.68;90;11277523876;B
20241009;102419;132.68;440;11277524184;B
20241009;102419;132.68;20;11277524185;B
20241009;102427;132.68;750;11277525217;B
20241009;102427;132.68;100;11277525218;B
20241009;102427;132.7;20;11277525273;B
20241009;102427;132.7;280;11277525274;B
20241009;102428;132.68;100;11277525351;S
20241009;102435;132.7;220;11277526221;B
20241009;102435;132.7;20;11277526222;B
20241009;102435;132.72;220;11277526223;B
20241009;102435;132.74;110;11277526224;B
20241009;102435;132.74;100;11277526225;B
20241009;102435;132.78;20;11277526226;B
20241009;102435;132.7;50;11277526418;S
20241009;102448;132.76;10;11277528121;B
20241009;102452;132.76;290;11277528795;B
20241009;102452;132.76;100;11277528796;B
20241009;102452;132.76;750;11277528797;B
20241009;102452;132.78;90;11277528798;B
20241009;102452;132.78;50;11277528799;B
20241009;102452;132.78;300;11277528800;B
20241009;102452;132.78;420;11277528801;B
20241009;102452;132.7;190;11277528888;S
20241009;102452;132.68;60;11277528889;S
20241009;102501;132.7;140;11277530182;B
20241009;102501;132.7;100;11277530183;B
20241009;102511;132.74;20;11277532247;B
20241009;102512;132.7;20;11277532510;S
20241009;102513;132.74;10;11277532517;B
20241009;102515;132.74;10;11277532874;B
20241009;102528;132.76;750;11277534464;B
20241009;102528;132.78;50;11277534465;B
20241009;102536;132.8;120;11277535512;B
20241009;102536;132.8;10;11277535513;B
20241009;102536;132.8;50;11277535514;B
20241009;102536;132.82;220;11277535515;B
20241009;102536;132.82;300;11277535516;B
20241009;102536;132.82;1950;11277535517;B
20241009;102536;132.82;1580;11277535518;B
20241009;102536;132.84;2000;11277535519;B
20241009;102536;132.84;750;11277535520;B
20241009;102536;132.88;10;11277535521;B
20241009;102536;132.9;13150;11277535522;B
20241009;102536;132.9;100;11277535523;B
20241009;102536;132.92;100;11277535524;B
20241009;102536;132.98;750;11277535525;B
20241009;102536;133;750;11277535526;B
20241009;102536;133;300;11277535527;B
20241009;102536;133;100;11277535528;B
20241009;102536;133;1000;11277535529;B
20241009;102536;133;100;11277535530;B
20241009;102536;133.06;50;11277535531;B
20241009;102536;133.06;10;11277535532;B
20241009;102536;133.06;10;11277535533;B
20241009;102536;133.08;20;11277535534;B
20241009;102536;133.08;1380;11277535535;B
20241009;102536;133.1;50;11277535536;B
20241009;102536;133.1;10;11277535537;B
20241009;102536;133.1;20;11277535538;B
20241009;102536;133.1;30;11277535539;B
20241009;102536;133.1;10;11277535540;B
20241009;102536;133.12;10;11277535541;B
20241009;102536;133.12;10;11277535542;B
20241009;102536;133.12;40;11277535543;B
20241009;102536;133.14;50;11277535544;B
20241009;102536;133.14;10;11277535545;B
20241009;102536;133.14;20;11277535546;B
20241009;102536;133.14;2280;11277535547;B
20241009;102536;133.14;50;11277535548;B
20241009;102536;133.16;2000;11277535549;B
20241009;102536;133.16;100;11277535550;B
20241009;102536;133.16;10;11277535551;B
20241009;102536;133.16;20;11277535552;B
20241009;102536;133.16;1400;11277535553;B
20241009;102536;133.16;300;11277535554;B
20241009;102536;133.16;20;11277535555;B
20241009;102536;133.18;250;11277535556;B
20241009;102536;133.18;2620;11277535557;B
20241009;102536;133.14;130;11277535560;B
20241009;102536;133.14;170;11277535593;B
20241009;102536;133.16;530;11277535594;B
20241009;102536;133.16;50;11277535595;B
20241009;102536;133.16;10;11277535627;B
20241009;102540;132.96;20;11277536005;S
20241009;102552;132.96;20;11277537116;S
20241009;102552;132.94;10;11277537117;S
20241009;102554;132.94;10;11277537388;S
20241009;102554;132.92;40;11277537389;S
20241009;102555;133.06;300;11277537563;B
20241009;102555;133.08;200;11277537564;B
20241009;102555;133.12;500;11277537565;B
20241009;102555;133.14;50;11277537566;B
20241009;102555;133.16;60;11277537567;B
20241009;102555;133.16;20;11277537568;B
20241009;102555;133.16;50;11277537569;B
20241009;102555;133.16;50;11277537570;B
20241009;102555;133.16;20;11277537571;B
20241009;102555;133.16;750;11277537572;B
20241009;102555;133.16;100;11277537573;B
20241009;102555;133.18;5370;11277537574;B
20241009;102556;133.16;300;11277537661;B
20241009;102556;133.18;400;11277537662;B
20241009;102604;133.12;300;11277538499;B
20241009;102604;133.14;40;11277538500;B
20241009;102604;133.14;40;11277538501;B
20241009;102604;133.18;480;11277538502;B
20241009;102613;133.1;10;11277539772;B
20241009;102613;133.12;40;11277539773;B
20241009;102619;133.08;10;11277540507;B
20241009;102619;133.12;40;11277540508;B
20241009;102628;133.12;40;11277541536;S
20241009;102638;133.14;300;11277542666;B
20241009;102648;133.12;60;11277543761;S
20241009;102648;133.12;80;11277543762;S
20241009;102648;133.08;80;11277543763;S
20241009;102658;133.14;10;11277544702;B
20241009;102658;133.14;30;11277544703;B
20241009;102710;133.1;20;11277545697;B
20241009;102710;133.12;10;11277545698;B
20241009;102711;133.14;270;11277545782;B
20241009;102711;133.14;20;11277545783;B
20241009;102711;133.16;110;11277545784;B
20241009;102717;133.08;20;11277546251;S
20241009;102732;133.08;500;11277547573;S
20241009;102757;133.14;10;11277549825;B
20241009;102847;133.12;50;11277555274;B
20241009;102847;133.12;1000;11277555275;B
20241009;102847;133.14;50;11277555276;B
20241009;102847;133.14;130;11277555277;B
20241009;102847;133.14;270;11277555278;B
20241009;102848;133.14;40;11277555379;B
20241009;102854;133.08;130;11277556056;S
20241009;102854;133.08;70;11277556057;S
20241009;102904;133.08;10;11277557088;S
20241009;102916;133.14;10;11277558466;B
20241009;102934;133.14;10;11277560582;B
20241009;102941;133.08;10;11277561323;S
20241009;102952;133.14;40;11277562157;B
20241009;102952;133.14;40;11277562158;B
20241009;102952;133.16;20;11277562159;B
20241009;102958;133.1;10;11277562628;S
20241009;103003;133.14;10;11277563120;B
20241009;103003;133.16;10;11277563121;B
20241009;103003;133.16;30;11277563122;B
20241009;103003;133.16;590;11277563123;B
20241009;103007;133.14;10;11277563611;B
20241009;103014;133.1;370;11277564808;S
20241009;103021;133.1;160;11277565588;S
20241009;103027;133.1;40;11277566457;B
20241009;103027;133.14;740;11277566458;B
20241009;103027;133.14;530;11277566459;B
20241009;103027;133.16;110;11277566460;B
20241009;103027;133.16;290;11277566461;B
20241009;103027;133.16;490;11277566462;B
20241009;103027;133.16;100;11277566463;B
20241009;103027;133.16;50;11277566464;B
20241009;103027;133.18;610;11277566465;B
20241009;103036;133.1;10;11277567697;S
20241009;103036;133.16;170;11277567814;B
20241009;103044;133.1;520;11277568685;S
20241009;103044;133.1;10;11277568686;S
20241009;103044;133.1;130;11277568687;S
20241009;103044;133.08;310;11277568688;S
20241009;103044;133.08;20;11277568689;S
20241009;103044;133.08;1000;11277568690;S
20241009;103044;133.06;250;11277568691;S
20241009;103044;133.06;100;11277568692;S
20241009;103044;133.04;1000;11277568693;S
20241009;103044;133.04;10;11277568694;S
20241009;103044;133.04;250;11277568695;S
20241009;103044;133.02;160;11277568696;S
20241009;103104;133.02;10;11277570985;S
20241009;103114;133.12;10;11277572354;B
20241009;103130;133.12;10;11277574280;B
20241009;103159;133.12;10;11277579301;B
20241009;103208;133.12;40;11277580959;B
20241009;103212;133.02;10;11277581478;S
20241009;103212;133.02;170;11277581479;S
20241009;103212;133.02;10;11277581480;S
20241009;103225;133;10;11277583805;S
20241009;103246;133.02;10;11277586666;B
20241009;103254;133;20;11277587916;S
20241009;103255;133.02;20;11277588042;B
20241009;103318;133.02;100;11277591029;B
20241009;103319;133;20;11277591085;S
20241009;103321;133.02;150;11277591364;B
20241009;103329;133.02;30;11277592565;B
20241009;103329;133.02;200;11277592566;B
20241009;103329;133.06;170;11277592567;B
20241009;103329;133.08;100;11277592568;B
20241009;103330;133;700;11277592678;S
20241009;103330;133;250;11277592724;S
20241009;103330;133;10;11277592725;S
20241009;103330;133;50;11277592726;S
20241009;103330;133;160;11277592727;S
20241009;103414;133;30;11277598051;B
20241009;103453;133;350;11277603105;B
20241009;103458;132.92;30;11277603827;S
20241009;103510;132.92;30;11277605835;S
20241009;103510;132.9;30;11277605836;S
20241009;103510;132.9;70;11277605837;S
20241009;103510;132.88;140;11277605838;S
20241009;103510;132.86;400;11277605839;S
20241009;103510;132.86;140;11277605840;S
20241009;103510;132.84;90;11277605841;S
20241009;103510;132.84;100;11277605842;S
20241009;103510;132.82;530;11277605843;S
20241009;103510;132.8;200;11277605844;S
20241009;103510;132.8;60;11277605845;B
20241009;103510;132.8;60;11277605846;B
20241009;103510;132.8;60;11277605847;B
20241009;103511;132.8;60;11277605972;B
20241009;103511;132.8;10;11277605973;B
20241009;103512;132.78;10;11277606088;S
20241009;103513;132.78;40;11277606278;S
20241009;103521;132.8;210;11277607013;B
20241009;103541;132.8;230;11277610305;B
20241009;103544;132.76;90;11277610564;S
20241009;103544;132.76;10;11277610565;S
20241009;103554;132.78;20;11277611954;S
20241009;103554;132.78;10;11277611955;S
20241009;103607;132.8;100;11277613590;B
20241009;103618;132.8;800;11277615013;B
20241009;103619;132.8;30;11277615155;B
20241009;103619;132.8;10;11277615156;B
20241009;103622;132.8;950;11277615657;B
20241009;103632;132.76;100;11277616943;S
20241009;103632;132.8;20;11277616995;B
20241009;103634;132.8;700;11277617152;B
20241009;103641;132.8;780;11277617848;B
20241009;103641;132.82;110;11277617849;B
20241009;103641;132.84;110;11277617850;B
20241009;103646;132.92;500;11277618280;B
20241009;103716;132.92;210;11277622573;B
20241009;103735;132.92;10;11277625146;B
20241009;103737;132.92;280;11277625429;B
20241009;103737;132.92;60;11277625430;B
20241009;103737;132.94;60;11277625431;B
20241009;103737;132.96;40;11277625432;B
20241009;103737;132.98;530;11277625433;B
20241009;103737;132.98;10;11277625434;B
20241009;103737;132.98;20;11277625435;B
20241009;103859;132.96;10;11277634450;B
20241009;103912;132.96;10;11277636565;B
20241009;103928;132.86;10;11277638373;S
20241009;104029;132.84;20;11277645798;S
20241009;104029;132.84;580;11277645799;S
20241009;104040;132.84;10;11277647019;S
20241009;104047;132.84;410;11277647931;S
20241009;104103;132.82;200;11277649972;S
20241009;104104;132.92;10;11277650117;B
20241009;104153;132.88;30;11277655724;B
20241009;104153;132.9;50;11277655725;B
20241009;104153;132.9;30;11277655726;B
20241009;104153;132.9;530;11277655727;B
20241009;104153;132.9;360;11277655728;B
20241009;104201;132.9;80;11277657350;B
20241009;104201;132.92;220;11277657351;B
20241009;104211;132.82;100;11277658718;S
20241009;104211;132.82;530;11277658719;S
20241009;104211;132.8;50;11277658720;S
20241009;104211;132.8;60;11277658721;S
20241009;104211;132.8;1100;11277658722;S
20241009;104211;132.78;530;11277658723;S
20241009;104211;132.78;210;11277658724;S
20241009;104211;132.76;1000;11277658725;S
20241009;104211;132.76;210;11277658726;S
20241009;104211;132.74;270;11277658727;S
20241009;104211;132.74;40;11277658728;S
20241009;104211;132.74;40;11277658729;S
20241009;104211;132.72;10;11277658730;S
20241009;104211;132.72;10;11277658731;S
20241009;104211;132.72;750;11277658732;S
20241009;104211;132.72;100;11277658733;S
20241009;104211;132.7;250;11277658734;S
20241009;104211;132.7;740;11277658735;S
20241009;104217;132.88;100;11277659438;B
20241009;104217;132.88;40;11277659439;B
20241009;104217;132.88;140;11277659440;B
20241009;104217;132.9;10;11277659441;B
20241009;104217;132.9;530;11277659442;B
20241009;104217;132.9;180;11277659443;B
20241009;104227;132.8;10;11277660526;S
20241009;104229;132.88;110;11277660704;B
20241009;104229;132.9;570;11277660705;B
20241009;104229;132.9;320;11277660706;B
20241009;104235;132.74;530;11277661578;S
20241009;104235;132.74;80;11277661579;S
20241009;104237;132.76;450;11277661776;S
20241009;104237;132.74;320;11277661777;S
20241009;104237;132.72;40;11277661778;S
20241009;104237;132.72;100;11277661779;S
20241009;104237;132.72;250;11277661780;S
20241009;104237;132.72;750;11277661781;S
20241009;104237;132.7;5090;11277661782;S
20241009;104237;132.7;50;11277661783;S
20241009;104340;132.74;80;11277675226;S
20241009;104340;132.74;10;11277675227;S
20241009;104342;132.74;160;11277675380;S
20241009;104359;132.74;150;11277677475;S
20241009;104359;132.72;930;11277677476;S
20241009;104401;132.72;300;11277677655;S
20241009;104406;132.72;320;11277678421;S
20241009;104407;132.72;180;11277678497;S
20241009;104436;132.8;10;11277682087;B
20241009;104452;132.8;10;11277684404;B
20241009;104454;132.8;510;11277684723;B
20241009;104454;132.8;240;11277684724;B
20241009;104504;132.8;10;11277686139;B
20241009;104504;132.8;10;11277686150;B
20241009;104526;132.8;130;11277689359;B
20241009;104541;132.8;40;11277691354;B
20241009;104604;132.8;10;11277695003;B
20241009;104616;132.8;310;11277696585;B
20241009;104625;132.8;50;11277697691;B
20241009;104625;132.8;50;11277697692;B
20241009;104633;132.74;160;11277698881;S
20241009;104639;132.74;60;11277699608;S
20241009;104640;132.8;50;11277699693;B
20241009;104710;132.8;180;11277703444;B
20241009;104712;132.8;70;11277703745;B
20241009;104712;132.82;430;11277703746;B
20241009;104716;132.8;280;11277704274;S
20241009;104740;132.82;20;11277707552;B
20241009;104755;132.82;1000;11277709545;B
20241009;104847;132.82;100;11277716258;B
20241009;104849;132.82;100;11277716621;B
20241009;104905;132.82;350;11277718782;B
20241009;104905;132.82;350;11277718848;B
20241009;104906;132.82;650;11277718920;B
20241009;104916;132.84;670;11277720407;S
20241009;104916;132.84;250;11277720408;S
20241009;104916;132.82;250;11277720409;S
20241009;104916;132.82;160;11277720410;S
20241009;104936;132.84;20;11277722924;S
20241009;104953;132.82;10;11277724713;S
20241009;105005;132.82;10;11277726214;S
20241009;105029;132.86;10;11277730454;B
20241009;105033;132.82;100;11277730978;S
20241009;105033;132.82;10;11277730979;S
20241009;105033;132.8;10;11277730980;S
20241009;105033;132.8;10;11277730981;S
20241009;105033;132.8;10;11277730982;S
20241009;105033;132.8;310;11277730983;S
20241009;105033;132.8;110;11277730984;S
20241009;105033;132.78;50;11277730985;S
20241009;105035;132.86;220;11277731181;B
20241009;105044;132.88;10;11277732281;B
20241009;105057;132.86;200;11277734214;S
20241009;105122;132.88;10;11277736563;B
20241009;105133;132.88;10;11277737855;B
20241009;105139;132.86;100;11277738645;S
20241009;105142;132.88;20;11277739012;B
20241009;105149;132.88;10;11277739958;B
20241009;105153;132.86;10;11277740382;S
20241009;105155;132.88;2540;11277740583;B
20241009;105155;132.88;230;11277740584;B
20241009;105155;132.9;1490;11277740585;B
20241009;105155;132.9;30;11277740586;B
20241009;105155;132.92;1710;11277740587;B
20241009;105229;132.86;470;11277743885;S
20241009;105229;132.86;20;11277743886;S
20241009;105229;132.86;290;11277743887;S
20241009;105229;132.84;290;11277743888;S
20241009;105229;132.8;60;11277743889;S
20241009;105229;132.8;100;11277743890;S
20241009;105229;132.78;4170;11277743891;S
20241009;105236;132.8;30;11277744624;S
20241009;105236;132.78;920;11277744625;S
20241009;105239;132.78;750;11277744835;S
20241009;105242;132.78;120;11277745155;S
20241009;105244;132.8;10;11277745269;S
20241009;105244;132.78;5540;11277745270;S
20241009;105244;132.78;20;11277745271;S
20241009;105244;132.78;320;11277745272;S
20241009;105248;132.76;240;11277745771;B
20241009;105248;132.76;340;11277745772;B
20241009;105248;132.78;380;11277745773;B
20241009;105248;132.78;140;11277745774;B
20241009;105335;132.78;60;11277751675;S
20241009;105351;132.84;40;11277753040;B
20241009;105351;132.86;40;11277753041;B
20241009;105354;132.86;10;11277753301;B
20241009;105354;132.88;10;11277753302;B
20241009;105408;132.8;40;11277754450;S
20241009;105408;132.78;40;11277754451;S
20241009;105408;132.78;100;11277754452;S
20241009;105408;132.76;10;11277754453;S
20241009;105408;132.76;30;11277754454;S
20241009;105408;132.74;70;11277754455;S
20241009;105408;132.74;40;11277754456;S
20241009;105411;132.86;10;11277754762;B
20241009;105421;132.88;10;11277755664;B
20241009;105428;132.74;150;11277756680;S
20241009;105458;132.84;40;11277760681;B
20241009;105458;132.86;30;11277760682;B
20241009;105458;132.86;530;11277760683;B
20241009;105458;132.86;750;11277760684;B
20241009;105458;132.86;100;11277760685;B
20241009;105458;132.86;100;11277760686;B
20241009;105458;132.88;90;11277760687;B
20241009;105458;132.88;10;11277760688;B
20241009;105458;132.9;10;11277760689;B
20241009;105458;132.9;100;11277760690;B
20241009;105458;132.9;530;11277760691;B
20241009;105458;132.9;1000;11277760692;B
20241009;105458;132.92;710;11277760693;B
20241009;105513;132.88;240;11277762102;B
20241009;105513;132.9;750;11277762103;B
20241009;105513;132.9;10;11277762104;B
20241009;105546;132.9;10;11277764929;B
20241009;105638;132.78;10;11277770927;S
20241009;105638;132.76;290;11277770928;S
20241009;105712;132.86;10;11277774447;B
20241009;105811;132.78;10;11277780424;S
20241009;105811;132.76;240;11277780425;S
20241009;105857;132.8;60;11277785737;S
20241009;105857;132.76;530;11277785738;S
20241009;105857;132.76;200;11277785739;S
20241009;105857;132.76;10;11277785740;S
20241009;105857;132.76;200;11277785741;S
20241009;105928;132.8;20;11277789068;B
20241009;105933;132.8;40;11277789403;B
20241009;105948;132.8;60;11277790351;B
20241009;105955;132.8;20;11277790787;S
20241009;110001;132.8;10;11277791611;S
20241009;110041;132.8;20;11277796579;S
20241009;110042;132.8;20;11277796734;S
20241009;110050;132.8;600;11277797669;S
20241009;110121;132.82;190;11277800822;S
20241009;110135;132.86;90;11277803079;B
20241009;110135;132.86;10;11277803080;B
20241009;110135;132.86;110;11277803081;B
20241009;110137;132.86;10;11277803391;B
20241009;110153;132.86;20;11277805668;B
20241009;110206;132.82;20;11277814161;S
20241009;110212;132.82;70;11277819797;S
20241009;110213;132.84;50;11277820222;B
20241009;110213;132.88;10;11277820223;B
20241009;110213;132.88;10;11277820224;B
20241009;110229;132.84;10;11277834851;S
20241009;110253;132.84;10;11277859523;B
20241009;110258;132.82;30;11277864417;S
20241009;110310;132.84;30;11277875585;B
20241009;110324;132.82;160;11277888106;S
20241009;110413;132.84;10;11277936629;B
20241009;110501;132.84;20;11277980615;B
20241009;110501;132.84;20;11277980616;B
20241009;110501;132.84;20;11277980617;B
20241009;110509;132.84;150;11277987443;S
20241009;110509;132.84;50;11277987444;S
20241009;110510;132.88;100;11277988262;B
20241009;110511;132.88;430;11277989062;B
20241009;110512;132.9;500;11277990293;B
20241009;110512;132.9;700;11277990294;B
20241009;110512;132.9;10;11277990295;B
20241009;110512;132.9;250;11277990296;B
20241009;110512;132.92;9790;11277990297;B
20241009;110512;132.92;800;11277990298;B
20241009;110512;132.92;2330;11277990299;B
20241009;110512;132.92;10;11277990300;B
20241009;110512;132.92;160;11277990301;B
20241009;110517;132.92;10;11277994197;B
20241009;110520;132.92;190;11277996688;B
20241009;110520;132.92;10;11277996689;B
20241009;110520;132.94;120;11277996690;B
20241009;110520;132.96;30;11277996691;B
20241009;110521;132.96;170;11277997482;B
20241009;110544;133.02;10;11278016788;B
20241009;110635;132.88;70;11278066367;S
20241009;110635;132.86;20;11278066368;S
20241009;110635;132.86;110;11278066369;S
20241009;110647;133;100;11278077999;B
20241009;110700;132.86;10;11278090908;S
20241009;110702;133;100;11278092914;B
20241009;110716;132.88;10;11278106169;S
20241009;110716;132.86;180;11278106170;S
20241009;110716;132.84;530;11278106171;S
20241009;110716;132.84;50;11278106172;S
20241009;110716;132.82;50;11278106173;S
20241009;110716;132.82;1000;11278106174;S
20241009;110716;132.82;50;11278106175;S
20241009;110716;132.8;400;11278106176;S
20241009;110716;132.8;1000;11278106177;S
20241009;110716;132.8;10;11278106178;S
20241009;110716;132.8;40;11278106179;S
20241009;110716;132.78;300;11278106180;S
20241009;110716;132.78;100;11278106181;S
20241009;110716;132.76;400;11278106182;S
20241009;110716;132.76;30;11278106183;S
20241009;110716;132.76;3000;11278106184;S
20241009;110716;132.74;310;11278106185;S
20241009;110716;132.74;10;11278106186;S
20241009;110716;132.72;270;11278106187;S
20241009;110716;132.72;10;11278106188;S
20241009;110716;132.72;100;11278106189;S
20241009;110716;132.72;1000;11278106190;S
20241009;110716;132.7;10;11278106191;S
20241009;110716;132.7;10;11278106192;S
20241009;110716;132.7;50;11278106193;S
20241009;110716;132.7;10;11278106194;S
20241009;110716;132.7;100;11278106195;S
20241009;110716;132.7;10;11278106196;S
20241009;110716;132.7;10;11278106197;S
20241009;110716;132.7;10;11278106198;S
20241009;110716;132.7;10;11278106199;S
20241009;110716;132.68;990;11278106200;S
20241009;110716;132.68;10;11278106201;S
20241009;110716;132.68;250;11278106202;S
20241009;110716;132.68;100;11278106203;S
20241009;110716;132.66;10;11278106204;S
20241009;110716;132.64;10;11278106205;S
20241009;110716;132.62;10;11278106206;S
20241009;110716;132.6;10;11278106207;S
20241009;110716;132.6;810;11278106208;S
20241009;110750;132.88;10;11278138740;B
20241009;110827;132.68;10;11278171402;S
20241009;110842;132.68;10;11278184709;S
20241009;111110;132.9;10;11278328191;B
20241009;111110;132.9;10;11278328192;B
20241009;111110;132.96;40;11278328193;B
20241009;111110;132.98;100;11278328194;B
20241009;111110;132.98;50;11278328195;B
20241009;111111;132.96;10;11278329540;B
20241009;111121;132.96;20;11278338970;B
20241009;111133;132.8;10;11278348700;S
20241009;111133;132.76;90;11278348701;S
20241009;111140;132.96;30;11278354246;B
20241009;111156;132.98;100;11278368243;B
20241009;111157;132.98;10;11278369699;B
20241009;111216;132.96;10;11278386686;S
20241009;111221;132.98;10;11278391600;B
20241009;111222;132.98;100;11278391757;B
20241009;111224;132.96;10;11278394256;S
20241009;111244;132.96;10;11278414272;B
20241009;111250;132.82;10;11278419716;S
20241009;111448;132.84;10;11278537820;S
20241009;111528;132.84;20;11278574953;S
20241009;111528;132.84;180;11278574954;S
20241009;111618;132.96;10;11278626494;B
20241009;111656;132.9;60;11278666534;S
20241009;111703;132.86;10;11278674328;S
20241009;111707;132.86;90;11278678053;S
20241009;111707;132.86;100;11278678054;S
20241009;111707;132.86;250;11278678055;S
20241009;111707;132.84;570;11278678056;S
20241009;111707;132.84;20;11278678057;S
20241009;111707;132.84;230;11278678058;S
20241009;111717;132.88;10;11278688713;B
20241009;111733;132.88;10;11278702064;B
20241009;111733;132.9;40;11278702065;B
20241009;111749;132.9;10;11278715655;B
20241009;111835;132.9;100;11278759093;B
20241009;111835;132.98;280;11278759094;B
20241009;111835;132.98;80;11278759095;B
20241009;111835;132.98;100;11278759096;B
20241009;111835;133;20;11278759097;B
20241009;111835;133;750;11278759098;B
20241009;111835;133;20;11278759099;B
20241009;111835;133;530;11278759100;B
20241009;111835;133;50;11278759101;B
20241009;111835;133;100;11278759102;B
20241009;111835;133.02;90;11278759103;B
20241009;111835;133.02;110;11278759104;B
20241009;111835;133.02;10;11278759105;B
20241009;111835;133.02;530;11278759106;B
20241009;111835;133.04;40;11278759107;B
20241009;111835;133.04;110;11278759108;B
20241009;111835;133.04;20;11278759109;B
20241009;111835;133.04;300;11278759110;B
20241009;111835;133.04;260;11278759111;B
20241009;111835;133.06;20;11278759112;B
20241009;111835;133.06;3750;11278759113;B
20241009;111840;133.04;40;11278763755;B
20241009;111908;133.02;10;11278792371;B
20241009;111911;133;10;11278795375;B
20241009;111911;133.02;90;11278795376;B
20241009;111947;133.02;60;11278831627;B
20241009;111951;133;60;11278836223;S
20241009;111951;133;40;11278836227;S
20241009;112003;133.02;20;11278847631;B
20241009;112007;133.02;100;11278852940;B
20241009;112127;133.02;100;11278924657;B
20241009;112154;133.02;20;11278944785;B
20241009;112215;133.02;100;11278947253;B
20241009;112215;133.02;10;11278947254;B
20241009;112230;133.04;20;11278949072;B
20241009;112254;133.06;10;11278952064;B
20241009;112423;133.06;890;11278959542;B
20241009;112436;133.02;10;11278960743;S
20241009;112436;133;10;11278960744;S
20241009;112436;133;10;11278960745;S
20241009;112436;132.98;10;11278960746;S
20241009;112436;132.94;10;11278960747;S
20241009;112453;132.92;40;11278962088;S
20241009;112501;133.02;10;11278962771;B
20241009;112509;132.9;50;11278963410;S
20241009;112529;133.02;20;11278966919;B
20241009;112545;133;40;11278968711;S
20241009;112553;133;30;11278969661;B
20241009;112553;133;100;11278969662;B
20241009;112555;133.02;10;11278969839;B
20241009;112601;133.02;10;11278970459;B
20241009;112611;133.02;30;11278971408;B
20241009;112614;133.02;30;11278971755;B
20241009;112628;133;320;11278972955;S
20241009;112635;133.02;10;11278973600;B
20241009;112637;133.02;40;11278973719;B
20241009;112642;133.02;30;11278974216;B
20241009;112645;133;10;11278974471;S
20241009;112701;133.02;10;11278975800;B
20241009;112719;133;200;11278977681;S
20241009;112722;133;20;11278977896;S
20241009;112812;133;120;11278983472;S
20241009;112812;133;300;11278983473;S
20241009;112817;133;10;11278984008;S
20241009;112859;132.9;450;11278988123;S
20241009;112859;132.9;10;11278988124;S
20241009;112859;132.9;50;11278988125;S
20241009;112909;132.9;10;11278988935;B
20241009;112913;132.9;100;11278989341;B
20241009;112920;132.9;230;11278990127;B
20241009;112920;132.9;110;11278990128;B
20241009;112926;132.88;20;11278990691;S
20241009;112926;132.84;20;11278990692;S
20241009;112927;132.9;160;11278990737;B
20241009;112952;132.9;30;11278992976;B
20241009;113004;132.9;110;11278993916;S
20241009;113004;133.02;10;11278993932;B
20241009;113004;133.02;90;11278993933;B
20241009;113020;133.02;10;11278994879;B
20241009;113032;133.04;10;11278995633;B
20241009;113032;133.04;30;11278995634;B
20241009;113032;133.04;330;11278995635;B
20241009;113113;132.9;10;11278998713;S
20241009;113114;133.02;10;11278998756;B
20241009;113114;133.02;230;11278998757;B
20241009;113114;133.02;100;11278998758;B
20241009;113114;133.04;620;11278998759;B
20241009;113114;133.04;50;11278998760;B
20241009;113114;133.06;5990;11278998761;B
20241009;113158;133.04;10;11279003294;B
20241009;113219;133.04;40;11279005182;B
20241009;113219;133.06;1390;11279005183;B
20241009;113219;133.06;20;11279005184;B
20241009;113219;133.06;10;11279005185;B
20241009;113219;133.08;20;11279005186;B
20241009;113219;133.08;10;11279005187;B
20241009;113219;133.08;300;11279005188;B
20241009;113219;133.1;500;11279005189;B
20241009;113219;133.1;20;11279005190;B
20241009;113219;133.1;10;11279005191;B
20241009;113219;133.12;20;11279005192;B
20241009;113219;133.12;10;11279005193;B
20241009;113219;133.14;10;11279005194;B
20241009;113219;133.14;30;11279005195;B
20241009;113219;133.16;30;11279005196;B
20241009;113219;133.16;10;11279005197;B
20241009;113219;133.16;500;11279005198;B
20241009;113219;133.16;940;11279005199;B
20241009;113219;133.16;100;11279005200;B
20241009;113219;133.18;1000;11279005201;B
20241009;113219;133.18;30;11279005202;B
20241009;113222;133.18;220;11279005408;B
20241009;113222;133.18;10;11279005409;B
20241009;113222;133.18;30;11279005410;B
20241009;113222;133.2;10;11279005411;B
20241009;113222;133.2;10;11279005412;B
20241009;113222;133.2;30;11279005413;B
20241009;113222;133.2;10;11279005414;B
20241009;113223;133.22;20;11279005444;B
20241009;113223;133.22;30;11279005445;B
20241009;113223;133.22;10;11279005446;B
20241009;113223;133.24;20;11279005447;B
20241009;113223;133.24;10;11279005448;B
20241009;113223;133.24;30;11279005449;B
20241009;113223;133.24;10;11279005450;B
20241009;113223;133.24;40;11279005451;B
20241009;113321;133.16;10;11279009525;S
20241009;113324;133.16;100;11279009731;S
20241009;113330;133.22;10;11279010144;B
20241009;113401;133.18;10;11279012549;S
20241009;113407;133.22;10;11279013162;B
20241009;113407;133.22;40;11279013163;B
20241009;113420;133.22;60;11279014144;B
20241009;113420;133.24;40;11279014145;B
20241009;113639;133.24;460;11279025436;B
20241009;113639;133.24;40;11279025437;B
20241009;113639;133.26;30;11279025438;B
20241009;113639;133.26;250;11279025439;B
20241009;113639;133.26;30;11279025440;B
20241009;113639;133.26;20;11279025441;B
20241009;113639;133.26;10;11279025442;B
20241009;113639;133.26;10;11279025443;B
20241009;113639;133.28;30;11279025444;B
20241009;113639;133.28;30;11279025445;B
20241009;113639;133.3;420;11279025446;B
20241009;113639;133.3;30;11279025447;B
20241009;113639;133.3;1000;11279025448;B
20241009;113639;133.3;10;11279025449;B
20241009;113639;133.3;30;11279025450;B
20241009;113639;133.3;130;11279025451;B
20241009;113639;133.3;400;11279025452;B
20241009;113639;133.3;70;11279025453;B
20241009;113641;133.3;180;11279025587;B
20241009;113641;133.32;30;11279025588;B
20241009;113641;133.32;30;11279025589;B
20241009;113644;133.34;40;11279025787;B
20241009;113644;133.34;30;11279025788;B
20241009;113644;133.36;40;11279025789;B
20241009;113644;133.36;30;11279025790;B
20241009;113651;133.38;50;11279026564;B
20241009;113651;133.38;500;11279026565;B
20241009;113651;133.38;30;11279026566;B
20241009;113651;133.4;50;11279026567;B
20241009;113651;133.4;30;11279026568;B
20241009;113651;133.4;40;11279026569;B
20241009;113651;133.4;460;11279026754;B
20241009;113701;133.42;60;11279027815;B
20241009;113701;133.42;30;11279027816;B
20241009;113701;133.44;90;11279027817;B
20241009;113701;133.44;10;11279027818;B
20241009;113701;133.44;10;11279027819;B
20241009;113701;133.44;60;11279027820;B
20241009;113701;133.44;30;11279027821;B
20241009;113701;133.46;60;11279027822;B
20241009;113704;133.46;10;11279028117;B
20241009;113704;133.48;20;11279028118;B
20241009;113705;133.48;50;11279028177;B
20241009;113706;133.5;40;11279028226;B
20241009;113706;133.5;100;11279028227;B
20241009;113706;133.5;20;11279028228;B
20241009;113706;133.5;590;11279028229;B
20241009;113706;133.5;410;11279028241;B
20241009;113706;133.5;10;11279028242;B
20241009;113706;133.5;40;11279028397;S
20241009;113707;133.5;930;11279028407;B
20241009;113707;133.5;70;11279028553;B
20241009;113708;133.5;70;11279028767;B
20241009;113711;133.5;1090;11279029086;B
20241009;113712;133.54;80;11279029129;B
20241009;113712;133.56;30;11279029130;B
20241009;113712;133.56;90;11279029131;B
20241009;113712;133.56;10;11279029132;B
20241009;113712;133.56;40;11279029133;B
20241009;113712;133.6;500;11279029134;B
20241009;113712;133.6;270;11279029137;B
20241009;113713;133.58;30;11279029241;B
20241009;113713;133.6;1230;11279029242;B
20241009;113713;133.6;200;11279029243;B
20241009;113714;133.64;30;11279029303;S
20241009;113721;133.6;20;11279029938;S
20241009;113723;133.62;30;11279030094;B
20241009;113723;133.64;70;11279030095;B
20241009;113725;133.6;10;11279030291;S
20241009;113731;133.6;70;11279030659;S
20241009;113742;133.6;250;11279031521;S
20241009;113753;133.6;180;11279032523;S
20241009;113756;133.6;500;11279032857;S
20241009;113801;133.6;300;11279033183;S
20241009;113802;133.6;100;11279033250;S
20241009;113825;133.6;300;11279035270;S
20241009;113825;133.6;100;11279035295;S
20241009;113825;133.6;370;11279035316;S
20241009;113826;133.6;250;11279035365;S
20241009;113826;133.6;90;11279035376;S
20241009;113826;133.6;30;11279035377;S
20241009;113841;133.5;50;11279036700;S
20241009;113900;133.58;20;11279039453;B
20241009;113900;133.6;30;11279039454;B
20241009;113900;133.62;30;11279039455;B
20241009;113905;133.62;70;11279039904;B
20241009;113905;133.62;30;11279039905;B
20241009;113905;133.62;100;11279039906;B
20241009;113905;133.62;400;11279039907;B
20241009;113916;133.64;550;11279040777;B
20241009;113919;133.64;160;11279041059;B
20241009;113926;133.64;50;11279041384;B
20241009;113932;133.64;10;11279041963;B
20241009;113935;133.64;10;11279042112;B
20241009;113951;133.64;3810;11279043258;B
20241009;113953;133.64;10;11279043435;B
20241009;113954;133.64;330;11279043478;B
20241009;114016;133.7;30;11279045234;B
20241009;114017;133.7;10;11279045417;B
20241009;114017;133.7;100;11279045418;B
20241009;114017;133.7;100;11279045419;B
20241009;114017;133.74;10;11279045420;B
20241009;114017;133.8;90;11279045421;B
20241009;114017;133.8;70;11279045422;B
20241009;114017;133.84;90;11279045423;B
20241009;114017;133.84;3830;11279045424;B
20241009;114017;133.84;290;11279045425;B
20241009;114017;133.9;10;11279045426;B
20241009;114017;133.9;40;11279045427;B
20241009;114017;133.9;2000;11279045428;B
20241009;114017;133.9;1000;11279045429;B
20241009;114017;133.96;50;11279045430;B
20241009;114017;133.96;10;11279045431;B
20241009;114017;133.96;100;11279045432;B
20241009;114017;133.98;500;11279045433;B
20241009;114017;133.98;10;11279045434;B
20241009;114017;134;100;11279045435;B
20241009;114017;134;100;11279045436;B
20241009;114017;134;170;11279045437;B
20241009;114017;134;1000;11279045438;B
20241009;114017;134;10;11279045439;B
20241009;114017;134;10;11279045440;B
20241009;114017;134;30;11279045441;B
20241009;114017;134;200;11279045442;B
20241009;114017;134;50;11279045443;B
20241009;114017;134;30;11279045444;B
20241009;114017;134;1000;11279045445;B
20241009;114017;134;10;11279045446;B
20241009;114017;134.06;200;11279045447;B
20241009;114017;134.08;30;11279045448;B
20241009;114017;134.08;20;11279045449;B
20241009;114018;133.8;10;11279045506;S
20241009;114018;134.08;50;11279045543;B
20241009;114019;133.84;10;11279045613;S
20241009;114025;133.96;10;11279046226;B
20241009;114040;133.94;20;11279047410;B
20241009;114040;133.96;200;11279047411;B
20241009;114040;133.96;500;11279047412;B
20241009;114040;134;20;11279047413;B
20241009;114040;134.06;20;11279047414;B
20241009;114040;134.06;100;11279047415;B
20241009;114040;134.08;10;11279047416;B
20241009;114040;134.08;130;11279047417;B
20241009;114051;134;100;11279048377;B
20241009;114052;133.96;10;11279048489;S
20241009;114052;133.86;30;11279048490;S
20241009;114053;133.86;10;11279048520;B
20241009;114055;133.86;950;11279048668;B
20241009;114055;133.88;30;11279048669;B
20241009;114108;133.9;20;11279050143;S
20241009;114108;133.86;80;11279050144;S
20241009;114108;133.84;10;11279050145;S
20241009;114117;133.78;10;11279050716;S
20241009;114117;133.72;40;11279050717;S
20241009;114117;133.72;300;11279050718;S
20241009;114154;133.7;100;11279053242;S
20241009;114154;133.7;50;11279053243;S
20241009;114154;133.7;10;11279053244;S
20241009;114157;133.68;10;11279053443;B
20241009;114215;133.7;40;11279054664;S
20241009;114215;133.68;40;11279054665;S
20241009;114215;133.68;80;11279054666;S
20241009;114224;133.8;30;11279055224;B
20241009;114224;133.82;50;11279055225;B
20241009;114224;133.82;30;11279055226;B
20241009;114224;133.88;300;11279055227;B
20241009;114224;133.9;250;11279055228;B
20241009;114224;133.92;100;11279055229;B
20241009;114224;133.92;100;11279055230;B
20241009;114224;133.92;140;11279055231;B
20241009;114303;133.76;10;11279057625;B
20241009;114336;133.78;50;11279059813;S
20241009;114350;133.8;50;11279060817;S
20241009;114350;133.8;130;11279060839;S
20241009;114417;133.8;500;11279062717;S
20241009;114417;133.78;60;11279062718;S
20241009;114417;133.78;100;11279062719;S
20241009;114418;133.78;10;11279062743;B
20241009;114426;133.76;40;11279063324;S
20241009;114452;133.76;80;11279064980;S
20241009;114453;133.76;740;11279065031;S
20241009;114454;133.7;160;11279065124;S
20241009;114455;133.76;10;11279065239;B
20241009;114508;133.76;10;11279065943;B
20241009;114530;133.68;10;11279067297;S
20241009;114554;133.68;100;11279068796;S
20241009;114605;133.76;240;11279069679;B
20241009;114605;133.76;620;11279069680;B
20241009;114622;133.7;100;11279071035;S
20241009;114639;133.7;70;11279072525;S
20241009;114639;133.7;60;11279072526;S
20241009;114705;133.68;10;11279074240;S
20241009;114707;133.68;30;11279074341;S
20241009;114707;133.68;70;11279074342;S
20241009;114711;133.68;20;11279074594;S
20241009;114712;133.68;40;11279074668;S
20241009;114713;133.66;50;11279074791;S
20241009;114718;133.68;40;11279075138;B
20241009;114718;133.7;70;11279075139;B
20241009;114756;133.68;10;11279077601;S
20241009;114802;133.68;10;11279077921;S
20241009;114802;133.68;40;11279077922;S
20241009;114802;133.68;10;11279077923;S
20241009;114826;133.64;20;11279079406;S
20241009;114850;133.64;180;11279080984;S
20241009;114850;133.64;10;11279080985;S
20241009;114850;133.64;10;11279080986;S
20241009;114850;133.64;10;11279080987;S
20241009;114850;133.64;40;11279080988;S
20241009;114852;133.62;750;11279081129;S
20241009;114855;133.64;20;11279081242;B
20241009;114911;133.64;10;11279082312;B
20241009;114952;133.62;320;11279085355;S
20241009;114957;133.62;400;11279085703;S
20241009;114958;133.6;100;11279085766;S
20241009;114958;133.52;20;11279085767;S
20241009;115029;133.5;20;11279088075;S
20241009;115033;133.6;20;11279088382;B
20241009;115035;133.5;30;11279088458;S
20241009;115035;133.5;10;11279088459;S
20241009;115036;133.5;10;11279088564;B
20241009;115036;133.6;10;11279088565;B
20241009;115049;133.5;40;11279089403;B
20241009;115049;133.58;20;11279089404;B
20241009;115049;133.6;30;11279089405;B
20241009;115142;133.58;10;11279092675;B
20241009;115158;133.48;360;11279094226;S
20241009;115158;133.48;10;11279094227;S
20241009;115252;133.48;10;11279097817;B
20241009;115256;133.46;20;11279098085;S
20241009;115256;133.44;330;11279098086;S
20241009;115256;133.4;10;11279098087;S
20241009;115256;133.4;30;11279098088;S
20241009;115256;133.38;40;11279098089;S
20241009;115256;133.38;60;11279098090;S
20241009;115320;133.36;10;11279100073;S
20241009;115320;133.36;20;11279100074;S
20241009;115421;133.48;50;11279103719;B
20241009;115429;133.38;10;11279104197;S
20241009;115429;133.36;20;11279104198;S
20241009;115527;133.38;10;11279107662;S
20241009;115527;133.36;250;11279107663;S
20241009;115527;133.36;30;11279107664;S
20241009;115527;133.36;20;11279107670;B
20241009;115612;133.36;10;11279110391;B
20241009;115623;133.36;20;11279111219;B
20241009;115628;133.34;20;11279111485;S
20241009;115628;133.34;10;11279111486;S
20241009;115628;133.34;20;11279111487;S
20241009;115641;133.34;30;11279112500;S
20241009;115645;133.34;80;11279112759;S
20241009;115647;133.34;80;11279112844;S
20241009;115648;133.34;80;11279112925;S
20241009;115652;133.36;170;11279113166;B
20241009;115706;133.34;20;11279114155;S
20241009;115706;133.32;30;11279114156;S
20241009;115711;133.34;80;11279114606;S
20241009;115713;133.34;80;11279114762;S
20241009;115716;133.34;50;11279115064;S
20241009;115725;133.36;10;11279115887;B
20241009;115730;133.34;50;11279116211;S
20241009;115741;133.34;10;11279116840;S
20241009;115741;133.34;10;11279116841;S
20241009;115750;133.3;30;11279117328;S
20241009;115750;133.3;20;11279117355;S
20241009;115750;133.3;240;11279117356;S
20241009;115750;133.28;10;11279117357;S
20241009;115750;133.28;40;11279117358;S
20241009;115750;133.26;300;11279117359;S
20241009;115750;133.26;10;11279117360;S
20241009;115803;133.3;20;11279118122;S
20241009;115817;133.3;20;11279118926;S
20241009;115827;133.34;30;11279119654;B
20241009;115832;133.34;20;11279120048;S
20241009;115843;133.34;30;11279120769;S
20241009;115856;133.34;100;11279121773;S
20241009;115907;133.32;100;11279122552;S
20241009;115923;133.32;90;11279124185;S
20241009;115928;133.32;10;11279124547;S
20241009;120014;133.32;50;11279127709;S
20241009;120014;133.32;30;11279127710;S
20241009;120025;133.32;20;11279128529;S
20241009;120025;133.32;30;11279128530;S
20241009;120028;133.32;500;11279128696;S
20241009;120028;133.3;500;11279128697;S
20241009;120129;133.36;10;11279133790;B
20241009;120239;133.4;40;11279138909;S
20241009;120239;133.44;40;11279138911;B
20241009;120239;133.4;40;11279138912;S
20241009;120239;133.4;40;11279138913;S
20241009;120239;133.44;40;11279138915;B
20241009;120309;133.4;260;11279141113;S
20241009;120333;133.36;10;11279142608;S
20241009;120333;133.36;540;11279142609;S
20241009;120555;133.44;30;11279152647;B
20241009;120555;133.44;20;11279152648;B
20241009;120555;133.46;40;11279152649;B
20241009;120555;133.46;30;11279152650;B
20241009;120555;133.46;530;11279152651;B
20241009;120555;133.48;570;11279152652;B
20241009;120555;133.48;100;11279152653;B
20241009;120555;133.52;300;11279152654;B
20241009;120555;133.54;1000;11279152655;B
20241009;120555;133.56;1000;11279152656;B
20241009;120555;133.56;30;11279152657;B
20241009;120555;133.6;310;11279152658;B
20241009;120555;133.6;500;11279152659;B
20241009;120555;133.6;100;11279152660;B
20241009;120555;133.62;600;11279152661;B
20241009;120555;133.62;10;11279152662;B
20241009;120555;133.64;470;11279152663;B
20241009;120555;133.64;290;11279152664;B
20241009;120555;133.66;10;11279152665;B
20241009;120555;133.66;1000;11279152666;B
20241009;120555;133.68;1940;11279152667;B
20241009;120555;133.7;70;11279152668;B
20241009;120555;133.7;20;11279152669;B
20241009;120555;133.7;10;11279152670;B
20241009;120555;133.74;30;11279152671;B
20241009;120555;133.78;530;11279152672;B
20241009;120555;133.78;360;11279152673;B
20241009;120555;133.82;2280;11279152674;B
20241009;120555;133.84;1500;11279152675;B
20241009;120555;133.86;190;11279152676;B
20241009;120555;133.86;2510;11279152677;B
20241009;120556;133.56;40;11279152720;S
20241009;120738;133.7;20;11279160811;S
20241009;120746;133.7;80;11279161438;S
20241009;120746;133.62;50;11279161439;S
20241009;120746;133.6;50;11279161440;S
20241009;120746;133.6;300;11279161441;S
20241009;120746;133.6;150;11279161442;S
20241009;120746;133.6;40;11279161443;S
20241009;120746;133.58;1140;11279161444;S
20241009;120746;133.54;100;11279161445;S
20241009;120746;133.54;290;11279161446;S
20241009;120746;133.5;3000;11279161447;S
20241009;120746;133.5;80;11279161448;S
20241009;120746;133.38;10;11279161449;S
20241009;120746;133.36;10;11279161450;S
20241009;120746;133.34;530;11279161451;S
20241009;120746;133.32;2000;11279161452;S
20241009;120746;133.3;200;11279161453;S
20241009;120746;133.28;10;11279161454;S
20241009;120746;133.28;10;11279161455;S
20241009;120746;133.28;3000;11279161456;S
20241009;120746;133.26;10;11279161457;S
20241009;120746;133.26;100;11279161458;S
20241009;120746;133.26;10;11279161459;S
20241009;120746;133.26;40;11279161460;S
20241009;120746;133.26;10;11279161461;S
20241009;120746;133.24;30;11279161462;S
20241009;120746;133.24;10;11279161463;S
20241009;120746;133.24;10;11279161464;S
20241009;120746;133.24;20;11279161465;S
20241009;120746;133.22;500;11279161466;S
20241009;120746;133.22;1500;11279161467;S
20241009;120746;133.2;30;11279161468;S
20241009;120746;133.2;10;11279161469;S
20241009;120746;133.2;500;11279161470;S
20241009;120746;133.2;30;11279161471;S
20241009;120746;133.18;10;11279161472;S
20241009;120746;133.16;10;11279161473;S
20241009;120746;133.16;10;11279161474;S
20241009;120746;133.14;10;11279161475;S
20241009;120746;133.14;10;11279161476;S
20241009;120746;133.14;10;11279161477;S
20241009;120746;133.14;10;11279161478;S
20241009;120746;133.12;10;11279161479;S
20241009;120746;133.12;20;11279161480;S
20241009;120746;133.1;990;11279161481;S
20241009;120747;133.28;40;11279161482;S
20241009;120747;133.4;40;11279161510;S
20241009;120747;133.4;40;11279161518;S
20241009;120858;133.34;40;11279167030;B
20241009;120958;133.32;20;11279174794;B
20241009;120958;133.34;180;11279174795;B
20241009;121003;133.3;20;11279175335;S
20241009;121003;133.26;80;11279175336;S
20241009;121044;133.26;490;11279179003;S
20241009;121044;133.24;50;11279179004;S
20241009;121044;133.22;60;11279179005;S
20241009;121147;133.28;30;11279184946;S
20241009;121148;133.26;280;11279184978;S
20241009;121148;133.24;300;11279184979;S
20241009;121148;133.24;30;11279184980;S
20241009;121148;133.22;140;11279184981;S
20241009;121148;133.22;190;11279184982;S
20241009;121148;133.22;10;11279184983;S
20241009;121148;133.22;30;11279184984;S
20241009;121148;133.22;100;11279184985;S
20241009;121148;133.18;1000;11279184986;S
20241009;121148;133.16;10;11279184987;S
20241009;121148;133.14;170;11279184988;S
20241009;121148;133.14;10;11279184989;S
20241009;121148;133.14;30;11279184990;S
20241009;121159;133.28;10;11279185776;B
20241009;121209;133.28;150;11279186301;B
20241009;121249;133.3;10;11279189304;B
20241009;121253;133.3;10;11279189521;B
20241009;121254;133.3;10;11279189543;B
20241009;121254;133.32;10;11279189551;B
20241009;121255;133.32;10;11279189596;B
20241009;121529;133.3;30;11279202124;B
20241009;121539;133.3;10;11279202892;B
20241009;121639;133.28;10;11279207251;B
20241009;121639;133.3;20;11279207252;B
20241009;121639;133.3;10;11279207265;S
20241009;121702;133.3;10;11279209390;B
20241009;121712;133.3;10;11279210301;B
20241009;121724;133.32;40;11279211216;B
20241009;121724;133.34;10;11279211217;B
20241009;121724;133.36;10;11279211218;B
20241009;121724;133.46;40;11279211219;B
20241009;121724;133.48;150;11279211220;B
20241009;121834;133.26;20;11279217723;S
