<DATE>;<TIME>;<LAST>;<VOL>;<ID>;<OPER>
20241021;095933;3970;1;11318101926;S
20241021;095933;3970;2;11318101927;B
20241021;095933;3970;41;11318101928;B
20241021;095933;3970;17;11318101929;S
20241021;095933;3970;10;11318101930;B
20241021;095933;3970;10;11318101931;S
20241021;095933;3970;1;11318101932;S
20241021;095933;3970;1;11318101933;S
20241021;095933;3970;1;11318101934;B
20241021;095933;3970;2;11318101935;S
20241021;095933;3970;1;11318101936;S
20241021;095933;3970;2;11318101937;B
20241021;095933;3970;7;11318101938;B
20241021;095933;3970;15;11318101939;B
20241021;095933;3970;1;11318101940;B
20241021;095933;3970;3;11318101941;B
20241021;095933;3970;19;11318101942;B
20241021;095933;3970;1;11318101943;B
20241021;095933;3970;4;11318101944;B
20241021;095933;3970;6;11318101945;B
20241021;095933;3970;24;11318101946;B
20241021;095933;3970;4;11318101947;B
20241021;095933;3970;1;11318101948;B
20241021;095933;3970;3;11318101949;B
20241021;095933;3970;4;11318101950;B
20241021;095933;3970;2;11318101951;B
20241021;095933;3970;2;11318101952;B
20241021;095933;3970;7;11318101953;B
20241021;095933;3970;1;11318101954;B
20241021;095933;3970;16;11318101955;B
20241021;095933;3970;1;11318101956;B
20241021;095933;3970;40;11318101957;B
20241021;095933;3970;6;11318101958;B
20241021;095933;3970;10;11318101959;B
20241021;095933;3970;5;11318101960;B
20241021;095933;3970;1;11318101961;B
20241021;095933;3970;5;11318101962;B
20241021;095933;3970;5;11318101963;B
20241021;095933;3970;2;11318101964;B
20241021;095933;3970;171;11318101965;B
20241021;095933;3970;1;11318101966;B
20241021;095933;3970;1;11318101967;B
20241021;095933;3970;1;11318101968;B
20241021;095933;3970;1;11318101969;B
20241021;095933;3970;81;11318101970;B
20241021;095933;3970;1;11318101971;B
20241021;095933;3970;8;11318101972;B
20241021;095933;3970;1;11318101973;B
20241021;095933;3970;2;11318101974;B
20241021;095933;3970;1;11318101975;B
20241021;095933;3970;2;11318101976;B
20241021;095933;3970;5;11318101977;B
20241021;095933;3970;1;11318101978;B
20241021;095933;3970;1;11318101979;B
20241021;095933;3970;18;11318101980;B
20241021;095933;3970;5;11318101981;B
20241021;095933;3970;1;11318101982;B
20241021;095933;3970;3;11318101983;B
20241021;100000;3970.5;2;11318112069;B
20241021;100000;3970.5;2;11318112070;B
20241021;100000;3971.5;1;11318112110;B
20241021;100000;3971.5;13;11318112111;B
20241021;100000;3971.5;1;11318112112;B
20241021;100000;3971.5;7;11318112113;B
20241021;100000;3971.5;5;11318112114;B
20241021;100000;3971.5;2;11318112115;B
20241021;100000;3971.5;1;11318112116;B
20241021;100000;3971.5;1;11318112117;B
20241021;100000;3972;1;11318112128;B
20241021;100000;3973;21;11318112136;B
20241021;100000;3975;1;11318112175;B
20241021;100000;3975;1;11318112176;B
20241021;100000;3975;1;11318112177;B
20241021;100000;3975.5;2;11318112179;B
20241021;100000;3975.5;1;11318112180;B
20241021;100000;3975;2;11318112182;S
20241021;100000;3976;39;11318112226;S
20241021;100000;3975.5;6;11318112227;S
20241021;100000;3975.5;5;11318112228;S
20241021;100000;3976;39;11318112232;S
20241021;100000;3974;11;11318112233;S
20241021;100000;3975.5;5;11318112234;S
20241021;100000;3974;10;11318112241;S
20241021;100000;3973.5;35;11318112242;S
20241021;100000;3974;5;11318112248;S
20241021;100000;3974;5;11318112250;S
20241021;100000;3973.5;40;11318112347;S
20241021;100000;3973.5;10;11318112348;S
20241021;100000;3973.5;39;11318112356;S
20241021;100000;3973.5;11;11318112357;S
20241021;100000;3974;20;11318112379;B
20241021;100000;3975;2;11318112380;B
20241021;100000;3973.5;6;11318112405;S
20241021;100000;3975.5;2;11318112461;B
20241021;100001;3973.5;1;11318112770;S
20241021;100001;3974;4;11318112772;B
20241021;100001;3974.5;20;11318112773;B
20241021;100001;3975;15;11318112860;B
20241021;100001;3975.5;16;11318112861;B
20241021;100002;3975.5;5;11318112975;S
20241021;100002;3976.5;15;11318112977;B
20241021;100002;3977;15;11318112978;B
20241021;100002;3977;4;11318112979;B
20241021;100002;3977;7;11318112980;B
20241021;100002;3977.5;15;11318112981;B
20241021;100002;3977.5;7;11318112982;B
20241021;100002;3978;15;11318112983;B
20241021;100002;3978.5;15;11318112984;B
20241021;100002;3979;7;11318112985;B
20241021;100002;3975.5;4;11318112986;S
20241021;100002;3976.5;1;11318112987;S
20241021;100002;3976.5;11;11318113046;S
20241021;100002;3976.5;1;11318113256;S
20241021;100003;3978;10;11318113651;S
20241021;100004;3979;15;11318115147;S
20241021;100004;3979;5;11318115148;S
20241021;100004;3979;34;11318115150;S
20241021;100004;3979;6;11318115151;S
20241021;100004;3979;21;11318115153;S
20241021;100004;3979;13;11318115154;S
20241021;100004;3979;7;11318115157;B
20241021;100004;3979;8;11318115158;B
20241021;100004;3979;37;11318115159;B
20241021;100004;3979;2;11318115160;S
20241021;100004;3979;18;11318115161;B
20241021;100004;3979;17;11318115162;S
20241021;100004;3979;5;11318115164;S
20241021;100004;3979;6;11318115165;S
20241021;100005;3980;1;11318116856;B
20241021;100005;3979;10;11318116863;S
20241021;100005;3980;1;11318118480;B
20241021;100005;3980.5;4;11318118481;B
20241021;100005;3980.5;1;11318118504;B
20241021;100005;3979;5;11318118519;S
20241021;100005;3979;14;11318118520;S
20241021;100005;3980.5;1;11318118655;B
20241021;100005;3980.5;1;11318118673;B
20241021;100005;3980.5;2;11318118690;B
20241021;100005;3980.5;2;11318118695;B
20241021;100005;3980.5;1;11318119073;B
20241021;100005;3980;15;11318119076;S
20241021;100005;3980.5;1;11318119086;S
20241021;100005;3981;15;11318119093;S
20241021;100005;3980.5;5;11318119094;S
20241021;100005;3980.5;5;11318119095;S
20241021;100005;3980.5;1;11318119100;S
20241021;100005;3981;15;11318119113;S
20241021;100005;3980.5;5;11318119114;S
20241021;100005;3981;5;11318119115;B
20241021;100005;3981;20;11318119122;S
20241021;100005;3981;5;11318119123;S
20241021;100005;3981.5;8;11318119134;B
20241021;100005;3982;3;11318119135;B
20241021;100005;3982;50;11318119136;B
20241021;100005;3982;20;11318119137;B
20241021;100005;3982.5;15;11318119138;B
20241021;100005;3983;15;11318119139;B
20241021;100005;3983.5;1;11318119140;B
20241021;100005;3983.5;1;11318119141;B
20241021;100005;3983.5;5;11318119142;B
20241021;100005;3983.5;2;11318119143;B
20241021;100005;3983.5;2;11318119144;B
20241021;100005;3983.5;4;11318119145;B
20241021;100005;3983.5;1;11318119146;B
20241021;100005;3983.5;3;11318119147;B
20241021;100005;3983.5;8;11318119148;B
20241021;100005;3983.5;12;11318119149;B
20241021;100005;3981;1;11318119212;S
20241021;100005;3982;20;11318119420;B
20241021;100005;3983.5;50;11318119421;B
20241021;100005;3983.5;10;11318119422;B
20241021;100005;3981;8;11318119433;S
20241021;100005;3981;15;11318119434;S
20241021;100005;3981;27;11318119435;S
20241021;100005;3983;1;11318119505;B
20241021;100006;3981.5;1;11318119625;B
20241021;100006;3980;12;11318119639;S
20241021;100006;3982;3;11318119715;B
20241021;100006;3981.5;1;11318120079;B
20241021;100006;3981.5;1;11318120110;B
20241021;100006;3980;15;11318120140;S
20241021;100006;3980;20;11318120141;S
20241021;100006;3981;1;11318120147;S
20241021;100006;3982;5;11318120154;B
20241021;100006;3982;1;11318120160;B
20241021;100006;3982;1;11318120182;B
20241021;100006;3982;1;11318120319;B
20241021;100006;3981;1;11318121107;S
20241021;100006;3983.5;1;11318121700;B
20241021;100006;3980;1;11318121713;S
20241021;100006;3983.5;1;11318121833;B
20241021;100006;3979;1;11318121847;S
20241021;100006;3983.5;12;11318122287;B
20241021;100006;3983;7;11318122485;B
20241021;100006;3982;6;11318122642;S
20241021;100006;3982;3;11318122857;S
20241021;100007;3982.5;1;11318123320;S
20241021;100007;3982.5;14;11318125506;S
20241021;100007;3982;6;11318125507;S
20241021;100007;3982;2;11318125508;S
20241021;100007;3982.5;3;11318126144;B
20241021;100007;3982.5;1;11318126286;B
20241021;100008;3981.5;15;11318128399;S
20241021;100008;3980.5;1;11318129736;S
20241021;100008;3981.5;3;11318129750;B
20241021;100008;3981.5;1;11318129767;B
20241021;100008;3980.5;1;11318129838;S
20241021;100008;3981.5;1;11318129868;B
20241021;100009;3981;10;11318130695;S
20241021;100010;3981.5;1;11318133805;B
20241021;100010;3981.5;1;11318133808;B
20241021;100010;3981.5;5;11318133815;B
20241021;100010;3981.5;5;11318133819;B
20241021;100010;3981.5;5;11318133837;B
20241021;100010;3981.5;6;11318133842;B
20241021;100010;3981.5;1;11318133965;B
20241021;100010;3981.5;1;11318133968;B
20241021;100010;3981;1;11318133974;S
20241021;100010;3981.5;1;11318134187;B
20241021;100010;3981.5;1;11318134192;B
20241021;100010;3982;1;11318134193;B
20241021;100010;3982;6;11318134194;B
20241021;100010;3981.5;1;11318134215;S
20241021;100010;3983.5;1;11318134928;B
20241021;100011;3983;2;11318135342;S
20241021;100011;3984;1;11318135466;B
20241021;100012;3983;1;11318135672;B
20241021;100012;3983.5;5;11318135673;B
20241021;100012;3984;1;11318135699;B
20241021;100014;3982.5;15;11318136181;S
20241021;100014;3982.5;51;11318136182;S
20241021;100014;3982.5;39;11318136183;S
20241021;100014;3982;15;11318136184;S
20241021;100014;3981.5;15;11318136185;S
20241021;100014;3981.5;40;11318136186;S
20241021;100014;3981;9;11318136187;S
20241021;100014;3981;15;11318136188;S
20241021;100014;3981;40;11318136189;S
20241021;100014;3980.5;15;11318136190;S
20241021;100014;3980;15;11318136191;S
20241021;100014;3980;20;11318136192;S
20241021;100014;3980;30;11318136193;S
20241021;100014;3979.5;21;11318136194;S
20241021;100014;3983;37;11318136406;B
20241021;100015;3982.5;15;11318136531;B
20241021;100015;3983;10;11318136532;B
20241021;100016;3981.5;39;11318137013;S
20241021;100016;3981;62;11318137014;S
20241021;100016;3979.5;51;11318137015;S
20241021;100016;3979;30;11318137016;S
20241021;100016;3979;40;11318137017;S
20241021;100016;3978.5;28;11318137018;S
20241021;100018;3981.5;1;11318137430;S
20241021;100018;3981;6;11318137431;S
20241021;100020;3983;3;11318138393;B
20241021;100024;3983;1;11318139585;B
20241021;100027;3983.5;10;11318140572;B
20241021;100027;3983.5;5;11318140573;B
20241021;100028;3982;4;11318140968;S
20241021;100030;3980.5;1;11318141447;S
20241021;100030;3981.5;15;11318141564;B
20241021;100030;3981.5;9;11318141565;B
20241021;100030;3982;26;11318141566;B
20241021;100032;3980.5;3;11318142072;B
20241021;100035;3980.5;12;11318143201;B
20241021;100035;3980.5;8;11318143202;B
20241021;100036;3980.5;2;11318143255;B
20241021;100039;3980.5;1;11318144052;B
20241021;100040;3980;1;11318144321;S
20241021;100040;3979;1;11318144322;S
20241021;100040;3978.5;15;11318144323;S
20241021;100040;3978.5;1;11318144324;S
20241021;100040;3978;12;11318144325;S
20241021;100041;3979.5;4;11318144778;B
20241021;100041;3979.5;15;11318144779;B
20241021;100041;3980;6;11318144780;B
20241021;100041;3978.5;15;11318144817;S
20241021;100041;3978;1;11318144818;S
20241021;100041;3978;15;11318144819;S
20241021;100041;3977.5;3;11318144820;S
20241021;100041;3977.5;15;11318144821;S
20241021;100041;3977.5;1;11318144822;S
20241021;100041;3977.5;75;11318144823;S
20241021;100042;3978.5;2;11318144874;B
20241021;100042;3979.5;15;11318144875;B
20241021;100042;3980;9;11318144876;B
20241021;100042;3980;1;11318144877;B
20241021;100042;3980;51;11318144878;B
20241021;100042;3980;78;11318144879;B
20241021;100042;3980.5;2;11318144880;B
20241021;100042;3980.5;15;11318144881;B
20241021;100042;3980.5;27;11318144882;B
20241021;100043;3981;1;11318145151;B
20241021;100044;3979;3;11318145593;S
20241021;100048;3980.5;15;11318146708;B
20241021;100048;3981;4;11318146709;B
20241021;100051;3981;30;11318148167;B
20241021;100051;3981.5;15;11318148168;B
20241021;100051;3981.5;51;11318148169;B
20241021;100051;3982;15;11318148170;B
20241021;100051;3982;5;11318148171;B
20241021;100051;3982;10;11318148172;B
20241021;100051;3982;174;11318148173;B
20241021;100053;3982;30;11318148510;B
20241021;100053;3982.5;120;11318148511;B
20241021;100053;3982.5;1;11318148526;B
20241021;100053;3981.5;15;11318148604;S
20241021;100053;3981;15;11318148605;S
20241021;100053;3981;30;11318148606;S
20241021;100053;3981;2;11318148607;S
20241021;100058;3982.5;3;11318150291;B
20241021;100101;3982;16;11318151087;B
20241021;100101;3982.5;24;11318151088;B
20241021;100101;3982.5;52;11318151102;B
20241021;100101;3982.5;18;11318151103;B
20241021;100101;3981.5;9;11318151152;S
20241021;100101;3981.5;1;11318151386;S
20241021;100101;3981.5;5;11318151387;S
20241021;100103;3981.5;1;11318151708;S
20241021;100104;3981.5;3;11318152164;S
20241021;100104;3981.5;47;11318152168;S
20241021;100104;3981.5;3;11318152169;S
20241021;100104;3981;2;11318152301;S
20241021;100106;3980.5;2;11318152734;S
20241021;100108;3981;1;11318153309;S
20241021;100108;3982;2;11318153342;B
20241021;100109;3981;6;11318153658;S
20241021;100111;3981;1;11318154043;S
20241021;100111;3980.5;15;11318154044;S
20241021;100111;3980;1;11318154045;S
20241021;100111;3980;28;11318154046;S
20241021;100111;3980;1;11318154047;S
20241021;100111;3980;4;11318154048;S
20241021;100113;3980.5;1;11318154455;B
20241021;100114;3979.5;1;11318154520;S
20241021;100114;3980.5;14;11318154661;B
20241021;100115;3980.5;1;11318154893;S
20241021;100116;3980.5;35;11318155099;S
20241021;100116;3980;15;11318155100;S
20241021;100117;3979.5;38;11318155242;S
20241021;100117;3979.5;4;11318155243;S
20241021;100117;3979.5;4;11318155244;S
20241021;100117;3979.5;1;11318155245;S
20241021;100117;3979.5;1;11318155246;S
20241021;100118;3979;10;11318155551;S
20241021;100118;3978.5;1;11318155552;S
20241021;100118;3978.5;2;11318155553;S
20241021;100118;3978.5;13;11318155554;S
20241021;100118;3978;4;11318155555;S
20241021;100119;3979;1;11318155666;B
20241021;100121;3978;8;11318156128;S
20241021;100121;3978;2;11318156129;S
20241021;100122;3979;14;11318156313;B
20241021;100122;3979;6;11318156314;B
20241021;100123;3978.5;5;11318156660;B
20241021;100124;3978.5;5;11318156949;B
20241021;100126;3977;74;11318157178;S
20241021;100126;3978.5;1;11318157314;B
20241021;100128;3977;26;11318157802;S
20241021;100128;3977;20;11318157803;S
20241021;100128;3977;4;11318157804;S
20241021;100130;3978.5;1;11318158183;B
20241021;100131;3977.5;1;11318158445;S
20241021;100132;3978.5;3;11318158607;B
20241021;100132;3978.5;7;11318158608;B
20241021;100133;3978.5;13;11318158638;B
20241021;100134;3978;4;11318159052;S
20241021;100134;3978;15;11318159053;S
20241021;100134;3977.5;1;11318159054;S
20241021;100134;3977.5;5;11318159055;S
20241021;100134;3977;20;11318159084;S
20241021;100134;3977;5;11318159085;S
20241021;100134;3977;10;11318159086;S
20241021;100135;3976.5;1;11318159177;S
20241021;100136;3976;1;11318159434;S
20241021;100137;3976.5;1;11318159577;B
20241021;100139;3976.5;1;11318159904;B
20241021;100140;3976.5;1;11318160027;B
20241021;100141;3976.5;1;11318160221;B
20241021;100141;3976.5;5;11318160377;B
20241021;100142;3976;4;11318160616;S
20241021;100143;3976;13;11318160672;S
20241021;100143;3975.5;2;11318160673;S
20241021;100143;3975.5;15;11318160701;S
20241021;100143;3975.5;20;11318160702;S
20241021;100145;3977;2;11318161229;B
20241021;100145;3977;1;11318161230;B
20241021;100147;3976;5;11318161774;S
20241021;100148;3976.5;1;11318161984;B
20241021;100153;3977;1;11318163048;S
20241021;100153;3976.5;1;11318163123;B
20241021;100154;3976;1;11318163283;S
20241021;100154;3976;1;11318163284;S
20241021;100154;3976;2;11318163285;S
20241021;100154;3975.5;101;11318163286;S
20241021;100154;3975;20;11318163287;S
20241021;100154;3975;1;11318163288;S
20241021;100154;3975;46;11318163289;S
20241021;100154;3975;15;11318163290;S
20241021;100154;3975;1;11318163291;S
20241021;100154;3975;1;11318163292;S
20241021;100154;3975;1;11318163293;S
20241021;100154;3975;20;11318163294;S
20241021;100154;3974.5;15;11318163295;S
20241021;100154;3974.5;25;11318163296;S
20241021;100154;3976.5;10;11318163390;B
20241021;100158;3976.5;4;11318164342;B
20241021;100158;3977;6;11318164343;B
20241021;100200;3976.5;2;11318164711;B
20241021;100204;3976;1;11318165653;S
20241021;100204;3976.5;12;11318165704;B
20241021;100205;3976;1;11318165879;S
20241021;100209;3976;8;11318166757;S
20241021;100209;3975.5;10;11318166758;S
20241021;100209;3975.5;2;11318166759;S
20241021;100213;3976.5;13;11318167697;B
20241021;100214;3975.5;20;11318167884;S
20241021;100214;3975.5;4;11318167954;S
20241021;100215;3975.5;34;11318168229;S
20241021;100215;3975;20;11318168230;S
20241021;100215;3975;10;11318168231;S
20241021;100215;3975;117;11318168232;S
20241021;100217;3975.5;10;11318168721;B
20241021;100218;3975.5;1;11318169082;B
20241021;100220;3975.5;4;11318169605;B
20241021;100220;3975.5;6;11318169606;B
20241021;100220;3975.5;10;11318169684;B
20241021;100221;3975.5;1;11318169720;B
20241021;100221;3975.5;1;11318169742;B
20241021;100222;3975;100;11318169926;S
20241021;100224;3975.5;1;11318170446;B
20241021;100225;3975.5;5;11318170683;B
20241021;100226;3975.5;26;11318171026;B
20241021;100226;3975.5;50;11318171027;B
20241021;100226;3975.5;35;11318171028;B
20241021;100226;3976;50;11318171029;B
20241021;100226;3976;15;11318171030;B
20241021;100226;3976;50;11318171031;B
20241021;100226;3976.5;24;11318171032;B
20241021;100228;3975.5;3;11318171438;S
20241021;100229;3976.5;1;11318171640;B
20241021;100235;3976;1;11318173054;S
20241021;100236;3976.5;10;11318173115;B
20241021;100236;3976.5;4;11318173247;B
20241021;100236;3976.5;2;11318173248;B
20241021;100237;3976.5;1;11318173517;B
20241021;100239;3976.5;5;11318173886;B
20241021;100239;3976;14;11318173937;S
20241021;100239;3976;1;11318173938;S
20241021;100239;3976;60;11318173939;S
20241021;100239;3975.5;12;11318173940;S
20241021;100239;3975.5;60;11318173941;S
20241021;100239;3975.5;51;11318173942;S
20241021;100239;3975.5;1;11318173943;S
20241021;100239;3975.5;19;11318173944;S
20241021;100239;3975;282;11318173945;S
20241021;100240;3975.5;5;11318174003;S
20241021;100241;3975;1;11318174250;S
20241021;100241;3975;1;11318174251;S
20241021;100241;3975;19;11318174340;S
20241021;100241;3975;1;11318174341;S
20241021;100241;3975;13;11318174342;S
20241021;100242;3975.5;10;11318174367;B
20241021;100242;3975;2;11318174492;S
20241021;100244;3975.5;4;11318174711;B
20241021;100244;3975.5;1;11318174722;B
20241021;100244;3975.5;2;11318174814;B
20241021;100245;3975.5;3;11318174932;B
20241021;100245;3975.5;7;11318174933;B
20241021;100246;3976;10;11318175256;B
20241021;100247;3976;1;11318175437;B
20241021;100249;3976;2;11318175836;B
20241021;100250;3975;8;11318175910;S
20241021;100253;3975;50;11318176473;S
20241021;100254;3975;1;11318176496;S
20241021;100256;3975.5;15;11318176880;S
20241021;100258;3975.5;40;11318177317;S
20241021;100258;3975.5;25;11318177318;S
20241021;100258;3975.5;60;11318177319;S
20241021;100258;3975.5;40;11318177320;B
20241021;100258;3975.5;30;11318177321;B
20241021;100258;3975.5;10;11318177322;B
20241021;100258;3975.5;12;11318177324;B
20241021;100259;3975.5;1;11318177450;S
20241021;100300;3975.5;11;11318177700;S
20241021;100303;3976;1;11318178187;B
20241021;100303;3975.5;16;11318178216;S
20241021;100303;3975.5;9;11318178217;S
20241021;100303;3976;1;11318178330;B
20241021;100305;3975.5;10;11318178830;S
20241021;100307;3975;2;11318179184;S
20241021;100309;3975.5;1;11318179514;B
20241021;100311;3975.5;5;11318180109;B
20241021;100311;3975.5;5;11318180168;B
20241021;100311;3975;24;11318180257;S
20241021;100311;3975;1;11318180258;S
20241021;100311;3975;1;11318180259;S
20241021;100311;3975;5;11318180260;S
20241021;100311;3975;219;11318180261;S
20241021;100311;3975.5;5;11318180265;B
20241021;100311;3975.5;5;11318180441;B
20241021;100312;3975.5;4;11318180469;B
20241021;100312;3975.5;1;11318180470;B
20241021;100312;3975.5;5;11318180542;B
20241021;100312;3975;10;11318180545;S
20241021;100312;3976;5;11318180568;B
20241021;100312;3975;2;11318180575;S
20241021;100312;3976;5;11318180650;B
20241021;100313;3976;5;11318180729;B
20241021;100313;3976;5;11318180755;B
20241021;100313;3976;5;11318180849;B
20241021;100313;3976;5;11318180910;B
20241021;100313;3976;5;11318181072;B
20241021;100314;3976;5;11318181176;B
20241021;100314;3975;3;11318181187;S
20241021;100314;3975.5;5;11318181206;B
20241021;100314;3975.5;5;11318181232;B
20241021;100314;3976;5;11318181325;B
20241021;100315;3976;1;11318181387;B
20241021;100315;3976;5;11318181452;B
20241021;100316;3975;3;11318181909;S
20241021;100321;3975.5;1;11318183308;S
20241021;100321;3975;3;11318183309;S
20241021;100324;3975.5;2;11318184412;S
20241021;100324;3975;1;11318184413;S
20241021;100326;3976;1;11318184911;B
20241021;100327;3975;3;11318185050;S
20241021;100339;3975.5;1;11318188178;S
20241021;100341;3976;1;11318188697;B
20241021;100342;3976;1;11318188965;B
20241021;100342;3975.5;1;11318189079;S
20241021;100342;3975.5;99;11318189080;S
20241021;100342;3975;50;11318189081;S
20241021;100342;3975.5;1;11318189088;B
20241021;100343;3975.5;14;11318189174;B
20241021;100343;3975.5;30;11318189175;B
20241021;100343;3975;3;11318189208;S
20241021;100345;3975.5;15;11318189724;B
20241021;100345;3975.5;1;11318189725;B
20241021;100345;3976;39;11318189726;B
20241021;100346;3975;70;11318189942;S
20241021;100349;3975.5;1;11318191026;B
20241021;100353;3975.5;1;11318192049;B
20241021;100354;3975.5;43;11318192309;B
20241021;100354;3976;2;11318192310;B
20241021;100354;3976;5;11318192311;B
20241021;100354;3976;250;11318192312;B
20241021;100354;3976;15;11318192313;B
20241021;100354;3976;39;11318192314;B
20241021;100354;3976;2;11318192315;B
20241021;100354;3976;1;11318192316;B
20241021;100359;3976;11;11318193762;S
20241021;100359;3976;4;11318193763;S
20241021;100402;3976;7;11318194575;S
20241021;100404;3976;1;11318194916;S
20241021;100405;3976.5;83;11318195095;B
20241021;100405;3976.5;2;11318195096;B
20241021;100405;3977;39;11318195097;B
20241021;100405;3977.5;26;11318195098;B
20241021;100407;3978.5;1;11318195617;B
20241021;100407;3976.5;1;11318195719;S
20241021;100408;3976.5;4;11318195864;S
20241021;100409;3978.5;6;11318196113;B
20241021;100414;3976.5;10;11318197140;S
20241021;100414;3976.5;39;11318197141;S
20241021;100414;3976.5;15;11318197142;S
20241021;100414;3976.5;25;11318197143;S
20241021;100414;3976;3;11318197144;S
20241021;100414;3976;1;11318197145;S
20241021;100414;3976;13;11318197146;S
20241021;100414;3976;15;11318197147;S
20241021;100414;3975.5;15;11318197148;S
20241021;100414;3975.5;60;11318197149;S
20241021;100414;3975.5;2;11318197150;S
20241021;100414;3975.5;40;11318197151;S
20241021;100414;3975.5;30;11318197152;S
20241021;100414;3975.5;24;11318197153;S
20241021;100414;3975.5;108;11318197154;S
20241021;100414;3978;2;11318197167;B
20241021;100420;3978;13;11318198516;B
20241021;100420;3976.5;15;11318198558;S
20241021;100420;3976;15;11318198559;S
20241021;100420;3976;13;11318198560;S
20241021;100420;3976;3;11318198561;S
20241021;100420;3975.5;4;11318198562;S
20241021;100421;3976;13;11318198723;S
20241021;100429;3978;17;11318200361;B
20241021;100430;3976;2;11318200603;S
20241021;100430;3976;12;11318200604;S
20241021;100430;3976;2;11318200605;S
20241021;100430;3976;1;11318200662;S
20241021;100431;3978;1;11318200873;B
20241021;100433;3978;4;11318201193;B
20241021;100433;3978;6;11318201232;B
20241021;100433;3976;2;11318201269;S
20241021;100435;3976;3;11318201734;S
20241021;100437;3976;10;11318202267;S
20241021;100437;3976;12;11318202268;S
20241021;100437;3976;5;11318202269;S
20241021;100437;3975.5;11;11318202270;S
20241021;100437;3975.5;39;11318202271;S
20241021;100437;3975.5;2;11318202272;S
20241021;100437;3975.5;12;11318202273;S
20241021;100437;3975.5;30;11318202274;S
20241021;100437;3975;41;11318202275;S
20241021;100446;3976.5;1;11318204354;B
20241021;100446;3977;15;11318204355;B
20241021;100446;3977;10;11318204356;B
20241021;100447;3975.5;39;11318204583;S
20241021;100447;3975.5;15;11318204584;S
20241021;100447;3975;46;11318204585;S
20241021;100448;3976.5;11;11318204776;B
20241021;100449;3975.5;1;11318205203;S
20241021;100501;3976.5;4;11318207650;B
20241021;100501;3977;15;11318207651;B
20241021;100501;3977;17;11318207652;B
20241021;100501;3977;10;11318207653;B
20241021;100501;3977.5;15;11318207654;B
20241021;100501;3977.5;2;11318207655;B
20241021;100501;3977.5;17;11318207656;B
20241021;100501;3978;4;11318207657;B
20241021;100501;3978;11;11318207658;B
20241021;100502;3977.5;2;11318207965;B
20241021;100512;3976;1;11318210348;S
20241021;100512;3976;2;11318210349;S
20241021;100512;3976;13;11318210351;S
20241021;100512;3976;10;11318210352;S
20241021;100512;3976;11;11318210353;S
20241021;100515;3977.5;4;11318211034;B
20241021;100519;3977.5;2;11318212027;B
20241021;100526;3977;1;11318213510;S
20241021;100526;3977;12;11318213511;S
20241021;100527;3977.5;43;11318213673;B
20241021;100527;3978;40;11318213674;B
20241021;100527;3978;9;11318213675;B
20241021;100527;3978.5;43;11318213676;B
20241021;100527;3978.5;15;11318213677;B
20241021;100527;3978.5;6;11318213678;B
20241021;100527;3978.5;9;11318213679;B
20241021;100527;3979;15;11318213680;B
20241021;100527;3979;1;11318213681;B
20241021;100527;3979;30;11318213682;B
20241021;100527;3979.5;52;11318213683;B
20241021;100527;3979.5;15;11318213684;B
20241021;100527;3980;15;11318213685;B
20241021;100527;3980;10;11318213686;B
20241021;100527;3980;40;11318213687;B
20241021;100527;3980;30;11318213688;B
20241021;100527;3980;50;11318213689;B
20241021;100527;3980.5;1;11318213690;B
20241021;100527;3980.5;15;11318213691;B
20241021;100527;3980.5;60;11318213692;B
20241021;100527;3981;15;11318213693;B
20241021;100527;3981;24;11318213694;B
20241021;100527;3981;202;11318213695;B
20241021;100527;3981.5;190;11318213696;B
20241021;100527;3981.5;5;11318213697;B
20241021;100527;3981.5;20;11318213698;B
20241021;100527;3981.5;15;11318213699;B
20241021;100527;3982;1;11318213700;B
20241021;100527;3982;15;11318213701;B
20241021;100527;3982;40;11318213702;B
20241021;100527;3982.5;166;11318213703;B
20241021;100527;3982.5;15;11318213704;B
20241021;100527;3983;226;11318213705;B
20241021;100527;3983;15;11318213706;B
20241021;100527;3983.5;1;11318213707;B
20241021;100527;3983.5;40;11318213708;B
20241021;100527;3984;8;11318213709;B
20241021;100527;3984;3;11318213710;B
20241021;100527;3983;4;11318213758;B
20241021;100527;3983.5;15;11318213759;B
20241021;100527;3984;7;11318213760;B
20241021;100527;3984;15;11318213761;B
20241021;100527;3984;20;11318213762;B
20241021;100527;3984;13;11318213763;B
20241021;100527;3981;6;11318213827;S
20241021;100529;3982.5;25;11318214141;B
20241021;100530;3982.5;1;11318214211;B
20241021;100530;3982.5;1;11318214212;B
20241021;100530;3983.5;8;11318214213;B
20241021;100530;3982;4;11318214250;S
20241021;100532;3983;15;11318214543;S
20241021;100532;3982.5;15;11318214544;S
20241021;100532;3982.5;9;11318214545;S
20241021;100532;3982;11;11318214546;S
20241021;100532;3982;8;11318214547;S
20241021;100532;3982;43;11318214548;S
20241021;100533;3983;6;11318214776;S
20241021;100535;3983.5;1;11318215038;B
20241021;100535;3984;15;11318215039;B
20241021;100535;3984;43;11318215040;B
20241021;100535;3984.5;1;11318215041;B
20241021;100535;3984.5;12;11318215042;B
20241021;100535;3984.5;2;11318215043;B
20241021;100535;3984.5;26;11318215044;B
20241021;100538;3982.5;5;11318215423;S
20241021;100539;3982.5;10;11318215608;S
20241021;100539;3982.5;15;11318215609;S
20241021;100540;3981.5;2;11318215695;S
20241021;100541;3983.5;1;11318215881;B
20241021;100542;3984.5;2;11318216111;B
20241021;100542;3985;1;11318216194;B
20241021;100542;3985;102;11318216195;B
20241021;100542;3985;1;11318216196;B
20241021;100542;3985;112;11318216197;B
20241021;100542;3985;1;11318216198;B
20241021;100542;3985;15;11318216199;B
20241021;100542;3985;3;11318216200;B
20241021;100542;3985;123;11318216201;B
20241021;100542;3985;11;11318216202;B
20241021;100542;3985.5;1;11318216203;B
20241021;100542;3985.5;1;11318216204;B
20241021;100542;3985.5;2;11318216205;B
20241021;100542;3985.5;15;11318216206;B
20241021;100542;3986;10;11318216207;B
20241021;100542;3986;15;11318216208;B
20241021;100542;3986;40;11318216209;B
20241021;100542;3986;22;11318216210;B
20241021;100542;3986.5;15;11318216211;B
20241021;100542;3986.5;10;11318216212;B
20241021;100543;3987;1;11318216229;B
20241021;100543;3987.5;1;11318216230;B
20241021;100543;3984.5;1;11318216303;S
20241021;100543;3987;2;11318216327;B
20241021;100543;3983.5;15;11318216408;S
20241021;100543;3983.5;35;11318216409;S
20241021;100544;3984;15;11318216415;S
20241021;100544;3983.5;35;11318216416;S
20241021;100544;3985;1;11318216493;B
20241021;100544;3985.5;42;11318216494;B
20241021;100544;3986;7;11318216495;B
20241021;100545;3984;15;11318216617;S
20241021;100545;3983.5;54;11318216618;S
20241021;100545;3983.5;15;11318216619;S
20241021;100545;3983;15;11318216620;S
20241021;100545;3982.5;15;11318216621;S
20241021;100545;3982.5;1;11318216622;S
20241021;100545;3982.5;39;11318216623;S
20241021;100545;3982.5;30;11318216624;S
20241021;100545;3982;15;11318216625;S
20241021;100545;3982;52;11318216626;S
20241021;100547;3984.5;1;11318216936;B
20241021;100549;3982.5;20;11318217169;S
20241021;100550;3982.5;7;11318217229;S
20241021;100550;3982.5;4;11318217230;S
20241021;100550;3983.5;1;11318217369;B
20241021;100550;3983.5;2;11318217370;B
20241021;100552;3983.5;4;11318217808;B
20241021;100555;3982.5;8;11318218165;S
20241021;100555;3982.5;7;11318218166;S
20241021;100555;3982.5;6;11318218167;S
20241021;100557;3982.5;9;11318218409;S
20241021;100557;3982.5;39;11318218410;S
20241021;100557;3982.5;2;11318218411;S
20241021;100600;3984;15;11318219157;B
20241021;100600;3984;1;11318219158;B
20241021;100600;3984;13;11318219159;B
20241021;100600;3984;5;11318219160;B
20241021;100600;3984.5;15;11318219161;B
20241021;100600;3984.5;48;11318219162;B
20241021;100600;3984.5;6;11318219163;B
20241021;100600;3985;15;11318219164;B
20241021;100600;3985;40;11318219165;B
20241021;100600;3985;11;11318219166;B
20241021;100602;3985;1;11318219626;B
20241021;100602;3985;3;11318219676;B
20241021;100602;3986;5;11318219677;B
20241021;100603;3986;62;11318219711;S
20241021;100603;3986;15;11318219712;S
20241021;100603;3985.5;7;11318219713;S
20241021;100603;3985.5;15;11318219714;S
20241021;100603;3985;1;11318219715;S
20241021;100603;3986.5;14;11318219746;B
20241021;100603;3986.5;36;11318219747;B
20241021;100604;3984;3;11318219804;S
20241021;100604;3986;1;11318220028;B
20241021;100604;3985;3;11318220063;S
20241021;100604;3986;1;11318220066;B
20241021;100605;3986;1;11318220100;B
20241021;100605;3986;1;11318220157;B
20241021;100605;3986;1;11318220198;B
20241021;100605;3987;1;11318220219;B
20241021;100605;3987;1;11318220242;B
20241021;100606;3987;1;11318220261;B
20241021;100606;3987;1;11318220357;B
20241021;100606;3987;1;11318220454;B
20241021;100606;3987;1;11318220490;B
20241021;100606;3987;1;11318220552;B
20241021;100607;3987;1;11318220574;B
20241021;100607;3987;1;11318220604;B
20241021;100607;3987;1;11318220626;B
20241021;100607;3987;1;11318220650;B
20241021;100607;3987;1;11318220675;B
20241021;100608;3987;1;11318220708;B
20241021;100608;3987;1;11318220855;B
20241021;100608;3987;1;11318220936;B
20241021;100608;3987;2;11318220954;B
20241021;100608;3987;1;11318220994;B
20241021;100608;3987;3;11318221023;B
20241021;100608;3987;1;11318221057;B
20241021;100609;3987;1;11318221094;B
20241021;100609;3987.5;1;11318221121;B
20241021;100609;3987.5;1;11318221160;B
20241021;100609;3987.5;1;11318221170;B
20241021;100610;3987.5;1;11318221198;B
20241021;100610;3987.5;1;11318221263;B
20241021;100610;3987.5;1;11318221394;B
20241021;100610;3987.5;1;11318221414;B
20241021;100610;3987.5;1;11318221463;B
20241021;100610;3987.5;1;11318221511;B
20241021;100611;3987.5;1;11318221554;B
20241021;100611;3987.5;1;11318221571;B
20241021;100611;3987.5;1;11318221582;B
20241021;100611;3987;1;11318221586;S
20241021;100611;3986;15;11318221587;S
20241021;100611;3985.5;14;11318221588;S
20241021;100611;3987.5;1;11318221621;B
20241021;100611;3985.5;1;11318221635;S
20241021;100611;3987;1;11318221645;B
20241021;100612;3987;1;11318221693;B
20241021;100612;3987;1;11318221879;B
20241021;100612;3987;1;11318221908;B
20241021;100612;3987;1;11318221945;B
20241021;100612;3987;1;11318221998;B
20241021;100613;3987;1;11318222036;B
20241021;100613;3987;1;11318222053;B
20241021;100613;3987;1;11318222085;B
20241021;100613;3987;1;11318222118;B
20241021;100614;3987;1;11318222146;B
20241021;100614;3987;1;11318222327;B
20241021;100614;3987;1;11318222453;B
20241021;100614;3987;1;11318222498;B
20241021;100614;3987;1;11318222585;B
20241021;100615;3987;1;11318222621;B
20241021;100615;3986.5;1;11318222678;B
20241021;100615;3986.5;1;11318222720;B
20241021;100615;3986.5;1;11318222732;B
20241021;100615;3985.5;1;11318222733;S
20241021;100615;3986.5;1;11318222850;B
20241021;100615;3986.5;1;11318222889;B
20241021;100615;3986.5;5;11318222898;B
20241021;100616;3986.5;1;11318222922;B
20241021;100616;3986.5;1;11318223029;B
20241021;100616;3985.5;10;11318223099;S
20241021;100616;3986.5;1;11318223119;B
20241021;100616;3986.5;1;11318223143;B
20241021;100616;3986.5;1;11318223171;B
20241021;100616;3986.5;1;11318223232;B
20241021;100617;3986.5;1;11318223252;B
20241021;100617;3986.5;1;11318223264;B
20241021;100617;3986.5;2;11318223282;B
20241021;100617;3986.5;1;11318223373;B
20241021;100617;3986.5;1;11318223409;B
20241021;100618;3986.5;1;11318223491;B
20241021;100618;3986.5;1;11318223646;B
20241021;100618;3986.5;1;11318223690;B
20241021;100618;3986.5;1;11318223793;B
20241021;100619;3986.5;1;11318223815;B
20241021;100619;3986.5;1;11318223848;B
20241021;100619;3986;1;11318223876;B
20241021;100619;3986;1;11318223896;B
20241021;100619;3984.5;15;11318223918;S
20241021;100619;3984;5;11318223919;S
20241021;100619;3986;1;11318223929;B
20241021;100620;3986;1;11318224134;B
20241021;100620;3986;1;11318224179;B
20241021;100620;3986;1;11318224184;B
20241021;100620;3986;1;11318224212;B
20241021;100621;3986;1;11318224286;B
20241021;100621;3986;1;11318224327;B
20241021;100621;3986;1;11318224349;B
20241021;100621;3986;1;11318224380;B
20241021;100622;3986;1;11318224420;B
20241021;100622;3986;1;11318224476;B
20241021;100622;3986;38;11318224673;B
20241021;100622;3986;15;11318224674;B
20241021;100622;3986.5;66;11318224675;B
20241021;100622;3986.5;15;11318224676;B
20241021;100622;3986.5;51;11318224677;B
20241021;100622;3987;9;11318224678;B
20241021;100622;3987;15;11318224679;B
20241021;100622;3987;100;11318224680;B
20241021;100622;3987;40;11318224681;B
20241021;100622;3987;1;11318224682;B
20241021;100622;3987.5;9;11318224683;B
20241021;100622;3987.5;3;11318224684;B
20241021;100622;3987.5;40;11318224685;B
20241021;100622;3987.5;30;11318224686;B
20241021;100622;3987.5;60;11318224687;B
20241021;100622;3988;10;11318224688;B
20241021;100622;3988;10;11318224689;B
20241021;100622;3988;88;11318224690;B
20241021;100623;3985;2;11318224823;S
20241021;100623;3985;13;11318224836;S
20241021;100623;3984.5;5;11318224837;S
20241021;100623;3984.5;15;11318224838;S
20241021;100623;3984.5;152;11318224839;S
20241021;100623;3984;7;11318224840;S
20241021;100623;3984;82;11318224841;S
20241021;100623;3984;30;11318224842;S
20241021;100623;3983.5;10;11318224843;S
20241021;100623;3983.5;15;11318224844;S
20241021;100623;3983.5;39;11318224845;S
20241021;100623;3983;15;11318224846;S
20241021;100623;3983;40;11318224847;S
20241021;100623;3983;24;11318224848;S
20241021;100623;3982.5;15;11318224849;S
20241021;100623;3982.5;140;11318224850;S
20241021;100623;3982;120;11318224851;S
20241021;100623;3982;15;11318224852;S
20241021;100623;3981.5;15;11318224853;S
20241021;100623;3981.5;248;11318224854;S
20241021;100623;3983;20;11318224861;S
20241021;100623;3982;15;11318224862;S
20241021;100623;3982;39;11318224863;S
20241021;100623;3981.5;15;11318224864;S
20241021;100623;3981;15;11318224865;S
20241021;100623;3981;50;11318224866;S
20241021;100623;3980.5;15;11318224867;S
20241021;100623;3980;2;11318224868;S
20241021;100623;3980;15;11318224869;S
20241021;100623;3979.5;91;11318224870;S
20241021;100623;3979.5;15;11318224871;S
20241021;100623;3979;8;11318224872;S
20241021;100623;3982.5;10;11318224874;B
20241021;100624;3980;15;11318224914;S
20241021;100624;3980;3;11318225040;B
20241021;100624;3980;4;11318225147;B
20241021;100625;3980;10;11318225337;B
20241021;100627;3980;12;11318225842;B
20241021;100628;3980;2;11318225849;B
20241021;100628;3980;12;11318226089;B
20241021;100628;3981;13;11318226090;B
20241021;100628;3981.5;15;11318226091;B
20241021;100628;3981.5;13;11318226092;B
20241021;100628;3982;15;11318226093;B
20241021;100628;3982;32;11318226094;B
20241021;100632;3983;15;11318227207;B
20241021;100632;3983.5;15;11318227208;B
20241021;100632;3983.5;3;11318227209;B
20241021;100632;3983.5;15;11318227210;B
20241021;100632;3984;2;11318227211;B
20241021;100633;3984;6;11318227325;B
20241021;100635;3984;2;11318228262;B
20241021;100635;3985;15;11318228413;B
20241021;100635;3985.5;15;11318228414;B
20241021;100635;3985.5;8;11318228415;B
20241021;100635;3985.5;60;11318228416;B
20241021;100636;3985.5;100;11318228741;S
20241021;100637;3986;8;11318229107;B
20241021;100638;3985.5;10;11318229404;S
20241021;100638;3986;2;11318229435;B
20241021;100641;3986;10;11318229961;B
20241021;100641;3986;51;11318229962;B
20241021;100641;3986.5;15;11318229963;B
20241021;100641;3986.5;60;11318229964;B
20241021;100641;3986.5;36;11318229965;B
20241021;100643;3986;1;11318230509;S
20241021;100643;3986;10;11318230525;S
20241021;100647;3987;50;11318231500;B
20241021;100648;3987;3;11318231954;B
20241021;100648;3987.5;7;11318231955;B
20241021;100651;3987;3;11318232459;B
20241021;100651;3987;20;11318232460;B
20241021;100651;3987.5;43;11318232461;B
20241021;100651;3987.5;50;11318232462;B
20241021;100653;3987;1;11318232942;S
20241021;100654;3986.5;15;11318233184;S
20241021;100654;3986;15;11318233185;S
20241021;100654;3986;20;11318233186;S
20241021;100658;3987.5;30;11318233688;B
20241021;100700;3986.5;3;11318234230;S
20241021;100702;3986;5;11318234638;S
20241021;100703;3986.5;1;11318234829;S
20241021;100703;3987.5;10;11318234849;B
20241021;100704;3986;26;11318235032;S
20241021;100704;3986;15;11318235033;S
20241021;100704;3985.5;42;11318235034;S
20241021;100704;3985.5;15;11318235035;S
20241021;100704;3985.5;3;11318235036;S
20241021;100704;3985.5;11;11318235037;S
20241021;100704;3985;15;11318235038;S
20241021;100704;3985;11;11318235039;S
20241021;100704;3984.5;15;11318235040;S
20241021;100704;3984.5;1;11318235041;S
20241021;100704;3984;15;11318235042;S
20241021;100704;3983.5;15;11318235043;S
20241021;100704;3983.5;32;11318235044;S
20241021;100704;3983.5;34;11318235045;S
20241021;100704;3986;1;11318235092;B
20241021;100704;3986;1;11318235163;B
20241021;100706;3984;1;11318235494;S
20241021;100706;3986;5;11318235581;B
20241021;100711;3986;8;11318236391;B
20241021;100711;3986;2;11318236392;B
20241021;100715;3986.5;1;11318237263;B
20241021;100718;3986.5;14;11318237821;B
20241021;100718;3987;15;11318237822;B
20241021;100718;3987;4;11318237823;B
20241021;100718;3987;8;11318237824;B
20241021;100718;3987.5;5;11318237825;B
20241021;100718;3987.5;8;11318237826;B
20241021;100718;3987.5;66;11318237827;B
20241021;100718;3987.5;1;11318237828;B
20241021;100718;3988;4;11318237829;B
20241021;100719;3986;1;11318237964;S
20241021;100719;3985.5;15;11318237965;S
20241021;100719;3985;15;11318237966;S
20241021;100719;3984.5;15;11318237967;S
20241021;100719;3984.5;14;11318237968;S
20241021;100719;3986.5;2;11318238022;B
20241021;100720;3986.5;5;11318238348;B
20241021;100721;3984;1;11318238360;S
20241021;100722;3985.5;10;11318238524;B
20241021;100723;3985.5;5;11318238933;B
20241021;100723;3985.5;15;11318238964;B
20241021;100723;3986;15;11318238965;B
20241021;100723;3986;4;11318238966;B
20241021;100726;3986;1;11318239569;B
20241021;100730;3986;3;11318240421;B
20241021;100731;3985;1;11318240753;S
20241021;100732;3984;2;11318241131;S
20241021;100733;3984.5;1;11318241367;B
20241021;100733;3984;3;11318241371;S
20241021;100737;3984.5;1;11318242190;B
20241021;100738;3984;1;11318242350;S
20241021;100738;3984.5;1;11318242444;B
20241021;100739;3984;6;11318242643;S
20241021;100742;3984;1;11318243400;S
20241021;100744;3984.5;6;11318243965;B
20241021;100744;3984.5;1;11318243966;B
20241021;100744;3984;3;11318243987;S
20241021;100744;3984;2;11318243988;S
20241021;100745;3984;18;11318244242;S
20241021;100745;3984;2;11318244243;S
20241021;100746;3984.5;10;11318244297;B
20241021;100747;3984;6;11318244877;S
20241021;100747;3984;1;11318244878;S
20241021;100747;3983;9;11318244879;S
20241021;100747;3982.5;1;11318244880;S
20241021;100747;3982.5;10;11318244881;S
20241021;100747;3982.5;5;11318244882;S
20241021;100747;3982;15;11318244883;S
20241021;100747;3982;52;11318244884;S
20241021;100747;3983;1;11318244890;B
20241021;100747;3982.5;10;11318244891;S
20241021;100747;3982.5;4;11318244892;B
20241021;100747;3982.5;10;11318244894;S
20241021;100747;3982;48;11318244895;S
20241021;100747;3983;4;11318244896;B
20241021;100748;3982;7;11318244920;S
20241021;100749;3982;25;11318245434;S
20241021;100750;3982.5;2;11318245532;B
20241021;100751;3982.5;1;11318245893;B
20241021;100755;3982;1;11318246848;B
20241021;100755;3982;15;11318246849;B
20241021;100755;3982;4;11318246850;B
20241021;100756;3982;2;11318247032;B
20241021;100757;3982;1;11318247278;B
20241021;100757;3982;2;11318247599;B
20241021;100757;3982;15;11318247600;B
20241021;100757;3982;13;11318247601;B
20241021;100757;3982.5;15;11318247602;B
20241021;100757;3982.5;13;11318247603;B
20241021;100758;3982.5;9;11318247745;S
20241021;100759;3982.5;33;11318248213;S
20241021;100759;3982;11;11318248214;S
20241021;100800;3982.5;1;11318248391;B
20241021;100802;3983;3;11318248823;B
20241021;100802;3982;1;11318248870;S
20241021;100802;3982;20;11318248986;S
20241021;100803;3983;5;11318249065;B
20241021;100805;3983;2;11318249667;B
20241021;100805;3983;12;11318249668;B
20241021;100805;3983.5;15;11318249669;B
20241021;100805;3983.5;12;11318249670;B
20241021;100805;3984;15;11318249671;B
20241021;100805;3984;1;11318249672;B
20241021;100805;3984;43;11318249673;B
20241021;100806;3983;1;11318249804;S
20241021;100808;3984;10;11318250120;B
20241021;100808;3984;6;11318250126;B
20241021;100809;3983;4;11318250545;S
20241021;100813;3982.5;1;11318251326;S
20241021;100814;3983;1;11318251428;B
20241021;100815;3984;3;11318251636;B
20241021;100817;3984.5;25;11318252030;B
20241021;100817;3984;2;11318252087;S
20241021;100819;3984;8;11318252448;S
20241021;100819;3983.5;6;11318252449;S
20241021;100819;3983;15;11318252450;S
20241021;100819;3983;51;11318252451;S
20241021;100819;3983;6;11318252452;S
20241021;100821;3983;4;11318252892;B
20241021;100822;3982;1;11318253198;S
20241021;100826;3982;13;11318253903;S
20241021;100827;3983;2;11318253935;B
20241021;100828;3982;6;11318254075;S
20241021;100828;3983;5;11318254188;B
20241021;100828;3983;30;11318254219;B
20241021;100830;3983;73;11318254635;B
20241021;100830;3983;15;11318254636;B
20241021;100830;3983;14;11318254637;B
20241021;100830;3983.5;12;11318254638;B
20241021;100830;3983.5;15;11318254639;B
20241021;100830;3984;15;11318254640;B
20241021;100830;3984.5;14;11318254641;B
20241021;100830;3984.5;15;11318254642;B
20241021;100830;3984.5;30;11318254643;B
20241021;100830;3984.5;73;11318254644;B
20241021;100830;3985;15;11318254645;B
20241021;100830;3985;1;11318254646;B
20241021;100830;3985;108;11318254647;B
20241021;100831;3983;10;11318254824;S
20241021;100831;3983;5;11318254849;S
20241021;100831;3983;25;11318254850;S
20241021;100831;3983;1;11318254862;S
20241021;100831;3983;15;11318254863;S
20241021;100831;3982.5;15;11318254864;S
20241021;100831;3982.5;16;11318254865;S
20241021;100831;3982.5;3;11318254866;S
20241021;100832;3982.5;50;11318254970;S
20241021;100833;3983.5;2;11318255061;B
20241021;100835;3982;6;11318255407;S
20241021;100839;3983.5;2;11318256061;B
20241021;100843;3982;1;11318256859;S
20241021;100843;3983.5;1;11318256876;B
20241021;100845;3983.5;4;11318257186;B
20241021;100845;3983.5;1;11318257244;B
20241021;100845;3982;2;11318257257;S
20241021;100846;3983.5;5;11318257388;B
20241021;100846;3983.5;15;11318257389;B
20241021;100847;3983.5;30;11318257542;B
20241021;100848;3983.5;1;11318257715;B
20241021;100849;3983;1;11318257929;S
20241021;100850;3983;2;11318258205;S
20241021;100850;3982.5;1;11318258206;S
20241021;100850;3982;5;11318258245;S
20241021;100850;3982;3;11318258246;S
20241021;100850;3982;1;11318258247;S
20241021;100850;3982;1;11318258248;S
20241021;100851;3983.5;2;11318258282;B
20241021;100853;3983.5;1;11318258749;B
20241021;100854;3982;14;11318258943;S
20241021;100854;3982;14;11318258944;S
20241021;100854;3981.5;1;11318258945;S
20241021;100854;3981.5;1;11318258946;S
20241021;100855;3981.5;1;11318259152;S
20241021;100855;3981.5;18;11318259271;S
20241021;100856;3983;15;11318259403;B
20241021;100857;3983;2;11318259545;B
20241021;100858;3983;1;11318259839;B
20241021;100858;3983;14;11318259878;B
20241021;100900;3983;5;11318260157;S
20241021;100900;3983.5;25;11318260205;B
20241021;100904;3983.5;1;11318261023;B
20241021;100904;3983.5;1;11318261145;B
20241021;100904;3983.5;1;11318261146;B
20241021;100905;3983;2;11318261276;S
20241021;100905;3983.5;9;11318261431;B
20241021;100906;3983.5;1;11318261723;B
20241021;100907;3983.5;1;11318261866;B
20241021;100908;3983.5;10;11318262037;B
20241021;100912;3983;2;11318262899;S
20241021;100912;3983;1;11318262900;S
20241021;100912;3983;10;11318262901;S
20241021;100912;3983;1;11318263048;S
20241021;100912;3983.5;1;11318263058;B
20241021;100913;3983.5;1;11318263121;B
20241021;100913;3983.5;2;11318263141;B
20241021;100913;3983;7;11318263212;S
20241021;100914;3983.5;1;11318263339;B
20241021;100918;3983.5;3;11318264215;B
20241021;100919;3983.5;2;11318264368;B
20241021;100920;3983.5;2;11318264711;B
20241021;100921;3983.5;2;11318264810;B
20241021;100921;3983.5;1;11318264897;B
20241021;100922;3983;1;11318265176;S
20241021;100922;3983;1;11318265191;S
20241021;100922;3983;11;11318265212;S
20241021;100922;3983;11;11318265246;S
20241021;100924;3983;15;11318265554;S
20241021;100924;3983;8;11318265592;S
20241021;100924;3981.5;6;11318265602;S
20241021;100924;3981.5;20;11318265667;S
20241021;100924;3981.5;3;11318265714;S
20241021;100924;3981.5;16;11318265741;S
20241021;100924;3981.5;1;11318265758;S
20241021;100924;3982;1;11318265772;B
20241021;100925;3982;2;11318265826;B
20241021;100925;3981.5;4;11318265893;S
20241021;100925;3981.5;18;11318265927;S
20241021;100925;3981.5;14;11318265932;S
20241021;100926;3981.5;27;11318266159;S
20241021;100926;3981.5;27;11318266196;S
20241021;100927;3982;1;11318266479;B
20241021;100929;3981.5;9;11318267064;S
20241021;100931;3982;5;11318267448;B
20241021;100931;3981.5;1;11318267521;S
20241021;100935;3982;9;11318268441;B
20241021;100935;3982;1;11318268442;B
20241021;100935;3982;10;11318268443;B
20241021;100937;3982;7;11318268736;B
20241021;100940;3981.5;43;11318269179;S
20241021;100940;3981.5;2;11318269180;S
20241021;100940;3981;2;11318269181;S
20241021;100940;3981;14;11318269182;S
20241021;100940;3980.5;1;11318269183;S
20241021;100940;3980.5;13;11318269184;S
20241021;100940;3981;2;11318269299;B
20241021;100940;3981;1;11318269300;B
20241021;100941;3980;100;11318269383;S
20241021;100941;3980;78;11318269384;S
20241021;100941;3979.5;15;11318269385;S
20241021;100941;3979;1;11318269386;S
20241021;100941;3979;15;11318269387;S
20241021;100941;3979;41;11318269388;S
20241021;100941;3978;1;11318269426;S
20241021;100941;3978;20;11318269432;S
20241021;100942;3978.5;10;11318269544;S
20241021;100943;3979.5;2;11318269693;B
20241021;100949;3979.5;5;11318270614;B
20241021;100949;3979.5;2;11318270680;B
20241021;100949;3978.5;9;11318270689;S
20241021;100949;3978;2;11318270690;S
20241021;100949;3979.5;5;11318270736;B
20241021;100950;3978.5;7;11318270882;S
20241021;100952;3978.5;8;11318271189;S
20241021;100952;3978;42;11318271190;S
20241021;100952;3978.5;15;11318271249;S
20241021;100952;3978;86;11318271250;S
20241021;100952;3978;49;11318271251;S
20241021;100953;3978;1;11318271252;S
20241021;100957;3979.5;1;11318272013;B
20241021;101000;3979.5;8;11318272521;B
20241021;101000;3979.5;15;11318272522;B
20241021;101000;3980;15;11318272523;B
20241021;101000;3980;12;11318272524;B
20241021;101004;3979;1;11318273248;S
20241021;101004;3978.5;1;11318273249;S
20241021;101004;3978.5;9;11318273250;S
20241021;101006;3978.5;10;11318273542;B
20241021;101006;3978.5;3;11318273550;B
20241021;101007;3978.5;9;11318273742;B
20241021;101010;3978.5;1;11318274049;B
20241021;101017;3978;50;11318275413;S
20241021;101017;3978;10;11318275414;S
20241021;101021;3979;3;11318276064;B
20241021;101023;3978;5;11318276515;S
20241021;101023;3978;9;11318276516;S
20241021;101023;3977.5;2;11318276517;S
20241021;101023;3977.5;6;11318276518;S
20241021;101023;3979.5;2;11318276607;B
20241021;101024;3979.5;2;11318276785;B
20241021;101025;3979.5;33;11318276916;B
20241021;101026;3978.5;1;11318277165;S
20241021;101026;3980;1;11318277168;B
20241021;101027;3980;2;11318277357;B
20241021;101028;3979.5;1;11318277477;B
20241021;101028;3978.5;9;11318277487;S
20241021;101028;3978.5;15;11318277488;S
20241021;101028;3978;15;11318277489;S
20241021;101028;3978;8;11318277490;S
20241021;101028;3977.5;9;11318277491;S
20241021;101028;3977.5;100;11318277492;S
20241021;101028;3977.5;40;11318277493;S
20241021;101028;3977.5;9;11318277494;S
20241021;101028;3977;68;11318277495;S
20241021;101028;3977;2;11318277496;S
20241021;101028;3977;15;11318277497;S
20241021;101028;3977;20;11318277498;S
20241021;101028;3977;40;11318277499;S
20241021;101028;3976.5;2;11318277500;S
20241021;101028;3976.5;1;11318277501;S
20241021;101028;3976.5;15;11318277502;S
20241021;101028;3976.5;132;11318277503;S
20241021;101028;3978;1;11318277517;B
20241021;101030;3977;10;11318277907;S
20241021;101030;3977.5;1;11318278115;B
20241021;101030;3978;11;11318278116;B
20241021;101033;3978;2;11318278665;B
20241021;101035;3978;1;11318279159;B
20241021;101037;3976.5;5;11318279439;S
20241021;101037;3976.5;1;11318279440;S
20241021;101037;3976.5;1;11318279441;S
20241021;101037;3976.5;1;11318279442;S
20241021;101037;3976;1;11318279443;S
20241021;101037;3976;3;11318279444;S
20241021;101037;3976;6;11318279445;S
20241021;101037;3975.5;2;11318279446;S
20241021;101037;3975.5;15;11318279447;S
20241021;101037;3975.5;15;11318279448;S
20241021;101037;3975.5;1;11318279608;S
20241021;101037;3975.5;10;11318279610;S
20241021;101038;3976;1;11318279758;S
20241021;101039;3976.5;3;11318279914;B
20241021;101042;3976;11;11318280516;S
20241021;101042;3975.5;5;11318280517;S
20241021;101042;3975.5;8;11318280518;S
20241021;101042;3975;27;11318280682;S
20241021;101042;3975;3;11318280686;S
20241021;101045;3975.5;2;11318281413;B
20241021;101047;3975.5;2;11318281972;B
20241021;101049;3975;1;11318282507;S
20241021;101054;3975.5;1;11318283545;B
20241021;101054;3975;6;11318283672;S
20241021;101054;3975;6;11318283749;S
20241021;101055;3975;2;11318283921;S
20241021;101056;3975.5;1;11318284572;B
20241021;101058;3975.5;1;11318285068;B
20241021;101058;3975.5;2;11318285108;B
20241021;101102;3975;36;11318285969;S
20241021;101104;3975.5;3;11318286135;B
20241021;101104;3975.5;1;11318286301;B
20241021;101104;3975.5;2;11318286308;B
20241021;101104;3975.5;18;11318286309;B
20241021;101105;3975.5;5;11318286354;B
20241021;101105;3975.5;2;11318286472;B
20241021;101108;3975.5;1;11318286908;B
20241021;101110;3975;12;11318287267;S
20241021;101111;3975;5;11318287456;S
20241021;101112;3975.5;2;11318287615;B
20241021;101113;3975;50;11318287697;S
20241021;101115;3975.5;1;11318287945;B
20241021;101115;3975;2;11318287959;S
20241021;101115;3975;1;11318287996;S
20241021;101116;3975.5;11;11318288098;B
20241021;101118;3975.5;2;11318288488;B
20241021;101119;3975.5;15;11318288639;B
20241021;101122;3975.5;1;11318289215;B
20241021;101123;3975.5;1;11318289235;B
20241021;101123;3975.5;116;11318289276;B
20241021;101123;3975.5;1;11318289277;B
20241021;101123;3975.5;24;11318289278;B
20241021;101123;3975.5;1;11318289279;B
20241021;101123;3975.5;1;11318289280;B
20241021;101123;3975.5;1;11318289281;B
20241021;101124;3977;2;11318289329;B
20241021;101125;3976.5;18;11318289582;S
20241021;101125;3976.5;12;11318289583;S
20241021;101129;3977;18;11318290140;B
20241021;101129;3977;1;11318290141;B
20241021;101129;3977;2;11318290142;B
20241021;101129;3977.5;20;11318290143;B
20241021;101129;3977.5;26;11318290144;B
20241021;101129;3978;15;11318290145;B
20241021;101129;3978;18;11318290146;B
20241021;101130;3978.5;1;11318290344;B
20241021;101130;3978.5;1;11318290345;B
20241021;101130;3978.5;1;11318290346;B
20241021;101131;3979;1;11318290472;B
20241021;101131;3979;1;11318290473;B
20241021;101131;3979.5;1;11318290474;B
20241021;101131;3979.5;7;11318290475;B
20241021;101137;3980;1;11318291515;B
20241021;101138;3980;11;11318291668;B
20241021;101138;3980;1;11318291669;B
20241021;101138;3980;10;11318291670;B
20241021;101138;3980;4;11318291671;B
20241021;101138;3980.5;1;11318291672;B
20241021;101138;3980.5;15;11318291673;B
20241021;101138;3980.5;5;11318291674;B
20241021;101138;3981;1;11318291675;B
20241021;101138;3981;15;11318291676;B
20241021;101138;3981;37;11318291677;B
20241021;101139;3979;1;11318291843;S
20241021;101142;3979;50;11318292463;S
20241021;101142;3980.5;1;11318292560;B
20241021;101149;3980.5;1;11318293869;B
20241021;101154;3979;1;11318295098;S
20241021;101156;3979;3;11318295492;S
20241021;101157;3980;1;11318295628;B
20241021;101159;3978.5;25;11318296075;S
20241021;101159;3978.5;50;11318296076;S
20241021;101159;3978.5;15;11318296077;S
20241021;101159;3978.5;8;11318296078;S
20241021;101159;3978;15;11318296079;S
20241021;101159;3978;9;11318296080;S
20241021;101159;3977.5;15;11318296081;S
20241021;101159;3977.5;36;11318296082;S
20241021;101159;3978.5;1;11318296204;B
20241021;101201;3976.5;3;11318296529;S
20241021;101201;3976;3;11318296530;S
20241021;101203;3978.5;10;11318296913;B
20241021;101206;3978.5;1;11318297768;B
20241021;101210;3978;4;11318298547;S
20241021;101210;3979.5;15;11318298601;B
20241021;101210;3979.5;15;11318298602;B
20241021;101211;3978;1;11318298814;S
20241021;101213;3979.5;24;11318299435;B
20241021;101213;3979.5;6;11318299436;B
20241021;101214;3979.5;4;11318299527;B
20241021;101217;3979;1;11318300235;B
20241021;101219;3978;5;11318300774;S
20241021;101219;3978;15;11318300775;S
20241021;101219;3977.5;15;11318300776;S
20241021;101219;3977.5;5;11318300777;S
20241021;101219;3979;4;11318300816;B
20241021;101219;3979.5;5;11318300817;B
20241021;101219;3979.5;39;11318300818;B
20241021;101219;3980;1;11318300819;B
20241021;101219;3980;69;11318300820;B
20241021;101219;3980;15;11318300821;B
20241021;101219;3980.5;13;11318300822;B
20241021;101219;3980.5;96;11318300823;B
20241021;101223;3979.5;1;11318301537;S
20241021;101224;3980.5;2;11318301782;B
20241021;101233;3980.5;2;11318303478;B
20241021;101239;3980.5;11;11318304539;B
20241021;101239;3980.5;14;11318304540;B
20241021;101240;3980.5;1;11318304700;B
20241021;101241;3979.5;1;11318305037;S
20241021;101243;3980;1;11318305214;S
20241021;101243;3980.5;1;11318305413;B
20241021;101246;3980.5;1;11318305846;B
20241021;101247;3980;1;11318306034;S
20241021;101251;3980.5;1;11318306828;B
20241021;101252;3980.5;21;11318307096;B
20241021;101252;3980.5;7;11318307097;B
20241021;101252;3980.5;1;11318307098;B
20241021;101252;3981;74;11318307099;B
20241021;101256;3980;8;11318307873;S
20241021;101256;3980;12;11318307874;S
20241021;101305;3980.5;2;11318309510;B
20241021;101308;3980.5;20;11318310089;B
20241021;101309;3980;5;11318310241;S
20241021;101309;3980;2;11318310242;S
20241021;101314;3980.5;17;11318311342;B
20241021;101314;3981;83;11318311343;B
20241021;101315;3980;15;11318311458;S
20241021;101315;3980;6;11318311459;S
20241021;101315;3979.5;1;11318311460;S
20241021;101315;3979.5;1;11318311461;S
20241021;101315;3979.5;15;11318311462;S
20241021;101315;3979.5;8;11318311463;S
20241021;101315;3979.5;4;11318311464;S
20241021;101319;3980.5;20;11318312625;B
20241021;101324;3980.5;4;11318313485;B
20241021;101335;3980;1;11318315418;S
20241021;101340;3979.5;1;11318316500;B
20241021;101342;3979.5;2;11318316965;B
20241021;101348;3979;2;11318318147;S
20241021;101348;3978.5;8;11318318148;S
20241021;101348;3979.5;2;11318318250;B
20241021;101350;3978.5;13;11318318575;B
20241021;101354;3978.5;2;11318319461;B
20241021;101354;3979;27;11318319462;B
20241021;101355;3979;3;11318319721;B
20241021;101357;3979;2;11318319970;B
20241021;101358;3979;3;11318320119;B
20241021;101406;3979;7;11318321409;B
20241021;101406;3979;6;11318321410;B
20241021;101407;3979;1;11318321568;B
20241021;101411;3979;8;11318322010;B
20241021;101413;3978;1;11318322430;S
20241021;101413;3978;4;11318322431;S
20241021;101414;3979;5;11318322432;B
20241021;101414;3979;1;11318322455;B
20241021;101415;3979;1;11318322610;B
20241021;101415;3979;1;11318322697;B
20241021;101419;3979;1;11318323243;B
20241021;101421;3979;2;11318323602;B
20241021;101426;3979;10;11318324514;B
20241021;101428;3978.5;2;11318324890;B
20241021;101432;3979;15;11318325539;B
20241021;101432;3979;5;11318325540;B
20241021;101433;3978;36;11318325631;S
20241021;101433;3977.5;15;11318325632;S
20241021;101433;3977.5;10;11318325633;S
20241021;101433;3977;15;11318325634;S
20241021;101433;3977;1;11318325635;S
20241021;101433;3977;1;11318325636;S
20241021;101433;3977;10;11318325637;S
20241021;101433;3977;10;11318325638;S
20241021;101433;3976.5;15;11318325639;S
20241021;101433;3976.5;60;11318325640;S
20241021;101433;3976.5;60;11318325641;S
20241021;101433;3976.5;67;11318325642;S
20241021;101434;3977.5;2;11318325874;B
20241021;101437;3976.5;1;11318326310;S
20241021;101437;3976.5;1;11318326349;S
20241021;101437;3976.5;10;11318326350;S
20241021;101437;3976;4;11318326449;S
20241021;101438;3976;6;11318326772;S
20241021;101438;3976;10;11318326773;S
20241021;101438;3976;58;11318326774;S
20241021;101438;3976;50;11318326775;S
20241021;101438;3975.5;10;11318326776;S
20241021;101438;3975.5;5;11318326777;S
20241021;101438;3975.5;1;11318326778;S
20241021;101438;3975.5;60;11318326779;S
20241021;101438;3975.5;6;11318326780;S
20241021;101438;3975.5;7;11318326781;S
20241021;101438;3975;224;11318326782;S
20241021;101438;3975;1;11318326783;S
20241021;101438;3975;2;11318326784;S
20241021;101438;3975;30;11318326785;S
20241021;101438;3975;2;11318326786;S
20241021;101438;3975;28;11318326787;S
20241021;101439;3975.5;3;11318326943;B
20241021;101442;3975;11;11318327464;S
20241021;101442;3975;11;11318327543;S
20241021;101444;3975.5;5;11318327838;B
20241021;101445;3975.5;2;11318328061;B
20241021;101447;3975.5;1;11318328319;B
20241021;101447;3975;1;11318328401;S
20241021;101447;3975;1;11318328402;S
20241021;101447;3975;8;11318328403;S
20241021;101448;3975.5;1;11318328655;B
20241021;101454;3975.5;1;11318329672;B
20241021;101455;3975.5;1;11318329921;B
20241021;101456;3975;2;11318330054;S
20241021;101456;3975;12;11318330055;S
20241021;101458;3975.5;1;11318330333;B
20241021;101459;3975;25;11318330669;S
20241021;101501;3975.5;1;11318331163;B
20241021;101501;3975.5;1;11318331164;B
20241021;101501;3975;4;11318331171;S
20241021;101502;3975.5;4;11318331591;B
20241021;101503;3975;279;11318331670;S
20241021;101503;3975;180;11318332030;S
20241021;101503;3975;50;11318332031;S
20241021;101503;3975;15;11318332032;S
20241021;101503;3975;15;11318332033;S
20241021;101503;3975;5;11318332034;S
20241021;101503;3975;2;11318332035;S
20241021;101503;3975;1;11318332036;S
20241021;101503;3975;132;11318332037;S
20241021;101504;3975;10;11318332443;S
20241021;101504;3975.5;1;11318332524;B
20241021;101505;3975;4;11318332729;S
20241021;101506;3975.5;1;11318333042;B
20241021;101506;3975;6;11318333161;S
20241021;101507;3975;48;11318333481;S
20241021;101507;3975;20;11318333482;S
20241021;101507;3975;3;11318333483;S
20241021;101507;3975;10;11318333484;S
20241021;101507;3975;5;11318333485;S
20241021;101507;3975;14;11318333486;S
20241021;101507;3975;4;11318333490;S
20241021;101507;3975;132;11318333491;S
20241021;101507;3975;1;11318333492;S
20241021;101507;3975;5;11318333493;S
20241021;101507;3975;1;11318333494;S
20241021;101507;3975;1;11318333495;S
20241021;101507;3975;1;11318333496;S
20241021;101507;3975;1;11318333497;S
20241021;101507;3975;1;11318333498;S
20241021;101507;3975;1;11318333499;S
20241021;101507;3975;1;11318333500;S
20241021;101507;3974.5;10;11318333501;S
20241021;101507;3974.5;1;11318333502;S
20241021;101507;3974.5;1;11318333503;S
20241021;101507;3974;1;11318333603;S
20241021;101507;3973.5;7;11318333633;S
20241021;101507;3973.5;12;11318333641;S
20241021;101507;3973.5;1;11318333642;S
20241021;101507;3973.5;3;11318333726;S
20241021;101507;3973.5;18;11318333728;S
20241021;101507;3973;10;11318333729;S
20241021;101507;3973;1;11318333730;S
20241021;101507;3973;22;11318333731;S
20241021;101507;3972.5;1;11318333732;S
20241021;101507;3972.5;3;11318333733;S
20241021;101507;3972;1;11318333809;S
20241021;101508;3972;9;11318333860;S
20241021;101508;3972;16;11318333861;S
20241021;101508;3973;1;11318333927;B
20241021;101508;3972;3;11318333929;S
20241021;101508;3972;11;11318333972;S
20241021;101508;3972.5;1;11318333987;B
20241021;101508;3972.5;1;11318333996;B
20241021;101508;3972;10;11318334041;S
20241021;101508;3972.5;2;11318334074;B
20241021;101508;3972;1;11318334157;S
20241021;101508;3972;14;11318334160;S
20241021;101509;3972.5;5;11318334374;B
20241021;101509;3972.5;16;11318334375;B
20241021;101509;3972.5;9;11318334376;B
20241021;101509;3974;2;11318334393;B
20241021;101510;3974;1;11318334752;B
20241021;101510;3972;1;11318334930;S
20241021;101511;3972;6;11318335165;S
20241021;101514;3972.5;10;11318336454;B
20241021;101514;3972.5;1;11318336677;B
20241021;101514;3972.5;4;11318336678;B
20241021;101515;3972;15;11318336753;S
20241021;101515;3972;16;11318336754;S
20241021;101515;3972;20;11318336755;S
20241021;101515;3972;10;11318336794;S
20241021;101517;3972;2;11318337509;S
20241021;101517;3972;3;11318337510;S
20241021;101518;3972.5;1;11318337776;B
20241021;101518;3972;1;11318338045;S
20241021;101519;3972.5;10;11318338234;B
20241021;101519;3972.5;2;11318338359;B
20241021;101520;3973;15;11318338523;B
20241021;101520;3973;3;11318338524;B
20241021;101521;3973.5;2;11318338918;B
20241021;101521;3974;10;11318338919;B
20241021;101522;3973;15;11318339206;S
20241021;101522;3972.5;15;11318339207;S
20241021;101522;3974;1;11318339258;B
20241021;101522;3974.5;2;11318339259;B
20241021;101522;3974.5;6;11318339304;B
20241021;101523;3974.5;7;11318339538;B
20241021;101523;3975;15;11318339539;B
20241021;101523;3975;39;11318339540;B
20241021;101523;3975;9;11318339541;B
20241021;101523;3975.5;7;11318339542;B
20241021;101525;3976;2;11318340230;B
20241021;101531;3975;2;11318342267;S
20241021;101531;3975;1;11318342268;S
20241021;101531;3976;2;11318342297;B
20241021;101531;3974;2;11318342346;S
20241021;101531;3974;10;11318342347;S
20241021;101531;3973.5;2;11318342348;S
20241021;101531;3973.5;11;11318342349;S
20241021;101531;3972.5;15;11318342379;S
20241021;101531;3972.5;1;11318342380;S
20241021;101531;3972.5;10;11318342381;S
20241021;101531;3972;5;11318342382;S
20241021;101532;3973.5;15;11318342709;B
20241021;101532;3974;30;11318342710;B
20241021;101532;3974;15;11318342711;B
20241021;101532;3974.5;15;11318342712;B
20241021;101532;3974.5;28;11318342713;B
20241021;101536;3974.5;3;11318343820;B
20241021;101536;3973;1;11318343993;S
20241021;101536;3972.5;15;11318343994;S
20241021;101536;3972.5;7;11318343995;S
20241021;101536;3972;5;11318343996;S
20241021;101536;3972;15;11318343997;S
20241021;101536;3972;6;11318343998;S
20241021;101536;3972;7;11318343999;S
20241021;101536;3972;19;11318344000;S
20241021;101537;3974.5;3;11318344139;B
20241021;101537;3972.5;1;11318344295;B
20241021;101538;3971.5;10;11318344455;S
20241021;101538;3971.5;10;11318344456;S
20241021;101538;3971.5;10;11318344457;S
20241021;101538;3971.5;20;11318344458;S
20241021;101538;3971.5;1;11318344699;S
20241021;101542;3971.5;10;11318345829;S
20241021;101542;3971.5;2;11318345830;S
20241021;101542;3971.5;55;11318345831;S
20241021;101543;3972.5;3;11318345935;B
20241021;101543;3972.5;1;11318346184;B
20241021;101544;3972.5;1;11318346289;B
20241021;101544;3972.5;1;11318346321;B
20241021;101545;3971.5;60;11318346653;S
20241021;101545;3971.5;16;11318346654;S
20241021;101545;3971.5;10;11318346655;S
20241021;101545;3971;20;11318346656;S
20241021;101545;3971;1;11318346657;S
20241021;101545;3971;1;11318346658;S
20241021;101545;3971;29;11318346659;S
20241021;101545;3971;10;11318346660;S
20241021;101545;3971;50;11318346661;S
20241021;101545;3971;50;11318346662;S
20241021;101545;3971;50;11318346663;S
20241021;101545;3971;50;11318346664;S
20241021;101545;3971;9;11318346665;S
20241021;101545;3971;15;11318346666;S
20241021;101545;3970.5;68;11318346667;S
20241021;101545;3970.5;8;11318346668;S
20241021;101545;3970.5;15;11318346669;S
20241021;101545;3970.5;37;11318346670;S
20241021;101545;3970;3;11318346671;S
20241021;101545;3970;19;11318346672;S
20241021;101546;3970;81;11318347011;S
20241021;101546;3970;10;11318347012;S
20241021;101546;3970;1;11318347013;S
20241021;101546;3970;1;11318347014;S
20241021;101546;3970;1;11318347015;S
20241021;101546;3970;1;11318347016;S
20241021;101546;3970;1;11318347017;S
20241021;101546;3970;1;11318347018;S
20241021;101546;3970;2;11318347019;S
20241021;101546;3969.5;1;11318347020;S
20241021;101548;3971.5;1;11318347574;B
20241021;101549;3971.5;6;11318347686;B
20241021;101550;3970;1;11318348042;S
20241021;101551;3970;49;11318348274;S
20241021;101551;3970;1;11318348275;S
20241021;101552;3971.5;1;11318348692;B
20241021;101553;3971.5;1;11318348714;B
20241021;101555;3971;3;11318349306;B
20241021;101556;3970;10;11318349766;S
20241021;101556;3971;16;11318349919;B
20241021;101557;3972;16;11318350076;B
20241021;101557;3972.5;4;11318350077;B
20241021;101557;3970.5;1;11318350218;S
20241021;101601;3973;5;11318351298;B
20241021;101601;3973;12;11318351299;B
20241021;101601;3973;3;11318351301;B
20241021;101601;3973.5;37;11318351302;B
20241021;101601;3973.5;13;11318351303;B
20241021;101601;3973.5;50;11318351304;B
20241021;101601;3974;1;11318351305;B
20241021;101601;3974;1;11318351306;B
20241021;101601;3974;1;11318351307;B
20241021;101601;3974;1;11318351308;B
20241021;101601;3974;1;11318351309;B
20241021;101601;3974;1;11318351310;B
20241021;101601;3974;1;11318351311;B
20241021;101601;3974;1;11318351312;B
20241021;101601;3974.5;8;11318351313;B
20241021;101602;3974.5;1;11318351783;B
20241021;101607;3975.5;4;11318352990;B
20241021;101608;3975.5;1;11318353512;B
20241021;101609;3975.5;1;11318353607;B
20241021;101611;3976;1;11318354444;B
20241021;101611;3974.5;2;11318354666;S
20241021;101613;3975.5;1;11318355377;B
20241021;101614;3976;1;11318355583;B
20241021;101614;3976;5;11318355584;B
20241021;101617;3975.5;10;11318356452;S
20241021;101618;3977;1;11318356514;B
20241021;101620;3976.5;1;11318357120;S
20241021;101621;3976.5;2;11318357496;S
20241021;101622;3977;1;11318357783;B
20241021;101623;3976.5;2;11318357952;S
20241021;101625;3977.5;15;11318358579;B
20241021;101632;3976.5;2;11318360647;S
20241021;101632;3976.5;1;11318360658;S
20241021;101635;3976.5;10;11318361338;S
20241021;101637;3976.5;3;11318361838;S
20241021;101637;3976.5;1;11318361957;S
20241021;101639;3976.5;2;11318362648;S
20241021;101639;3975.5;1;11318362649;S
20241021;101640;3975.5;3;11318362831;S
20241021;101641;3975.5;3;11318362940;S
20241021;101642;3975.5;3;11318363287;S
20241021;101643;3976.5;1;11318363482;S
20241021;101643;3976;2;11318363483;S
20241021;101644;3977.5;24;11318363929;B
20241021;101644;3977.5;15;11318363930;B
20241021;101644;3977.5;6;11318363931;B
20241021;101644;3976;11;11318363944;S
20241021;101645;3975.5;6;11318364098;S
20241021;101645;3975;5;11318364099;S
20241021;101645;3977.5;25;11318364176;B
20241021;101645;3977.5;2;11318364210;B
20241021;101647;3977;1;11318364610;B
20241021;101649;3976;1;11318364994;S
20241021;101649;3976;15;11318364995;S
20241021;101649;3975.5;15;11318364996;S
20241021;101649;3975.5;8;11318364997;S
20241021;101650;3975.5;1;11318365354;B
20241021;101652;3975.5;2;11318365833;B
20241021;101652;3975;2;11318365844;S
20241021;101653;3975.5;1;11318365914;B
20241021;101657;3975;1;11318367199;S
20241021;101658;3975.5;1;11318367428;B
20241021;101659;3975.5;1;11318367655;B
20241021;101659;3975.5;1;11318367732;B
20241021;101659;3975.5;1;11318367733;B
20241021;101702;3975.5;1;11318368620;B
20241021;101706;3975.5;10;11318369883;B
20241021;101708;3975.5;1;11318370326;B
20241021;101709;3975.5;1;11318370724;B
20241021;101711;3975.5;1;11318371446;B
20241021;101712;3975;1;11318371637;S
20241021;101713;3975;2;11318371984;S
20241021;101713;3975;5;11318371986;S
20241021;101713;3975;3;11318371988;S
20241021;101715;3975.5;1;11318372740;B
20241021;101716;3975.5;1;11318372940;B
20241021;101717;3975;3;11318373312;S
20241021;101719;3975.5;1;11318373713;B
20241021;101719;3975;10;11318374032;S
20241021;101721;3975.5;3;11318374352;B
20241021;101722;3975.5;500;11318374663;B
20241021;101723;3975.5;83;11318374883;B
20241021;101723;3975.5;182;11318374884;B
20241021;101723;3976;1;11318374885;B
20241021;101723;3976;20;11318374886;B
20241021;101723;3976.5;15;11318374887;B
20241021;101723;3976.5;39;11318374888;B
20241021;101723;3976.5;16;11318374889;B
20241021;101723;3977;41;11318374890;B
20241021;101723;3977;15;11318374891;B
20241021;101723;3977;16;11318374892;B
20241021;101723;3977;30;11318374893;B
20241021;101723;3977;60;11318374894;B
20241021;101723;3977.5;15;11318374895;B
20241021;101723;3977.5;9;11318374896;B
20241021;101723;3977.5;40;11318374897;B
20241021;101723;3978;1;11318375036;B
20241021;101725;3978;1;11318375651;B
20241021;101726;3976.5;1;11318376131;S
20241021;101729;3978;1;11318377161;B
20241021;101730;3979;1;11318377798;B
20241021;101734;3979;25;11318379123;B
20241021;101734;3979;1;11318379182;B
20241021;101735;3979;1;11318379360;B
20241021;101735;3979;1;11318379629;B
20241021;101736;3979;1;11318379804;B
20241021;101740;3979;1;11318381119;B
20241021;101741;3979;2;11318381541;B
20241021;101742;3979;10;11318381831;B
20241021;101744;3978;1;11318382419;S
20241021;101745;3978;14;11318382846;S
20241021;101745;3978;7;11318382847;S
20241021;101747;3978.5;3;11318383188;B
20241021;101748;3978.5;1;11318383624;B
20241021;101749;3978.5;1;11318383964;B
20241021;101751;3978.5;15;11318384806;B
20241021;101751;3978.5;10;11318384807;B
20241021;101751;3979;18;11318384808;B
20241021;101751;3979.5;35;11318384809;B
20241021;101751;3979.5;1;11318384810;B
20241021;101751;3979.5;1;11318384811;B
20241021;101751;3979.5;144;11318384812;B
20241021;101752;3979.5;15;11318385064;B
20241021;101753;3979.5;2;11318385204;B
20241021;101755;3979.5;1;11318385958;B
20241021;101757;3979.5;1;11318386233;B
20241021;101758;3979.5;15;11318386603;B
20241021;101759;3979.5;11;11318386660;B
20241021;101800;3979;1;11318387148;S
20241021;101800;3979.5;1;11318387157;B
20241021;101801;3979.5;1;11318387315;B
20241021;101801;3979.5;1;11318387425;B
20241021;101804;3979.5;1;11318388053;B
20241021;101805;3979.5;2;11318388231;B
20241021;101805;3979.5;1;11318388490;B
20241021;101810;3979.5;13;11318389590;B
20241021;101810;3979.5;1;11318389612;B
20241021;101811;3979.5;3;11318389651;B
20241021;101811;3979;1;11318389915;S
20241021;101813;3979.5;2;11318390279;B
20241021;101817;3979.5;2;11318390930;B
20241021;101817;3979;1;11318390964;S
20241021;101817;3979.5;1;11318391130;B
20241021;101819;3979.5;1;11318391396;B
20241021;101822;3979;3;11318392131;S
20241021;101823;3979.5;3;11318392255;B
20241021;101826;3979.5;1;11318393053;B
20241021;101827;3979.5;1;11318393190;B
20241021;101829;3979.5;2;11318393476;B
20241021;101830;3979;11;11318393724;S
20241021;101832;3979;3;11318394149;B
20241021;101832;3979;2;11318394150;B
20241021;101835;3979;5;11318394696;B
20241021;101835;3979;2;11318394756;B
20241021;101837;3979;1;11318395084;B
20241021;101838;3978.5;7;11318395324;S
20241021;101838;3979;1;11318395380;B
20241021;101838;3978.5;3;11318395534;S
20241021;101839;3979;1;11318395740;B
20241021;101839;3978.5;1;11318395771;S
20241021;101840;3978.5;2;11318395835;S
20241021;101840;3978.5;2;11318395925;S
20241021;101840;3978.5;10;11318395948;S
20241021;101841;3979;2;11318396124;B
20241021;101842;3979;5;11318396322;B
20241021;101842;3979;1;11318396477;B
20241021;101843;3979;4;11318396741;B
20241021;101843;3979.5;14;11318396742;B
20241021;101843;3979;10;11318396749;S
20241021;101843;3978.5;25;11318396750;S
20241021;101843;3978.5;9;11318396751;S
20241021;101843;3979.5;1;11318396754;B
20241021;101844;3979.5;1;11318396802;B
20241021;101844;3978.5;1;11318396923;S
20241021;101846;3978;2;11318397595;S
20241021;101847;3979.5;3;11318397667;B
20241021;101848;3979.5;3;11318398184;B
20241021;101850;3979.5;1;11318398982;B
20241021;101852;3978.5;9;11318399309;S
20241021;101852;3978;13;11318399310;S
20241021;101852;3978;9;11318399311;S
20241021;101852;3978;10;11318399312;S
20241021;101852;3977.5;15;11318399313;S
20241021;101852;3977.5;51;11318399314;S
20241021;101852;3977;15;11318399315;S
20241021;101852;3977;100;11318399316;S
20241021;101852;3977;5;11318399317;S
20241021;101852;3977;30;11318399318;S
20241021;101852;3979;2;11318399319;B
20241021;101853;3979;4;11318399620;B
20241021;101854;3979;1;11318399908;B
20241021;101854;3979;1;11318400049;B
20241021;101855;3977;7;11318400246;S
20241021;101855;3977;15;11318400247;S
20241021;101855;3976.5;3;11318400248;S
20241021;101855;3976.5;12;11318400427;S
20241021;101855;3976;13;11318400428;S
20241021;101858;3978.5;7;11318401290;B
20241021;101859;3978.5;5;11318401437;B
20241021;101859;3978.5;1;11318401684;B
20241021;101900;3978.5;2;11318401837;B
20241021;101900;3979;7;11318401838;B
20241021;101900;3979;7;11318401839;B
20241021;101900;3979;129;11318401840;B
20241021;101900;3979.5;51;11318401841;B
20241021;101900;3979.5;15;11318401842;B
20241021;101900;3979.5;2;11318401843;B
20241021;101900;3979.5;7;11318401844;B
20241021;101900;3979.5;40;11318401845;B
20241021;101900;3979.5;10;11318401846;B
20241021;101900;3980;25;11318401847;B
20241021;101900;3980;1;11318401848;B
20241021;101900;3980;5;11318401849;B
20241021;101900;3980;6;11318401850;B
20241021;101900;3980;15;11318401851;B
20241021;101900;3980;1;11318401852;B
20241021;101900;3980;40;11318401853;B
20241021;101900;3980;30;11318401854;B
20241021;101900;3980.5;10;11318401855;B
20241021;101900;3980.5;1;11318401856;B
20241021;101900;3980.5;1;11318401857;B
20241021;101900;3980.5;1;11318401858;B
20241021;101900;3980.5;15;11318401859;B
20241021;101900;3980.5;1;11318401860;B
20241021;101900;3980.5;1;11318401861;B
20241021;101900;3980.5;1;11318401862;B
20241021;101900;3980.5;1;11318401863;B
20241021;101900;3980.5;1;11318401864;B
20241021;101900;3980.5;1;11318401865;B
20241021;101900;3980.5;1;11318401866;B
20241021;101900;3980.5;24;11318401867;B
20241021;101900;3981;8;11318401868;B
20241021;101900;3981;15;11318401869;B
20241021;101900;3981;45;11318401870;B
20241021;101902;3981;15;11318402656;B
20241021;101902;3981;121;11318402657;B
20241021;101902;3981.5;1;11318402658;B
20241021;101902;3981.5;1;11318402659;B
20241021;101902;3981.5;15;11318402660;B
20241021;101902;3981.5;39;11318402661;B
20241021;101902;3981.5;5;11318402662;B
20241021;101902;3982;1;11318402663;B
20241021;101902;3982;6;11318402664;B
20241021;101902;3982;1;11318402665;B
20241021;101902;3982;15;11318402666;B
20241021;101902;3982;7;11318402667;B
20241021;101902;3981.5;1;11318402772;B
20241021;101904;3981.5;1;11318403094;B
20241021;101905;3981.5;3;11318403635;B
20241021;101906;3981.5;34;11318403859;B
20241021;101906;3981.5;60;11318403860;B
20241021;101906;3982;5;11318403991;B
20241021;101906;3982;45;11318403992;B
20241021;101906;3982;1;11318404110;B
20241021;101907;3982;1;11318404146;B
20241021;101907;3982;1;11318404257;B
20241021;101907;3982;12;11318404436;B
20241021;101907;3982;38;11318404437;B
20241021;101907;3982;1;11318404480;B
20241021;101907;3982;3;11318404481;B
20241021;101909;3982;1;11318404912;B
20241021;101909;3982;2;11318405220;B
20241021;101911;3982;1;11318405831;B
20241021;101912;3982;12;11318406130;B
20241021;101915;3982;1;11318407333;B
20241021;101916;3982;2;11318407636;B
20241021;101916;3982;2;11318407795;B
20241021;101917;3982;2;11318408181;B
20241021;101917;3982;8;11318408218;B
20241021;101919;3982;4;11318408617;B
20241021;101919;3982;4;11318408809;B
20241021;101920;3982.5;1;11318409066;B
20241021;101920;3982.5;12;11318409067;B
20241021;101920;3982.5;1;11318409068;B
20241021;101920;3982.5;1;11318409069;B
20241021;101920;3982.5;67;11318409070;B
20241021;101920;3982.5;60;11318409071;B
20241021;101920;3982.5;39;11318409072;B
20241021;101920;3982.5;14;11318409073;B
20241021;101920;3983;105;11318409074;B
20241021;101921;3983;3;11318409363;B
20241021;101921;3983;1;11318409376;B
20241021;101921;3982.5;15;11318409725;S
20241021;101921;3982;6;11318409726;S
20241021;101921;3982;15;11318409727;S
20241021;101921;3982;11;11318409728;S
20241021;101921;3981.5;3;11318409729;S
20241021;101921;3983;2;11318409747;B
20241021;101922;3983;33;11318409820;B
20241021;101922;3983;1;11318409950;B
20241021;101922;3983;10;11318410027;B
20241021;101922;3982;1;11318410080;S
20241021;101923;3982;1;11318410466;S
20241021;101924;3982;1;11318410545;S
20241021;101924;3982;1;11318410599;S
20241021;101924;3983;1;11318410667;B
20241021;101924;3982;1;11318410692;S
20241021;101924;3982;1;11318410749;S
20241021;101925;3983;35;11318410854;B
20241021;101925;3983;15;11318410855;B
20241021;101925;3983;1;11318411113;B
20241021;101926;3983;1;11318411461;B
20241021;101926;3982;1;11318411462;S
20241021;101926;3982;1;11318411493;S
20241021;101926;3982;1;11318411530;S
20241021;101927;3982;1;11318411570;S
20241021;101927;3982;1;11318411620;S
20241021;101927;3982;1;11318411659;S
20241021;101929;3983;1;11318412507;B
20241021;101930;3983;1;11318412849;B
20241021;101930;3983;20;11318412891;B
20241021;101930;3983;22;11318412892;B
20241021;101930;3983;3;11318412893;B
20241021;101930;3983;12;11318412894;B
20241021;101930;3983.5;1;11318412895;B
20241021;101930;3983.5;10;11318412896;B
20241021;101930;3983.5;15;11318412897;B
20241021;101930;3984;10;11318412898;B
20241021;101930;3984;1;11318412899;B
20241021;101930;3984;1;11318412900;B
20241021;101930;3984;1;11318412901;B
20241021;101930;3984;1;11318412902;B
20241021;101930;3984;15;11318412903;B
20241021;101930;3984;30;11318412904;B
20241021;101930;3984.5;1;11318412905;B
20241021;101930;3984.5;15;11318412906;B
20241021;101930;3984.5;42;11318412907;B
20241021;101934;3982.5;7;11318414219;S
20241021;101937;3984.5;1;11318415007;B
20241021;101937;3983;7;11318415213;S
20241021;101945;3983.5;1;11318417581;B
20241021;101946;3983.5;1;11318418153;B
20241021;101946;3983.5;2;11318418232;B
20241021;101951;3983.5;1;11318419556;B
20241021;101951;3983;1;11318419723;S
20241021;101952;3983;1;11318419748;S
20241021;101952;3983;1;11318419774;S
20241021;101952;3983;1;11318419815;S
20241021;101952;3983;1;11318419896;S
20241021;101952;3983;1;11318419984;S
20241021;101953;3983;2;11318420105;S
20241021;101953;3983.5;2;11318420160;B
20241021;101953;3984;3;11318420161;B
20241021;101954;3984;2;11318420408;B
20241021;101954;3984;13;11318420492;B
20241021;101954;3984.5;14;11318420493;B
20241021;101954;3984.5;60;11318420494;B
20241021;101954;3984.5;10;11318420495;B
20241021;101954;3984.5;30;11318420496;B
20241021;101954;3984.5;60;11318420497;B
20241021;101954;3984.5;40;11318420498;B
20241021;101954;3984.5;10;11318420499;B
20241021;101954;3984.5;30;11318420500;B
20241021;101954;3985;192;11318420501;B
20241021;101954;3985;41;11318420502;B
20241021;101954;3983;2;11318420623;S
20241021;101955;3983;1;11318420762;S
20241021;101955;3983;1;11318420804;S
20241021;101955;3983;1;11318420928;S
20241021;101955;3983;1;11318420975;S
20241021;101955;3983;1;11318421002;S
20241021;101956;3983;1;11318421046;S
20241021;101957;3984.5;13;11318421472;B
20241021;102000;3984.5;1;11318422357;B
20241021;102000;3984.5;1;11318422371;B
20241021;102000;3984.5;4;11318422372;B
20241021;102000;3984.5;2;11318422396;B
20241021;102001;3983;1;11318422816;S
20241021;102003;3983;8;11318423432;S
20241021;102005;3983;1;11318424111;S
20241021;102006;3984.5;1;11318424146;B
20241021;102006;3984.5;2;11318424147;B
20241021;102008;3984.5;1;11318424999;B
20241021;102008;3985;128;11318425000;B
20241021;102008;3985;1;11318425001;B
20241021;102008;3985;10;11318425002;B
20241021;102008;3985;2;11318425003;B
20241021;102008;3985;1;11318425004;B
20241021;102008;3985;20;11318425005;B
20241021;102008;3985;15;11318425006;B
20241021;102008;3985;39;11318425007;B
20241021;102008;3985;10;11318425008;B
20241021;102009;3985;100;11318425368;S
20241021;102010;3985;1;11318425388;S
20241021;102011;3985.5;1;11318425989;B
20241021;102012;3985.5;3;11318426013;B
20241021;102012;3985.5;6;11318426155;B
20241021;102012;3985.5;1;11318426156;B
20241021;102012;3985.5;1;11318426157;B
20241021;102012;3985.5;2;11318426158;B
20241021;102012;3985;2;11318426244;S
20241021;102014;3985;1;11318426779;S
20241021;102014;3985;1;11318426792;S
20241021;102014;3985;1;11318426800;S
20241021;102014;3985;1;11318426809;S
20241021;102014;3985;1;11318426826;S
20241021;102014;3985;1;11318426839;S
20241021;102014;3985;1;11318426854;S
20241021;102015;3985;1;11318427068;S
20241021;102015;3985;1;11318427079;S
20241021;102015;3985;1;11318427096;S
20241021;102015;3985;1;11318427106;S
20241021;102015;3985;1;11318427113;S
20241021;102015;3985;1;11318427123;S
20241021;102015;3985;1;11318427129;S
20241021;102015;3985;1;11318427143;S
20241021;102015;3985;1;11318427155;S
20241021;102015;3985;1;11318427177;S
20241021;102019;3985.5;37;11318428115;B
20241021;102019;3986;3;11318428116;B
20241021;102019;3986;1;11318428117;B
20241021;102019;3986;1;11318428118;B
20241021;102019;3986;12;11318428119;B
20241021;102019;3986;15;11318428120;B
20241021;102019;3986.5;1;11318428179;B
20241021;102019;3986.5;1;11318428180;B
20241021;102019;3986;8;11318428223;S
20241021;102019;3985.5;12;11318428224;S
20241021;102019;3986.5;7;11318428286;B
20241021;102022;3986;1;11318429185;S
20241021;102022;3986.5;50;11318429314;B
20241021;102025;3986.5;20;11318430754;B
20241021;102025;3986.5;1;11318430808;B
20241021;102025;3986.5;2;11318430907;B
20241021;102025;3986.5;89;11318431291;B
20241021;102025;3986.5;39;11318431292;B
20241021;102025;3987;15;11318431293;B
20241021;102025;3987;1;11318431294;B
20241021;102025;3987;13;11318431295;B
20241021;102025;3987.5;1;11318431296;B
20241021;102025;3987.5;1;11318431297;B
20241021;102025;3987.5;15;11318431298;B
20241021;102025;3987.5;13;11318431299;B
20241021;102025;3988;8;11318431300;B
20241021;102025;3988;10;11318431301;B
20241021;102025;3988;45;11318431302;B
20241021;102025;3987.5;39;11318431428;B
20241021;102025;3987.5;11;11318431429;B
20241021;102026;3987;10;11318431998;B
20241021;102030;3986.5;1;11318436626;S
20241021;102031;3987;10;11318437254;B
20241021;102031;3986.5;5;11318437972;S
20241021;102034;3987;1;11318441276;B
20241021;102036;3987;3;11318442771;B
20241021;102038;3986.5;9;11318445320;S
20241021;102038;3986.5;10;11318445321;S
20241021;102038;3986.5;40;11318445322;S
20241021;102038;3986;1;11318445323;S
20241021;102040;3987;7;11318447417;B
20241021;102040;3987;40;11318447418;B
20241021;102040;3987;10;11318447743;B
20241021;102040;3987;10;11318447744;B
20241021;102044;3986;1;11318451366;S
20241021;102044;3986.5;1;11318451404;B
20241021;102044;3986;1;11318451834;S
20241021;102044;3986;2;11318451835;S
20241021;102044;3986;13;11318451836;S
20241021;102048;3985.5;2;11318455184;S
20241021;102048;3985.5;13;11318455406;S
20241021;102048;3985.5;3;11318455407;S
20241021;102048;3985.5;7;11318455408;S
20241021;102048;3986;1;11318455429;B
20241021;102049;3986;5;11318455864;B
20241021;102050;3985.5;1;11318457214;S
20241021;102053;3985.5;1;11318460347;S
20241021;102053;3985.5;1;11318460416;S
20241021;102053;3985.5;1;11318460452;S
20241021;102053;3985.5;11;11318460668;S
20241021;102053;3985.5;11;11318460669;S
20241021;102053;3985.5;3;11318460670;S
20241021;102053;3986;1;11318461078;B
20241021;102053;3986;2;11318461263;B
20241021;102054;3986;1;11318461920;B
20241021;102100;3985.5;3;11318467334;S
20241021;102100;3985.5;12;11318467335;S
20241021;102100;3985.5;15;11318467336;S
20241021;102100;3985;13;11318467337;S
20241021;102101;3985.5;15;11318468404;S
20241021;102101;3985.5;3;11318468405;S
20241021;102101;3985;11;11318468406;S
20241021;102101;3986;1;11318468856;B
20241021;102105;3986;1;11318473136;B
20241021;102106;3986;13;11318473984;B
20241021;102108;3985.5;1;11318475129;S
20241021;102108;3985.5;1;11318475164;S
20241021;102108;3986.5;5;11318475491;B
20241021;102111;3986.5;3;11318478439;B
20241021;102111;3986.5;3;11318478521;B
20241021;102111;3986.5;3;11318478595;B
20241021;102111;3986.5;3;11318478656;B
20241021;102111;3986.5;2;11318478722;B
20241021;102111;3986.5;1;11318479074;B
20241021;102114;3986.5;15;11318481931;B
20241021;102117;3986;1;11318485085;S
20241021;102117;3986.5;2;11318485445;B
20241021;102121;3986.5;1;11318488988;B
20241021;102121;3986;1;11318489839;S
20241021;102122;3986;1;11318490450;S
20241021;102122;3986;2;11318490460;S
20241021;102122;3986;1;11318490461;S
20241021;102122;3986;3;11318490463;S
20241021;102122;3986;1;11318490464;S
20241021;102122;3986;1;11318490484;S
20241021;102122;3986;1;11318490510;S
20241021;102122;3986;2;11318490517;S
20241021;102122;3986;2;11318490581;S
20241021;102122;3986;4;11318490593;S
20241021;102122;3986;5;11318490606;S
20241021;102122;3986;1;11318490630;S
20241021;102122;3986;1;11318490785;S
20241021;102122;3986;1;11318490829;S
20241021;102122;3986;1;11318490907;S
20241021;102122;3985.5;2;11318491063;S
20241021;102122;3985.5;7;11318491071;S
20241021;102122;3985.5;1;11318491075;S
20241021;102122;3985.5;1;11318491104;S
20241021;102122;3985.5;1;11318491557;S
20241021;102122;3985.5;1;11318491617;S
20241021;102122;3985.5;1;11318491619;S
20241021;102122;3985.5;1;11318491650;S
20241021;102122;3985.5;3;11318491652;S
20241021;102123;3985.5;2;11318491790;S
20241021;102123;3985.5;1;11318491842;S
20241021;102123;3985.5;1;11318491978;S
20241021;102123;3986.5;50;11318492388;B
20241021;102125;3986.5;11;11318495197;B
20241021;102125;3986.5;39;11318495198;B
20241021;102128;3986;1;11318497206;S
20241021;102129;3986.5;1;11318498489;B
20241021;102129;3987;10;11318498490;B
20241021;102129;3987;1;11318498491;B
20241021;102129;3987.5;15;11318498492;B
20241021;102129;3987.5;1;11318498493;B
20241021;102129;3987.5;11;11318498494;B
20241021;102129;3988;5;11318498495;B
20241021;102129;3988;1;11318498496;B
20241021;102129;3988;15;11318498497;B
20241021;102129;3988;1;11318498498;B
20241021;102129;3988;20;11318498499;B
20241021;102129;3988;60;11318498500;B
20241021;102129;3988;11;11318498501;B
20241021;102129;3988.5;13;11318498502;B
20241021;102129;3988.5;12;11318498503;B
20241021;102129;3988.5;5;11318498504;B
20241021;102129;3988.5;1;11318498505;B
20241021;102129;3988.5;30;11318498506;B
20241021;102129;3988.5;1;11318498507;B
20241021;102129;3988.5;15;11318498508;B
20241021;102129;3988.5;182;11318498509;B
20241021;102129;3989;2;11318498510;B
20241021;102129;3989;1;11318498511;B
20241021;102129;3989;5;11318498512;B
20241021;102129;3989;15;11318498513;B
20241021;102129;3989;5;11318498514;B
20241021;102129;3989;50;11318498515;B
20241021;102129;3989;11;11318498516;B
20241021;102129;3987;3;11318498524;S
20241021;102129;3989;1;11318499140;B
20241021;102130;3989;13;11318499212;B
20241021;102130;3989;1;11318499216;B
20241021;102130;3989;2;11318499217;B
20241021;102130;3989.5;1;11318499218;B
20241021;102130;3989.5;51;11318499219;B
20241021;102130;3989.5;9;11318499363;B
20241021;102130;3989.5;1;11318499364;B
20241021;102130;3989.5;1;11318499365;B
20241021;102130;3989.5;10;11318499366;B
20241021;102130;3989.5;1;11318499367;B
20241021;102130;3989.5;1;11318499368;B
20241021;102130;3989.5;12;11318499369;B
20241021;102131;3989;13;11318500061;S
20241021;102135;3989.5;25;11318504402;B
20241021;102136;3989.5;25;11318505591;B
20241021;102136;3989.5;4;11318505963;B
20241021;102137;3989.5;3;11318507051;B
20241021;102139;3989;11;11318508784;S
20241021;102139;3989;4;11318508785;S
20241021;102142;3988.5;2;11318512299;S
20241021;102142;3988.5;9;11318512300;S
20241021;102142;3988;14;11318512301;S
20241021;102143;3989;10;11318512718;B
20241021;102144;3988.5;1;11318513659;B
20241021;102144;3989;10;11318513738;B
20241021;102144;3989;1;11318514123;B
20241021;102145;3988.5;2;11318515164;S
20241021;102147;3988.5;1;11318516410;B
20241021;102149;3989;5;11318518788;B
20241021;102152;3988;5;11318521753;S
20241021;102152;3987.5;15;11318521754;S
20241021;102152;3987.5;7;11318521755;S
20241021;102154;3989;4;11318523425;B
20241021;102154;3989;1;11318523426;B
20241021;102155;3989;1;11318525450;B
20241021;102156;3988;2;11318525635;S
20241021;102157;3989.5;18;11318527838;B
20241021;102157;3989.5;15;11318527839;B
20241021;102157;3989.5;60;11318527840;B
20241021;102157;3989.5;6;11318527841;B
20241021;102157;3990;5;11318527842;B
20241021;102157;3990;2;11318527843;B
20241021;102157;3990;100;11318527844;B
20241021;102157;3990;10;11318527845;B
20241021;102157;3990;5;11318527846;B
20241021;102157;3990;2;11318527847;B
20241021;102157;3990;1;11318527848;B
20241021;102157;3990;20;11318527849;B
20241021;102157;3990;25;11318527850;B
20241021;102157;3990;4;11318527851;B
20241021;102157;3990;15;11318527852;B
20241021;102157;3990;100;11318527853;B
20241021;102157;3990;4;11318527854;B
20241021;102157;3990;40;11318527855;B
20241021;102157;3990;1;11318527856;B
20241021;102157;3990;5;11318527857;B
20241021;102157;3990.5;1;11318527858;B
20241021;102157;3990.5;61;11318527859;B
20241021;102157;3990.5;3;11318527881;B
20241021;102157;3990;1;11318527884;B
20241021;102157;3990;59;11318527885;B
20241021;102157;3990.5;76;11318527886;B
20241021;102157;3990.5;2;11318527936;B
20241021;102157;3990.5;9;11318527959;B
20241021;102158;3990.5;1;11318528215;B
20241021;102158;3990.5;366;11318528671;B
20241021;102158;3990.5;2;11318528672;B
20241021;102158;3990.5;32;11318528673;B
20241021;102158;3990.5;152;11318528677;B
20241021;102158;3990.5;45;11318528678;B
20241021;102158;3990.5;271;11318528679;B
20241021;102158;3990.5;43;11318528680;B
20241021;102158;3991;4;11318528681;B
20241021;102158;3991;10;11318528682;B
20241021;102158;3991.5;1;11318528687;B
20241021;102158;3991.5;1;11318528688;B
20241021;102158;3991.5;49;11318528689;B
20241021;102158;3991.5;1;11318528690;B
20241021;102158;3991.5;2;11318528691;B
20241021;102158;3991.5;11;11318528693;S
20241021;102158;3992;5;11318528695;B
20241021;102158;3992;39;11318528696;B
20241021;102158;3992;10;11318528697;B
20241021;102158;3992.5;1;11318528711;B
20241021;102158;3992.5;1;11318528727;B
20241021;102158;3992.5;1;11318528729;B
20241021;102158;3992.5;2;11318528733;B
20241021;102158;3992.5;1;11318528735;B
20241021;102158;3992.5;4;11318528958;B
20241021;102158;3991.5;12;11318529042;S
20241021;102158;3991.5;1;11318529160;S
20241021;102158;3992.5;2;11318529309;B
20241021;102159;3992.5;2;11318529509;B
20241021;102159;3992.5;1;11318529581;S
20241021;102159;3992.5;5;11318530005;S
20241021;102159;3992.5;1;11318530182;S
20241021;102201;3993;1;11318531799;B
20241021;102201;3993;10;11318531800;B
20241021;102201;3993;37;11318531801;B
20241021;102201;3993.5;1;11318531802;B
20241021;102201;3993.5;50;11318531803;B
20241021;102201;3993.5;37;11318531804;B
20241021;102201;3994;2;11318531805;B
20241021;102201;3994;10;11318531806;B
20241021;102201;3994;1;11318531807;B
20241021;102201;3994.5;1;11318531808;B
20241021;102201;3994.5;1;11318531809;B
20241021;102201;3994.5;39;11318531810;B
20241021;102201;3994.5;15;11318531811;B
20241021;102201;3995;2;11318531812;B
20241021;102201;3995;13;11318531813;B
20241021;102201;3995;50;11318531814;B
20241021;102201;3995;1;11318531815;B
20241021;102201;3995;1;11318531816;B
20241021;102201;3995;1;11318531817;B
20241021;102201;3995;15;11318531818;B
20241021;102201;3995;1;11318531819;B
20241021;102201;3995.5;1;11318531820;B
20241021;102201;3995.5;210;11318531821;B
20241021;102201;3995.5;4;11318531831;B
20241021;102201;3995.5;12;11318531860;B
20241021;102201;3995.5;2;11318531938;B
20241021;102201;3995.5;8;11318532268;B
20241021;102201;3995.5;16;11318532283;B
20241021;102201;3996;1;11318532284;B
20241021;102201;3996;1;11318532285;B
20241021;102201;3996;1;11318532286;B
20241021;102201;3996;2;11318532287;B
20241021;102201;3996.5;1;11318532288;B
20241021;102201;3996.5;14;11318532289;B
20241021;102201;3996.5;2;11318532290;B
20241021;102201;3996.5;12;11318532291;B
20241021;102202;3995;20;11318532580;B
20241021;102202;3995;12;11318532581;B
20241021;102202;3995.5;18;11318532582;B
20241021;102202;3995.5;9;11318532675;B
20241021;102202;3995;2;11318533029;B
20241021;102202;3994;15;11318533080;S
20241021;102202;3994;1;11318533270;B
20241021;102202;3994;2;11318533307;B
20241021;102202;3994;6;11318533381;B
20241021;102203;3993.5;1;11318533665;S
20241021;102203;3994;2;11318533941;B
20241021;102203;3994;2;11318533949;B
20241021;102203;3993.5;14;11318533970;S
20241021;102203;3993.5;6;11318533971;S
20241021;102203;3994;2;11318534184;B
20241021;102203;3995;1;11318534185;B
20241021;102203;3995.5;2;11318534186;B
20241021;102203;3995.5;12;11318534187;B
20241021;102203;3995.5;20;11318534188;B
20241021;102203;3995.5;13;11318534189;B
20241021;102204;3994;15;11318534617;S
20241021;102204;3993.5;35;11318534618;S
20241021;102204;3994.5;1;11318535017;B
20241021;102204;3994.5;1;11318535018;B
20241021;102205;3993.5;3;11318535625;B
20241021;102205;3993.5;1;11318536290;B
20241021;102205;3993;3;11318536462;B
20241021;102208;3993.5;11;11318538544;B
20241021;102208;3994;48;11318538545;B
20241021;102208;3994;15;11318538546;B
20241021;102208;3994.5;15;11318538547;B
20241021;102208;3994.5;1;11318538548;B
20241021;102208;3995;15;11318538549;B
20241021;102208;3995;51;11318538550;B
20241021;102208;3995;40;11318538551;B
20241021;102208;3995.5;37;11318538552;B
20241021;102208;3995.5;15;11318538553;B
20241021;102208;3995.5;50;11318538554;B
20241021;102208;3995.5;40;11318538555;B
20241021;102208;3996;5;11318538556;B
20241021;102208;3996;15;11318538557;B
20241021;102208;3996;30;11318538558;B
20241021;102208;3996;39;11318538559;B
20241021;102208;3996;60;11318538560;B
20241021;102208;3996.5;15;11318538561;B
20241021;102208;3996.5;150;11318538562;B
20241021;102208;3997;5;11318538563;B
20241021;102208;3997;1;11318538564;B
20241021;102208;3997;50;11318538565;B
20241021;102208;3997;50;11318538566;B
20241021;102208;3997;15;11318538567;B
20241021;102208;3997;100;11318538568;B
20241021;102208;3997;20;11318538569;B
20241021;102208;3997.5;10;11318538570;B
20241021;102208;3997.5;25;11318538571;B
20241021;102208;3997.5;15;11318538572;B
20241021;102208;3997.5;40;11318538573;B
20241021;102208;3998;2;11318538574;B
20241021;102208;3998;1;11318538575;B
20241021;102208;3998;14;11318538576;B
20241021;102208;3996.5;46;11318538595;B
20241021;102209;3997;1;11318539410;B
20241021;102209;3997;77;11318539735;B
20241021;102209;3997;30;11318539736;B
20241021;102209;3997.5;39;11318539737;B
20241021;102209;3997.5;192;11318539738;B
20241021;102209;3997.5;1;11318539739;B
20241021;102209;3997.5;16;11318539740;B
20241021;102209;3998;36;11318539741;B
20241021;102209;3998;5;11318539742;B
20241021;102209;3998;10;11318539743;B
20241021;102209;3998;10;11318539744;B
20241021;102209;3998;100;11318539745;B
20241021;102209;3998;50;11318539746;B
20241021;102209;3998;16;11318539747;B
20241021;102209;3998.5;10;11318539748;B
20241021;102209;3998.5;2;11318539749;B
20241021;102209;3998.5;50;11318539750;B
20241021;102209;3998.5;50;11318539751;B
20241021;102209;3998.5;50;11318539752;B
20241021;102209;3998.5;27;11318539753;B
20241021;102209;3998.5;10;11318539754;B
20241021;102209;3998.5;30;11318539755;B
20241021;102209;3998.5;1;11318539756;B
20241021;102209;3999;15;11318539757;B
20241021;102209;3999;1;11318539758;B
20241021;102209;3999;1;11318539759;B
20241021;102209;3999;10;11318539760;B
20241021;102209;3999;1;11318539761;B
20241021;102209;3999;1;11318539762;B
20241021;102209;3999;1;11318539763;B
20241021;102209;3999;5;11318539764;B
20241021;102209;3999;1;11318539765;B
20241021;102209;3999;3;11318539766;B
20241021;102209;3999.5;5;11318539767;B
20241021;102209;3999.5;2;11318539768;B
20241021;102209;3999.5;2;11318539769;B
20241021;102209;3999.5;50;11318539770;B
20241021;102209;3999.5;3;11318539771;B
20241021;102209;3999.5;60;11318539772;B
20241021;102209;4000;2;11318539773;B
20241021;102209;4000;3;11318539774;B
20241021;102209;4000;50;11318539775;B
20241021;102209;4000;10;11318539776;B
20241021;102209;4000;10;11318539777;B
20241021;102209;4000;1;11318539778;B
20241021;102209;4000;3;11318539779;B
20241021;102209;4000;1;11318539780;B
20241021;102209;4000;100;11318539781;B
20241021;102209;4000;1;11318539782;B
20241021;102209;4000;3;11318539783;B
20241021;102209;4000;2;11318539784;B
20241021;102209;4000;1;11318539785;B
20241021;102209;4000;5;11318539786;B
20241021;102209;4000;25;11318539787;B
20241021;102209;4000;1;11318539788;B
20241021;102209;4000;3;11318539789;B
20241021;102209;4000;40;11318539790;B
20241021;102209;4000;5;11318539792;S
20241021;102209;4000.5;1;11318539807;B
20241021;102209;4000.5;6;11318539808;B
20241021;102209;4000;29;11318539974;S
20241021;102209;4000;6;11318540053;S
20241021;102209;4000;1;11318540278;S
20241021;102209;4000;7;11318540428;S
20241021;102209;4000;1;11318540444;S
20241021;102210;4000;2;11318540472;S
20241021;102210;4000;1;11318540529;S
20241021;102210;4000;5;11318540542;S
20241021;102210;4000;1;11318540631;S
20241021;102210;4000.5;9;11318540710;B
20241021;102210;4000.5;2;11318540711;B
20241021;102210;4000.5;14;11318540712;B
20241021;102210;4000;10;11318540748;S
20241021;102210;4000;25;11318541024;S
20241021;102210;4000;6;11318541207;S
20241021;102210;4000;1;11318541230;S
20241021;102210;4000.5;2;11318541340;B
20241021;102210;4000;2;11318541400;S
20241021;102210;4000;2;11318541528;S
20241021;102211;4000;227;11318541661;S
20241021;102211;4000.5;1;11318541787;B
20241021;102211;4000;50;11318541789;S
20241021;102211;4000;1;11318541797;S
20241021;102211;4000;20;11318541800;S
20241021;102211;4000;50;11318541805;S
20241021;102212;4000.5;37;11318541880;B
20241021;102214;4000.5;5;11318542572;B
20241021;102214;4000.5;34;11318542788;B
20241021;102214;4000.5;11;11318542789;B
20241021;102214;4000.5;15;11318542790;B
20241021;102214;4000.5;1;11318542870;B
20241021;102215;4000.5;3;11318542937;B
20241021;102215;4000;1;11318543036;S
20241021;102216;4000;225;11318543178;S
