<DATE>;<TIME>;<LAST>;<VOL>;<ID>;<OPER>
20241115;095948;2060;1;11425862222;B
20241115;095948;2060;1;11425862223;B
20241115;095948;2060;9;11425862224;B
20241115;095948;2060;3;11425862225;B
20241115;095948;2060;1;11425862226;B
20241115;095948;2060;15;11425862227;B
20241115;095948;2060;10;11425862228;B
20241115;095948;2060;5;11425862229;B
20241115;095948;2060;7;11425862230;B
20241115;095948;2060;12;11425862231;B
20241115;095948;2060;1;11425862232;S
20241115;095948;2060;2;11425862233;B
20241115;095948;2060;3;11425862234;S
20241115;095948;2060;8;11425862235;B
20241115;095948;2060;1;11425862236;S
20241115;095948;2060;1;11425862237;B
20241115;095948;2060;20;11425862238;B
20241115;100001;2060;1;11425865233;B
20241115;100003;2060;2;11425866017;B
20241115;100003;2060;24;11425866252;B
20241115;100003;2060;1;11425866253;B
20241115;100003;2060;2;11425866254;B
20241115;100003;2064.4;46;11425866255;B
20241115;100004;2064.4;1;11425866646;B
20241115;100004;2059.2;5;11425867232;S
20241115;100004;2059.2;1;11425867233;S
20241115;100004;2059.2;6;11425867234;S
20241115;100004;2064;1;11425867947;B
20241115;100005;2059;12;11425868458;S
20241115;100005;2059;2;11425868459;S
20241115;100005;2064;1;11425868916;B
20241115;100005;2064;2;11425868922;B
20241115;100005;2059;25;11425869099;S
20241115;100005;2059;1;11425869100;S
20241115;100005;2059;10;11425869101;S
20241115;100005;2059;10;11425869102;S
20241115;100005;2059;35;11425869103;S
20241115;100005;2059;5;11425869459;S
20241115;100005;2059;2;11425869460;S
20241115;100006;2059;10;11425870430;S
20241115;100006;2059;1;11425870431;S
20241115;100006;2059;1;11425870432;S
20241115;100006;2059;1;11425870433;S
20241115;100006;2059;1;11425870434;S
20241115;100006;2059;1;11425870435;S
20241115;100006;2059;1;11425870436;S
20241115;100006;2059;1;11425870437;S
20241115;100006;2059;1;11425870438;S
20241115;100006;2059;1;11425870439;S
20241115;100006;2059;1;11425870440;S
20241115;100006;2059;1;11425870441;S
20241115;100006;2058.6;1;11425870442;S
20241115;100006;2058.6;10;11425870443;S
20241115;100006;2058.6;2;11425870444;S
20241115;100006;2058.6;1;11425870445;S
20241115;100006;2058.6;49;11425870446;S
20241115;100006;2058.6;15;11425870447;S
20241115;100006;2064.2;6;11425870829;B
20241115;100006;2064.4;4;11425870830;B
20241115;100007;2058.6;4;11425871680;S
20241115;100009;2063.4;10;11425872420;B
20241115;100011;2063;5;11425873055;B
20241115;100011;2062.6;20;11425873337;B
20241115;100011;2062.8;2;11425873338;B
20241115;100011;2063.8;20;11425873339;B
20241115;100011;2064.8;1;11425873340;B
20241115;100011;2064.8;7;11425873341;B
20241115;100014;2062.6;4;11425874143;B
20241115;100014;2063.4;3;11425874297;B
20241115;100015;2062.2;1;11425874435;S
20241115;100017;2063.4;1;11425874821;B
20241115;100018;2063.4;17;11425875255;B
20241115;100018;2063.4;5;11425875449;B
20241115;100018;2063;1;11425875498;S
20241115;100018;2062.2;4;11425875499;S
20241115;100018;2062;1;11425875500;S
20241115;100018;2060;1;11425875501;S
20241115;100018;2060;5;11425875502;S
20241115;100018;2059.2;20;11425875503;S
20241115;100018;2058.6;1;11425875504;S
20241115;100018;2058.6;1;11425875505;S
20241115;100018;2057.4;12;11425875506;S
20241115;100018;2057.4;40;11425875507;S
20241115;100018;2057.4;2;11425875508;S
20241115;100018;2057.2;12;11425875509;S
20241115;100023;2060;20;11425876883;B
20241115;100023;2060.2;2;11425876884;B
20241115;100023;2060.6;2;11425876885;B
20241115;100023;2061.6;6;11425876886;B
20241115;100024;2060.4;4;11425877370;B
20241115;100025;2060;1;11425877671;B
20241115;100025;2060;1;11425877876;B
20241115;100027;2057.4;1;11425878257;S
20241115;100027;2057;1;11425878258;S
20241115;100027;2056;1;11425878259;S
20241115;100027;2056;38;11425878260;S
20241115;100028;2057.4;1;11425878639;S
20241115;100030;2057.4;49;11425879114;S
20241115;100030;2056;16;11425879115;S
20241115;100030;2055.8;98;11425879116;S
20241115;100030;2055.6;20;11425879117;S
20241115;100030;2055.2;10;11425879118;S
20241115;100030;2055.2;14;11425879119;S
20241115;100030;2055.4;5;11425879143;S
20241115;100036;2056.8;5;11425881035;B
20241115;100037;2057.6;1;11425881140;B
20241115;100039;2057.6;19;11425881669;B
20241115;100039;2057.6;5;11425881670;B
20241115;100041;2057.8;10;11425882182;B
20241115;100041;2057.8;1;11425882183;B
20241115;100042;2058.2;20;11425882420;B
20241115;100042;2058.4;30;11425882421;B
20241115;100043;2058;1;11425882730;S
20241115;100046;2058.8;20;11425885138;B
20241115;100046;2059;80;11425885139;B
20241115;100046;2057.6;1;11425885160;S
20241115;100046;2057.6;2;11425885161;S
20241115;100051;2058.2;1;11425886803;S
20241115;100055;2058;1;11425887984;B
20241115;100056;2058;3;11425888340;B
20241115;100056;2059.8;9;11425888341;B
20241115;100058;2058;1;11425888696;S
20241115;100058;2060;5;11425888697;B
20241115;100058;2061.2;30;11425888792;B
20241115;100106;2061.2;1;11425890826;S
20241115;100106;2061.2;1;11425890991;B
20241115;100106;2061.6;4;11425890992;B
20241115;100109;2061.2;4;11425891602;S
20241115;100109;2059.6;11;11425891603;S
20241115;100109;2059.2;20;11425891604;S
20241115;100109;2059.2;11;11425891605;S
20241115;100109;2058.6;1;11425891606;S
20241115;100109;2058;1;11425891607;S
20241115;100109;2057.6;2;11425891608;S
20241115;100109;2057.6;1;11425891609;S
20241115;100109;2057.6;1;11425891610;S
20241115;100109;2057.6;1;11425891611;S
20241115;100109;2057.6;47;11425891612;S
20241115;100109;2059.6;1;11425891617;S
20241115;100109;2060.2;1;11425891640;B
20241115;100111;2058;1;11425892317;S
20241115;100111;2059.8;1;11425892371;B
20241115;100113;2060.6;1;11425893226;B
20241115;100113;2060.8;14;11425893227;B
20241115;100113;2058.4;1;11425893230;S
20241115;100115;2058;1;11425894238;S
20241115;100115;2058.4;1;11425894256;B
20241115;100116;2058.4;4;11425894271;B
20241115;100116;2058.4;1;11425894503;B
20241115;100117;2058;1;11425894789;S
20241115;100117;2058.4;100;11425894810;B
20241115;100117;2058;1;11425894815;S
20241115;100118;2058;1;11425895325;S
20241115;100118;2058;1;11425895465;S
20241115;100119;2058.4;1;11425895618;B
20241115;100119;2058;1;11425895733;S
20241115;100119;2058;1;11425895939;S
20241115;100121;2058.4;4;11425896763;B
20241115;100122;2058.4;1;11425897026;B
20241115;100123;2058.4;1;11425897283;B
20241115;100127;2058.4;2;11425898387;B
20241115;100128;2058.4;2;11425898665;B
20241115;100130;2058.4;83;11425899486;B
20241115;100131;2058.6;1;11425899596;S
20241115;100135;2059.8;15;11425900670;B
20241115;100135;2060.2;1;11425900939;B
20241115;100135;2058.8;9;11425900940;S
20241115;100136;2058.8;1;11425901023;S
20241115;100137;2060.2;1;11425901248;B
20241115;100138;2059.2;1;11425901586;S
20241115;100139;2059.2;1;11425901808;S
20241115;100141;2060.2;56;11425902395;B
20241115;100141;2061.6;44;11425902396;B
20241115;100142;2061.6;1;11425902511;S
20241115;100144;2059.6;10;11425902903;S
20241115;100147;2059.8;1;11425903516;S
20241115;100147;2059.6;88;11425903517;S
20241115;100147;2059.4;11;11425903518;S
20241115;100148;2061;1;11425903771;B
20241115;100148;2061.2;99;11425903772;B
20241115;100155;2061;1;11425905266;B
20241115;100155;2061.4;1;11425905267;B
20241115;100155;2061.4;1;11425905268;B
20241115;100155;2061.4;1;11425905269;B
20241115;100155;2061.4;20;11425905530;S
20241115;100158;2061.4;176;11425905964;S
20241115;100158;2060.2;20;11425905965;S
20241115;100202;2060;7;11425906991;B
20241115;100205;2059.4;3;11425907784;S
20241115;100210;2059.6;33;11425908849;S
20241115;100210;2060;5;11425908909;B
20241115;100214;2059.6;1;11425909807;S
20241115;100214;2059.6;19;11425909808;S
20241115;100218;2060;5;11425910706;B
20241115;100218;2060;15;11425910725;B
20241115;100220;2060;3;11425911028;B
20241115;100222;2060;156;11425911648;B
20241115;100223;2059.4;1;11425911811;S
20241115;100223;2059.4;30;11425911812;S
20241115;100223;2059.4;20;11425911813;S
20241115;100223;2059.2;10;11425911814;S
20241115;100223;2059.2;10;11425911815;S
20241115;100223;2059.2;10;11425911816;S
20241115;100223;2059.2;4;11425911817;S
20241115;100225;2060;1;11425912482;B
20241115;100227;2060;25;11425913125;B
20241115;100227;2060;32;11425913132;B
20241115;100229;2059.8;4;11425913339;S
20241115;100229;2059.8;4;11425913348;S
20241115;100229;2060;2;11425913575;B
20241115;100230;2059.8;4;11425913818;S
20241115;100231;2060;5;11425914062;B
20241115;100233;2060;105;11425914508;B
20241115;100234;2059.8;5;11425914856;B
20241115;100235;2059.6;2;11425915120;S
20241115;100235;2059.6;1;11425915121;S
20241115;100235;2059.2;60;11425915122;S
20241115;100237;2059.8;10;11425915458;B
20241115;100237;2059.2;98;11425915567;S
20241115;100237;2059;2;11425915568;S
20241115;100238;2059;4;11425915634;S
20241115;100238;2059;25;11425915675;S
20241115;100238;2059;25;11425915701;S
20241115;100238;2059;19;11425915723;S
20241115;100238;2059;44;11425915724;S
20241115;100239;2059;100;11425915814;S
20241115;100239;2059;25;11425915816;S
20241115;100239;2059;100;11425915839;S
20241115;100239;2059.6;1;11425915854;B
20241115;100239;2059;100;11425915999;S
20241115;100239;2059;50;11425916012;S
20241115;100240;2059;4;11425916166;S
20241115;100240;2059;4;11425916183;S
20241115;100241;2059;4;11425916204;S
20241115;100241;2059;4;11425916244;S
20241115;100241;2059.2;2;11425916392;B
20241115;100242;2059;10;11425916436;S
20241115;100242;2059;15;11425916539;S
20241115;100243;2059;3;11425916641;S
20241115;100243;2059.2;1;11425916651;B
20241115;100243;2059.4;1;11425916652;B
20241115;100243;2059.4;1;11425916653;B
20241115;100243;2059.4;8;11425916654;B
20241115;100243;2059.4;1;11425916655;B
20241115;100244;2059;1;11425916982;S
20241115;100244;2058.8;10;11425917036;S
20241115;100244;2058.6;30;11425917037;S
20241115;100244;2058.4;17;11425917038;S
20241115;100244;2058;93;11425917039;S
20241115;100244;2058;4;11425917040;S
20241115;100244;2058;1;11425917041;S
20241115;100244;2058;5;11425917042;S
20241115;100244;2058;37;11425917043;S
20241115;100244;2057.8;8;11425917044;S
20241115;100244;2057.8;37;11425917045;S
20241115;100244;2057;5;11425917046;S
20241115;100244;2057;100;11425917047;S
20241115;100244;2057;10;11425917048;S
20241115;100244;2057;1;11425917049;S
20241115;100244;2057;4;11425917050;S
20241115;100244;2056;4;11425917051;S
20241115;100244;2056;20;11425917052;S
20241115;100244;2055.4;14;11425917053;S
20241115;100244;2056.4;67;11425917054;B
20241115;100245;2056.2;1;11425917282;B
20241115;100245;2055.6;15;11425917285;S
20241115;100248;2055.8;20;11425917781;S
20241115;100248;2055.8;5;11425917789;S
20241115;100250;2055.6;10;11425918024;S
20241115;100250;2056;8;11425918032;B
20241115;100250;2056.2;92;11425918033;B
20241115;100250;2055.2;1;11425918081;S
20241115;100250;2055.2;1;11425918082;S
20241115;100250;2055.2;10;11425918083;S
20241115;100250;2055;35;11425918084;S
20241115;100250;2055;12;11425918085;S
20241115;100250;2055;95;11425918128;S
20241115;100250;2055.4;1;11425918129;B
20241115;100251;2055.4;1;11425918233;B
20241115;100251;2055.4;5;11425918246;B
20241115;100251;2055.2;1;11425918345;S
20241115;100251;2055;3;11425918346;S
20241115;100253;2055;10;11425918595;S
20241115;100253;2055;5;11425918596;S
20241115;100253;2055;5;11425918597;S
20241115;100253;2055;4;11425918598;S
20241115;100253;2055;2;11425918599;S
20241115;100253;2054.8;2;11425918600;S
20241115;100253;2054.6;1;11425918601;S
20241115;100253;2054.2;13;11425918602;S
20241115;100253;2054;2;11425918603;S
20241115;100253;2054;4;11425918604;S
20241115;100253;2054;1;11425918605;S
20241115;100253;2054;1;11425918606;S
20241115;100253;2054;1;11425918607;S
20241115;100253;2054;13;11425918608;S
20241115;100253;2053.4;53;11425918609;S
20241115;100253;2052.4;13;11425918610;S
20241115;100253;2053;5;11425918612;B
20241115;100253;2053;1;11425918613;B
20241115;100253;2053;6;11425918614;B
20241115;100253;2053;5;11425918615;B
20241115;100253;2053.2;5;11425918638;B
20241115;100254;2053.6;1;11425918855;B
20241115;100255;2054.2;5;11425918969;B
20241115;100255;2054.4;3;11425919015;B
20241115;100255;2054.4;21;11425919144;S
20241115;100256;2054.6;5;11425919235;B
20241115;100256;2054.6;18;11425919250;B
20241115;100256;2054.8;4;11425919251;B
20241115;100257;2054.8;3;11425919530;S
20241115;100303;2054.8;2;11425920705;S
20241115;100303;2054.6;11;11425920758;S
20241115;100303;2054.4;4;11425920759;S
20241115;100304;2053.8;2;11425920819;B
20241115;100304;2053.6;25;11425920979;S
20241115;100304;2053.4;1;11425920980;S
20241115;100306;2052.8;3;11425921237;B
20241115;100306;2053.2;10;11425921391;B
20241115;100309;2053.2;11;11425921862;S
20241115;100309;2052.8;1;11425921863;S
20241115;100309;2052.6;5;11425921864;S
20241115;100309;2052.6;4;11425921865;S
20241115;100309;2052.4;5;11425921866;S
20241115;100309;2052.2;1;11425921867;S
20241115;100309;2052;10;11425921868;S
20241115;100309;2051.8;38;11425921869;S
20241115;100309;2051.6;5;11425921870;S
20241115;100309;2051.8;3;11425921900;S
20241115;100312;2052.2;2;11425922473;B
20241115;100314;2052.4;1;11425922929;B
20241115;100315;2052.2;100;11425923234;S
20241115;100317;2052;1;11425923453;S
20241115;100317;2051.8;1;11425923454;S
20241115;100318;2052.6;1;11425923803;B
20241115;100319;2051.8;1;11425924009;S
20241115;100321;2052;1;11425924429;B
20241115;100322;2051.8;8;11425924502;S
20241115;100322;2051.8;1;11425924680;S
20241115;100322;2051.8;1;11425924684;S
20241115;100322;2051.8;13;11425924685;S
20241115;100323;2051.2;4;11425924749;S
20241115;100323;2051.2;2;11425924750;S
20241115;100323;2051.6;1;11425924813;B
20241115;100324;2051.6;1;11425924925;B
20241115;100325;2051.6;1;11425925532;B
20241115;100326;2051.6;4;11425925876;B
20241115;100326;2052;9;11425925877;B
20241115;100326;2052.2;2;11425925878;B
20241115;100327;2051.2;12;11425926055;S
20241115;100327;2051;38;11425926056;S
20241115;100327;2051.2;9;11425926065;S
20241115;100327;2051;11;11425926066;S
20241115;100329;2051.2;4;11425926474;S
20241115;100329;2051;46;11425926475;S
20241115;100330;2051.8;8;11425926667;B
20241115;100331;2052.2;3;11425926822;B
20241115;100331;2052;13;11425927026;S
20241115;100332;2052.2;2;11425927176;S
20241115;100333;2052.2;1;11425927298;S
20241115;100333;2052;47;11425927299;S
20241115;100334;2052;1;11425927541;S
20241115;100336;2052;11;11425927937;S
20241115;100336;2052;5;11425928004;B
20241115;100336;2051.8;1;11425928085;S
20241115;100336;2051.8;2;11425928086;S
20241115;100341;2051.8;8;11425928971;S
20241115;100342;2052;1;11425929186;B
20241115;100344;2052;1;11425929357;B
20241115;100344;2052;6;11425929358;B
20241115;100344;2051.8;10;11425929469;S
20241115;100344;2051.8;1;11425929470;S
20241115;100344;2051.8;1;11425929471;S
20241115;100344;2051.8;25;11425929472;S
20241115;100344;2051.6;12;11425929473;S
20241115;100344;2051.8;1;11425929508;S
20241115;100345;2052;1;11425929631;B
20241115;100345;2052;5;11425929702;B
20241115;100347;2052;38;11425929964;B
20241115;100347;2052;17;11425929965;B
20241115;100348;2051.8;20;11425930017;S
20241115;100348;2051.6;50;11425930018;S
20241115;100350;2052;1;11425930450;B
20241115;100350;2052;4;11425930581;B
20241115;100351;2051.6;7;11425930599;S
20241115;100352;2052;10;11425930737;B
20241115;100354;2051.8;50;11425931286;S
20241115;100354;2051.6;31;11425931287;S
20241115;100354;2051.6;10;11425931288;S
20241115;100354;2051.6;11;11425931289;S
20241115;100354;2051.4;3;11425931290;S
20241115;100356;2052;1;11425931571;B
20241115;100356;2051.2;5;11425931579;S
20241115;100356;2051.2;1;11425931580;S
20241115;100356;2051;44;11425931581;S
20241115;100400;2051.8;1;11425932285;B
20241115;100401;2051.8;1;11425932424;B
20241115;100402;2051.4;30;11425932683;S
20241115;100404;2052;4;11425933016;B
20241115;100404;2052;25;11425933078;B
20241115;100406;2052;15;11425933427;B
20241115;100407;2051.4;10;11425933511;S
20241115;100411;2051.4;5;11425934116;S
20241115;100414;2051.6;3;11425934901;S
20241115;100414;2051.4;80;11425934902;S
20241115;100418;2052;3;11425935593;B
20241115;100419;2052;20;11425935675;B
20241115;100419;2052;18;11425935676;B
20241115;100419;2052;4;11425935677;B
20241115;100420;2052;2;11425935759;S
20241115;100422;2052.2;1;11425936331;B
20241115;100423;2052;3;11425936392;S
20241115;100423;2052;22;11425936398;S
20241115;100425;2052.2;7;11425936605;B
20241115;100425;2052.8;3;11425936606;B
20241115;100425;2053;20;11425936607;B
20241115;100425;2052;1;11425936676;S
20241115;100429;2053.2;18;11425937167;B
20241115;100429;2053.2;20;11425937168;S
20241115;100431;2054.6;12;11425937515;B
20241115;100431;2054.6;114;11425937516;B
20241115;100431;2055.2;20;11425937571;B
20241115;100431;2055.4;5;11425937572;B
20241115;100431;2055.4;1;11425937573;B
20241115;100435;2055.2;3;11425938169;B
20241115;100436;2055.2;22;11425938385;B
20241115;100436;2055.4;21;11425938386;B
20241115;100436;2055.6;20;11425938387;B
20241115;100436;2056;5;11425938388;B
20241115;100436;2056;20;11425938389;B
20241115;100436;2056;2;11425938390;B
20241115;100436;2056.2;80;11425938391;B
20241115;100437;2055;1;11425938568;B
20241115;100439;2054;50;11425938825;S
20241115;100439;2053.8;30;11425938826;S
20241115;100439;2053.6;8;11425938827;S
20241115;100439;2053.6;9;11425938828;S
20241115;100439;2053.4;20;11425938829;S
20241115;100439;2053.4;8;11425938830;S
20241115;100439;2053.2;87;11425938831;S
20241115;100440;2055.2;1;11425938991;B
20241115;100441;2055.2;15;11425939176;B
20241115;100451;2055.4;1;11425940825;B
20241115;100452;2055.8;7;11425941037;B
20241115;100452;2056.2;25;11425941038;B
20241115;100452;2056.2;2;11425941039;B
20241115;100452;2056.2;35;11425941040;B
20241115;100452;2056.2;7;11425941041;B
20241115;100452;2056.4;20;11425941042;B
20241115;100452;2056.6;4;11425941043;B
20241115;100452;2056.6;98;11425941044;B
20241115;100452;2056.8;8;11425941045;B
20241115;100452;2056.8;44;11425941046;B
20241115;100454;2055.2;20;11425941395;B
20241115;100454;2055.4;2;11425941396;S
20241115;100455;2055.4;78;11425941574;S
20241115;100455;2055;5;11425941575;S
20241115;100455;2054.6;4;11425941576;S
20241115;100455;2054.2;8;11425941577;S
20241115;100455;2054;22;11425941578;S
20241115;100455;2053.8;20;11425941579;S
20241115;100455;2053.4;10;11425941580;S
20241115;100455;2053.4;5;11425941581;S
20241115;100455;2053.2;75;11425941582;S
20241115;100455;2053;5;11425941583;S
20241115;100455;2052.2;50;11425941584;S
20241115;100455;2052.2;18;11425941585;S
20241115;100459;2053.4;11;11425942157;S
20241115;100459;2053.2;15;11425942158;S
20241115;100500;2053.4;6;11425942397;S
20241115;100504;2054.4;1;11425943099;B
20241115;100504;2054.4;2;11425943192;B
20241115;100505;2053;1;11425943197;S
20241115;100508;2052.8;6;11425944033;S
20241115;100508;2052.4;5;11425944034;S
20241115;100508;2052.4;2;11425944035;S
20241115;100508;2052.2;12;11425944036;S
20241115;100513;2052.6;2;11425944986;S
20241115;100513;2052.4;3;11425944988;S
20241115;100513;2052.2;7;11425944989;S
20241115;100516;2053;4;11425945642;B
20241115;100516;2053;2;11425945656;B
20241115;100516;2053;3;11425945679;B
20241115;100517;2053;1;11425945844;B
20241115;100517;2053;5;11425945845;B
20241115;100517;2053.2;25;11425945846;B
20241115;100517;2053.4;3;11425945847;B
20241115;100517;2054.6;12;11425945848;B
20241115;100517;2054.6;54;11425945849;B
20241115;100517;2054.8;1;11425945872;B
20241115;100518;2054.8;1;11425946049;B
20241115;100521;2054.8;3;11425946662;B
20241115;100521;2055.2;1;11425946663;B
20241115;100521;2055.4;1;11425946664;B
20241115;100521;2056;5;11425946665;B
20241115;100523;2056;1;11425946890;S
20241115;100523;2056;47;11425946986;S
20241115;100523;2055.4;1;11425946987;S
20241115;100523;2054.6;52;11425946988;S
20241115;100529;2054.2;5;11425948038;S
20241115;100529;2054;5;11425948039;S
20241115;100529;2056.2;10;11425948113;B
20241115;100529;2056.2;17;11425948117;B
20241115;100529;2056.4;9;11425948118;B
20241115;100529;2056.6;20;11425948119;B
20241115;100529;2057;2;11425948120;B
20241115;100529;2057;50;11425948121;B
20241115;100529;2057.4;1;11425948122;B
20241115;100529;2057.4;9;11425948123;S
20241115;100529;2057.4;19;11425948124;S
20241115;100529;2057.4;1;11425948125;S
20241115;100529;2057.4;1;11425948126;S
20241115;100529;2057.4;2;11425948127;S
20241115;100529;2057.4;1;11425948128;S
20241115;100529;2057.4;1;11425948129;S
20241115;100529;2057.4;1;11425948130;S
20241115;100529;2057.4;1;11425948131;S
20241115;100529;2057.4;1;11425948132;S
20241115;100529;2057.4;1;11425948134;S
20241115;100529;2057.4;1;11425948135;S
20241115;100529;2057.4;1;11425948136;S
20241115;100529;2057.4;1;11425948137;S
20241115;100529;2057.4;1;11425948138;S
20241115;100529;2057.4;1;11425948139;S
20241115;100529;2057.4;8;11425948176;S
20241115;100530;2054.8;50;11425948268;S
20241115;100530;2054.8;98;11425948269;S
20241115;100530;2054.6;2;11425948270;S
20241115;100532;2056;1;11425948685;B
20241115;100538;2056;1;11425949864;B
20241115;100538;2057;17;11425949865;B
20241115;100538;2057.2;7;11425949866;B
20241115;100540;2057.6;5;11425950147;B
20241115;100544;2057.6;9;11425950833;B
20241115;100544;2057.2;6;11425950889;S
20241115;100544;2056.8;6;11425950890;S
20241115;100545;2057.6;6;11425951028;B
20241115;100545;2058;14;11425951029;B
20241115;100546;2057.8;8;11425951252;B
20241115;100549;2057.6;5;11425951666;B
20241115;100550;2057.2;5;11425951948;S
20241115;100550;2056.6;6;11425951949;S
20241115;100550;2056.4;89;11425951950;S
20241115;100552;2056.2;10;11425952225;S
20241115;100552;2057.2;1;11425952251;B
20241115;100554;2056.2;64;11425952583;S
20241115;100554;2056.6;3;11425952615;B
20241115;100554;2056.2;4;11425952616;S
20241115;100554;2056.6;10;11425952649;B
20241115;100555;2056.6;2;11425952919;B
20241115;100555;2056.6;5;11425952959;B
20241115;100555;2057;8;11425952960;B
20241115;100555;2057.2;20;11425952961;B
20241115;100556;2057.6;4;11425953228;B
20241115;100556;2057.8;20;11425953229;B
20241115;100556;2058;1;11425953230;B
20241115;100556;2058.2;98;11425953231;B
20241115;100556;2058.2;2;11425953232;B
20241115;100556;2058.4;300;11425953233;B
20241115;100556;2058.8;8;11425953234;B
20241115;100556;2059.2;10;11425953235;B
20241115;100556;2059.4;20;11425953236;B
20241115;100556;2059.6;37;11425953237;B
20241115;100601;2058.8;2;11425954133;B
20241115;100601;2059;10;11425954134;B
20241115;100601;2059;2;11425954135;B
20241115;100601;2059.6;36;11425954136;B
20241115;100601;2059.4;5;11425954271;B
20241115;100601;2059.4;1;11425954272;B
20241115;100601;2059.6;14;11425954273;B
20241115;100601;2059.6;20;11425954274;B
20241115;100601;2059.8;25;11425954275;B
20241115;100601;2059.8;85;11425954276;B
20241115;100602;2058.2;8;11425954310;S
20241115;100602;2057.8;11;11425954311;S
20241115;100602;2057.4;1;11425954312;S
20241115;100602;2057.4;80;11425954313;S
20241115;100602;2059;1;11425954368;B
20241115;100603;2057.4;50;11425954541;S
20241115;100603;2057.2;17;11425954542;S
20241115;100603;2057;9;11425954543;S
20241115;100603;2057;9;11425954544;S
20241115;100603;2057;3;11425954545;S
20241115;100603;2056.6;12;11425954546;S
20241115;100603;2058.4;5;11425954573;B
20241115;100606;2058.2;1;11425955249;B
20241115;100606;2058.4;25;11425955260;B
20241115;100606;2059;20;11425955261;B
20241115;100606;2059.4;5;11425955262;B
20241115;100606;2059.6;50;11425955263;B
20241115;100606;2059.6;98;11425955264;B
20241115;100606;2059.6;30;11425955265;B
20241115;100609;2059;5;11425955617;S
20241115;100613;2059;3;11425956481;B
20241115;100613;2059;10;11425956482;B
20241115;100613;2059;7;11425956483;B
20241115;100613;2059.2;4;11425956484;B
20241115;100613;2059.2;7;11425956485;B
20241115;100613;2059.8;19;11425956486;B
20241115;100619;2058.4;1;11425957676;B
20241115;100619;2059.6;4;11425957677;B
20241115;100619;2059.8;5;11425957726;B
20241115;100620;2059.6;6;11425957889;S
20241115;100620;2059.6;13;11425957891;S
20241115;100631;2059.8;43;11425960224;B
20241115;100631;2059.8;1;11425960227;B
20241115;100631;2059.8;1;11425960234;B
20241115;100631;2059.6;50;11425960253;S
20241115;100631;2059.6;4;11425960278;S
20241115;100631;2059.6;27;11425960373;S
20241115;100631;2059.6;1;11425960374;S
20241115;100631;2058.8;15;11425960375;S
20241115;100631;2058.4;15;11425960376;S
20241115;100631;2057.4;5;11425960377;S
20241115;100631;2057.4;20;11425960378;S
20241115;100631;2057.2;1;11425960379;S
20241115;100631;2057;1;11425960380;S
20241115;100631;2056.6;8;11425960381;S
20241115;100631;2056.4;1;11425960382;S
20241115;100631;2056.4;6;11425960383;S
20241115;100632;2058.8;1;11425960435;B
20241115;100632;2058.8;24;11425960632;B
20241115;100632;2058.8;20;11425960633;B
20241115;100632;2059;15;11425960634;B
20241115;100632;2059.2;15;11425960635;B
20241115;100632;2059.4;8;11425960636;B
20241115;100632;2059.6;68;11425960637;B
20241115;100634;2059;20;11425960992;B
20241115;100634;2059.2;12;11425960993;B
20241115;100634;2059.4;6;11425960994;B
20241115;100634;2059.6;5;11425960995;B
20241115;100634;2059.8;346;11425960996;B
20241115;100634;2059.8;1;11425960997;S
20241115;100634;2059.8;1;11425960998;S
20241115;100634;2059.8;1;11425960999;S
20241115;100634;2059.8;1;11425961000;S
20241115;100634;2059.8;1;11425961001;S
20241115;100634;2059.8;1;11425961002;S
20241115;100634;2059.8;9;11425961003;S
20241115;100635;2059.8;1;11425961100;S
20241115;100635;2060;215;11425961159;B
20241115;100636;2059.8;1;11425961430;S
20241115;100636;2060;87;11425961456;B
20241115;100637;2060;50;11425961477;B
20241115;100637;2059.8;10;11425961481;S
20241115;100640;2060;50;11425962159;B
20241115;100645;2060;1;11425963183;B
20241115;100646;2060;5;11425963452;B
20241115;100647;2060;3;11425963469;B
20241115;100650;2059.8;10;11425963946;S
20241115;100652;2060;2;11425964348;B
20241115;100657;2059.8;6;11425965078;S
20241115;100657;2060;400;11425965172;B
20241115;100658;2059.8;5;11425965387;S
20241115;100659;2060;20;11425965404;B
20241115;100659;2060;25;11425965464;B
20241115;100703;2060;1;11425966099;B
20241115;100704;2060;1;11425966287;B
20241115;100708;2060;49;11425966978;B
20241115;100713;2059.8;7;11425967696;S
20241115;100713;2060;5;11425967702;B
20241115;100716;2060;100;11425968104;B
20241115;100718;2060;49;11425968420;B
20241115;100718;2060;53;11425968480;B
20241115;100720;2060;3;11425969045;B
20241115;100723;2060;100;11425969560;B
20241115;100724;2060;250;11425969832;B
20241115;100725;2060;1;11425970049;B
20241115;100729;2060;3;11425970788;B
20241115;100730;2059.8;10;11425971093;S
20241115;100731;2060;1;11425971348;B
20241115;100732;2060;50;11425971489;B
20241115;100732;2060;12;11425971549;B
20241115;100737;2060;25;11425972841;B
20241115;100737;2060;95;11425972864;B
20241115;100738;2060;10;11425973051;B
20241115;100743;2060;700;11425974097;B
20241115;100744;2060;63;11425974291;B
20241115;100746;2060;500;11425974638;B
20241115;100746;2060;50;11425974771;B
20241115;100747;2060;12;11425974853;B
20241115;100747;2060;200;11425974855;B
20241115;100747;2060;100;11425974856;B
20241115;100747;2060;16;11425974857;B
20241115;100747;2060;300;11425974876;B
20241115;100747;2060;16;11425974877;B
20241115;100747;2060;5;11425974945;B
20241115;100747;2060;16;11425974946;B
20241115;100747;2060;25;11425974948;B
20241115;100747;2060;20;11425974951;B
20241115;100747;2060;16;11425974952;B
20241115;100747;2060;25;11425974953;B
20241115;100747;2060;63;11425974965;B
20241115;100747;2060;64;11425974966;B
20241115;100747;2060;12;11425974967;B
20241115;100747;2060;25;11425974972;B
20241115;100747;2060;5;11425974974;B
20241115;100747;2060;100;11425974978;B
20241115;100747;2060;25;11425975009;B
20241115;100747;2060;250;11425975013;B
20241115;100747;2060;24;11425975014;B
20241115;100747;2060;25;11425975058;B
20241115;100748;2060;25;11425975066;B
20241115;100748;2060;100;11425975075;B
20241115;100748;2060;300;11425975083;B
20241115;100748;2060;25;11425975084;B
20241115;100748;2060;250;11425975085;B
20241115;100748;2060;300;11425975086;B
20241115;100748;2060;16;11425975087;B
20241115;100748;2060;63;11425975093;B
20241115;100748;2060;30;11425975094;B
20241115;100748;2060;50;11425975103;B
20241115;100748;2060;1;11425975104;B
20241115;100748;2060;50;11425975110;B
20241115;100748;2060;5;11425975113;B
20241115;100748;2060;63;11425975116;B
20241115;100748;2060;2;11425975132;B
20241115;100748;2060;50;11425975138;B
20241115;100748;2060;125;11425975140;B
20241115;100748;2060;50;11425975148;B
20241115;100748;2060;2;11425975204;B
20241115;100748;2060;9;11425975252;B
20241115;100749;2060;150;11425975304;B
20241115;100749;2060;11;11425975363;B
20241115;100749;2060;2;11425975364;B
20241115;100749;2060;25;11425975365;B
20241115;100749;2060;1;11425975366;B
20241115;100749;2060;1;11425975367;B
20241115;100749;2060;2;11425975396;B
20241115;100749;2060;1;11425975397;B
20241115;100750;2060;19;11425975458;B
20241115;100750;2061.2;6;11425975459;S
20241115;100751;2062.4;25;11425975629;B
20241115;100751;2062.6;25;11425975630;B
20241115;100751;2062.8;25;11425975631;B
20241115;100751;2063;70;11425975632;B
20241115;100752;2062.4;6;11425975896;B
20241115;100752;2062.4;1;11425976074;B
20241115;100753;2061.2;1;11425976103;S
20241115;100757;2061.8;25;11425976967;B
20241115;100757;2062;10;11425976968;B
20241115;100757;2062;25;11425976969;B
20241115;100757;2062.4;43;11425976970;B
20241115;100757;2062.4;10;11425976971;B
20241115;100757;2062.6;5;11425976972;B
20241115;100757;2062.6;8;11425976973;B
20241115;100757;2062.8;50;11425976974;B
20241115;100757;2063;183;11425976975;B
20241115;100806;2062.8;20;11425978810;B
20241115;100806;2062.8;10;11425978811;B
20241115;100806;2063;147;11425978812;B
20241115;100806;2063.4;10;11425978813;B
20241115;100806;2063.8;13;11425978814;B
20241115;100809;2063.2;1;11425979296;B
20241115;100809;2063.2;1;11425979297;B
20241115;100809;2063.2;1;11425979298;B
20241115;100809;2063.4;25;11425979299;B
20241115;100809;2063.6;20;11425979300;B
20241115;100809;2064;14;11425979301;B
20241115;100809;2064;25;11425979302;B
20241115;100809;2064;25;11425979303;B
20241115;100809;2064.4;64;11425979304;B
20241115;100809;2064.8;2;11425979305;B
20241115;100809;2064.8;1;11425979306;B
20241115;100809;2065;25;11425979307;B
20241115;100809;2065;1;11425979308;B
20241115;100809;2065;500;11425979309;B
20241115;100809;2065;20;11425979310;B
20241115;100809;2065.2;8;11425979311;B
20241115;100809;2065.8;20;11425979312;B
20241115;100809;2066;10;11425979313;B
20241115;100809;2066.2;7;11425979314;B
20241115;100809;2066.4;98;11425979315;B
20241115;100809;2066.4;98;11425979316;B
20241115;100809;2066.6;34;11425979317;B
20241115;100809;2066;20;11425979351;B
20241115;100809;2066.2;25;11425979352;B
20241115;100809;2066.8;5;11425979353;B
20241115;100809;2066;5;11425979365;B
20241115;100810;2066;2;11425979514;B
20241115;100810;2066.2;3;11425979515;B
20241115;100810;2065.8;1;11425979556;B
20241115;100810;2066.8;15;11425979557;S
20241115;100810;2066.8;24;11425979558;S
20241115;100810;2066.8;10;11425979575;S
20241115;100811;2065.6;1;11425979676;S
20241115;100811;2064.8;2;11425979721;B
20241115;100816;2064.2;1;11425980456;S
20241115;100816;2063.6;1;11425980457;S
20241115;100817;2064.6;10;11425980652;B
20241115;100818;2063.6;4;11425980820;S
20241115;100819;2063.6;1;11425981035;S
20241115;100819;2063;2;11425981036;S
20241115;100823;2063.8;5;11425981892;B
20241115;100827;2063;7;11425982591;S
20241115;100827;2063;20;11425982592;S
20241115;100827;2062.8;6;11425982593;S
20241115;100827;2062.6;1;11425982594;S
20241115;100827;2062.6;6;11425982595;S
20241115;100827;2062.4;50;11425982596;S
20241115;100827;2062.2;10;11425982597;S
20241115;100835;2063.6;10;11425983996;B
20241115;100835;2063.8;13;11425983997;B
20241115;100835;2063.8;10;11425983998;B
20241115;100835;2064;25;11425983999;B
20241115;100835;2064;7;11425984000;B
20241115;100835;2064.2;4;11425984001;B
20241115;100835;2064.6;5;11425984002;B
20241115;100835;2064.8;76;11425984003;B
20241115;100838;2064;1;11425984668;B
20241115;100839;2064;1;11425984770;B
20241115;100839;2064.2;2;11425984771;B
20241115;100839;2064;1;11425984813;B
20241115;100839;2064.2;67;11425984814;B
20241115;100839;2064.4;20;11425984815;B
20241115;100839;2064.6;12;11425984816;B
20241115;100844;2063;10;11425985930;S
20241115;100844;2063;10;11425985931;S
20241115;100844;2063;4;11425985932;S
20241115;100844;2062.8;76;11425985933;S
20241115;100848;2063;3;11425986494;S
20241115;100903;2063.6;3;11425989285;B
20241115;100904;2063.6;1;11425989479;B
20241115;100905;2063.2;9;11425989609;S
20241115;100907;2063.6;1;11425989903;B
20241115;100907;2063.6;8;11425990001;B
20241115;100907;2063.6;200;11425990002;B
20241115;100907;2063.6;4;11425990003;B
20241115;100907;2064.2;4;11425990004;B
20241115;100907;2064.4;8;11425990005;B
20241115;100907;2064.8;1;11425990006;B
20241115;100907;2065;29;11425990007;B
20241115;100907;2065;25;11425990008;B
20241115;100907;2065;50;11425990009;B
20241115;100907;2065;7;11425990010;S
20241115;100908;2065.2;1;11425990180;B
20241115;100911;2065;50;11425990599;S
20241115;100912;2065;100;11425990790;S
20241115;100914;2065;10;11425991112;S
20241115;100914;2065.2;15;11425991190;B
20241115;100915;2065;10;11425991199;S
20241115;100915;2065;1;11425991211;S
20241115;100915;2065;23;11425991250;S
20241115;100915;2065;2;11425991251;S
20241115;100917;2063.6;18;11425991610;S
20241115;100918;2064.4;1;11425991806;B
20241115;100921;2064;1;11425992311;B
20241115;100922;2063.2;1;11425992453;S
20241115;100922;2063.4;3;11425992527;B
20241115;100925;2063.4;3;11425992955;B
20241115;100931;2063.2;1;11425994084;S
20241115;100931;2063.2;1;11425994085;S
20241115;100931;2063.2;1;11425994086;S
20241115;100933;2063.4;1;11425994329;B
20241115;100933;2063.4;1;11425994351;B
20241115;100936;2063.2;49;11425994897;S
20241115;100936;2063;1;11425994898;S
20241115;100937;2063;4;11425994912;S
20241115;100938;2063;2;11425995060;S
20241115;100938;2063;73;11425995061;S
20241115;100938;2063;20;11425995062;S
20241115;100938;2063;10;11425995063;S
20241115;100938;2063;2;11425995064;S
20241115;100938;2062.8;24;11425995065;S
20241115;100938;2062.4;1;11425995066;S
20241115;100938;2062.4;20;11425995067;S
20241115;100938;2062.4;12;11425995068;S
20241115;100938;2062.2;25;11425995219;S
20241115;100938;2062;227;11425995220;S
20241115;100939;2062;105;11425995292;S
20241115;100939;2062;4;11425995350;S
20241115;100939;2062;51;11425995429;S
20241115;100940;2062;10;11425995526;S
20241115;100941;2062;5;11425995631;S
20241115;100941;2062;25;11425995681;S
20241115;100944;2062;9;11425996070;S
20241115;100945;2062;1;11425996272;S
20241115;100945;2062;119;11425996297;S
20241115;100946;2060.4;1;11425996398;S
20241115;100946;2060.2;1;11425996399;S
20241115;100946;2060.2;25;11425996400;S
20241115;100946;2060.2;20;11425996401;S
20241115;100946;2060;481;11425996402;S
20241115;100946;2060;50;11425996403;S
20241115;100946;2060;2;11425996404;S
20241115;100946;2059.8;20;11425996405;S
20241115;100946;2059.8;16;11425996407;S
20241115;100946;2059.8;3;11425996408;S
20241115;100946;2059.8;7;11425996409;S
20241115;100946;2059.8;1;11425996410;S
20241115;100946;2059.8;7;11425996411;S
20241115;100946;2059.8;1;11425996412;S
20241115;100946;2059.8;16;11425996456;S
20241115;100946;2059.8;16;11425996480;S
20241115;100946;2059.8;67;11425996512;S
20241115;100946;2059.6;1;11425996513;S
20241115;100946;2059.4;1;11425996514;S
20241115;100946;2059;1;11425996515;S
20241115;100946;2058.6;4;11425996516;S
20241115;100946;2058.2;1;11425996517;S
20241115;100947;2058.2;1;11425996534;S
20241115;100948;2058.2;13;11425996710;S
20241115;100948;2058;37;11425996711;S
20241115;100950;2058.8;1;11425997014;B
20241115;100954;2058.8;8;11425997707;B
20241115;100954;2059;20;11425997708;B
20241115;100954;2059;8;11425997709;B
20241115;100954;2059.8;50;11425997710;B
20241115;100954;2059.8;14;11425997711;B
20241115;101000;2058.4;1;11425998817;S
20241115;101000;2058.2;20;11425998818;S
20241115;101000;2058.2;1;11425998819;S
20241115;101000;2058;13;11425998820;S
20241115;101000;2057.8;1;11425998821;S
20241115;101000;2057.6;22;11425998822;S
20241115;101023;2058;1;11426002893;S
20241115;101023;2057.2;1;11426002894;S
20241115;101023;2057.6;28;11426002897;S
20241115;101024;2057.6;1;11426003155;B
20241115;101027;2056.6;2;11426003491;S
20241115;101027;2057;2;11426003509;S
20241115;101033;2057.4;2;11426004822;B
20241115;101035;2057.4;10;11426005100;B
20241115;101036;2057.4;38;11426005198;B
20241115;101036;2057.6;12;11426005199;B
20241115;101036;2056.8;1;11426005227;S
20241115;101036;2056.8;1;11426005228;B
20241115;101053;2056.8;2;11426008033;S
20241115;101053;2056.6;5;11426008034;S
20241115;101055;2056.8;1;11426008273;S
20241115;101107;2056.8;2;11426009868;B
20241115;101112;2056.8;5;11426010753;B
20241115;101112;2057.2;4;11426010754;B
20241115;101112;2057.4;21;11426010755;B
20241115;101113;2057.4;29;11426010885;B
20241115;101113;2057.6;14;11426010886;B
20241115;101113;2060;1;11426010947;B
20241115;101115;2060.6;2;11426011280;B
20241115;101118;2060.6;48;11426011550;B
20241115;101118;2060.6;1;11426011551;B
20241115;101118;2060.6;1;11426011552;S
20241115;101120;2060.6;5;11426011974;B
20241115;101128;2060.6;1;11426013191;B
20241115;101130;2060.6;11;11426013478;B
20241115;101130;2060.6;1;11426013479;B
20241115;101130;2060.6;5;11426013480;B
20241115;101132;2061.4;5;11426013769;S
20241115;101138;2062;10;11426014568;B
20241115;101138;2061.2;20;11426014600;S
20241115;101140;2062;1;11426014831;B
20241115;101141;2061.4;1;11426015222;S
20241115;101142;2061.2;1;11426015410;B
20241115;101144;2061.8;100;11426015985;B
20241115;101144;2062;39;11426015986;B
20241115;101144;2062;81;11426015987;B
20241115;101144;2062;1;11426016042;B
20241115;101144;2062;18;11426016067;B
20241115;101146;2063.2;1;11426016773;B
20241115;101147;2062.8;1;11426016870;S
20241115;101147;2062.8;4;11426016871;S
20241115;101149;2062;5;11426017241;S
20241115;101149;2063.2;7;11426017353;B
20241115;101151;2063.2;1;11426017592;B
20241115;101152;2063.2;11;11426017753;B
20241115;101152;2063.4;43;11426017755;B
20241115;101152;2064.2;2;11426017847;B
20241115;101154;2063.2;2;11426018233;S
20241115;101156;2063.2;2;11426018514;S
20241115;101158;2064.2;23;11426019016;B
20241115;101159;2063.4;2;11426019183;S
20241115;101201;2064.2;1;11426019688;B
20241115;101202;2064.2;14;11426019832;B
20241115;101204;2063.4;3;11426020153;S
20241115;101204;2063.4;2;11426020250;B
20241115;101207;2064.4;5;11426020765;B
20241115;101208;2063.2;2;11426021107;S
20241115;101208;2064.4;5;11426021119;B
20241115;101208;2064.6;9;11426021120;B
20241115;101208;2064.8;2;11426021121;B
20241115;101208;2064.8;2;11426021122;B
20241115;101208;2065.2;1;11426021123;B
20241115;101208;2065.4;51;11426021124;B
20241115;101213;2064.2;1;11426022088;B
20241115;101216;2064;1;11426022772;S
20241115;101216;2064.2;2;11426022809;B
20241115;101218;2064;2;11426023271;B
20241115;101218;2064.2;17;11426023272;B
20241115;101219;2064.2;1;11426023490;S
20241115;101220;2064.2;7;11426023575;S
20241115;101223;2064.2;2;11426024356;B
20241115;101224;2064.2;2;11426024495;B
20241115;101224;2064.4;2;11426024496;B
20241115;101224;2064.4;25;11426024497;B
20241115;101224;2064.6;2;11426024498;B
20241115;101224;2064.8;2;11426024499;B
20241115;101224;2065.2;2;11426024500;B
20241115;101224;2065.4;15;11426024501;B
20241115;101227;2063.8;5;11426025045;B
20241115;101228;2063.8;20;11426025246;B
20241115;101228;2064;2;11426025247;B
20241115;101229;2064.8;20;11426025332;B
20241115;101229;2065;3;11426025333;B
20241115;101229;2065.2;4;11426025334;B
20241115;101229;2065.2;3;11426025335;B
20241115;101237;2065.2;2;11426026572;B
20241115;101240;2064.4;2;11426027002;S
20241115;101240;2064.2;3;11426027003;S
20241115;101249;2064.2;2;11426028149;S
20241115;101251;2065.2;2;11426028555;B
20241115;101251;2065.2;1;11426028556;B
20241115;101251;2065.2;4;11426028558;S
20241115;101251;2065.2;1;11426028559;S
20241115;101251;2065.2;1;11426028560;S
20241115;101251;2065.2;1;11426028561;S
20241115;101251;2065.2;1;11426028562;S
20241115;101254;2065.4;1;11426029100;B
20241115;101257;2065.4;1;11426029412;B
20241115;101259;2065.4;10;11426029756;B
20241115;101259;2065.2;5;11426029768;S
20241115;101259;2065.2;2;11426029816;S
20241115;101301;2065.4;5;11426029984;B
20241115;101303;2065.4;1;11426030291;B
20241115;101304;2065.2;12;11426030474;S
20241115;101309;2065.2;9;11426031156;B
20241115;101315;2065.2;2;11426031925;S
20241115;101315;2065.4;2;11426032050;B
20241115;101315;2065.4;2;11426032051;B
20241115;101315;2065.4;6;11426032052;B
20241115;101317;2065.2;2;11426032387;S
20241115;101320;2065.2;17;11426032739;S
20241115;101320;2065.2;1;11426032740;S
20241115;101320;2065;2;11426032741;S
20241115;101322;2064.4;12;11426033216;S
20241115;101324;2064;58;11426033390;S
20241115;101324;2064;2;11426033391;S
20241115;101329;2063.4;2;11426034257;B
20241115;101333;2063.4;5;11426034829;B
20241115;101333;2063.4;25;11426034830;B
20241115;101333;2063.4;7;11426034831;B
20241115;101333;2063.8;4;11426034832;B
20241115;101333;2064;6;11426034833;B
20241115;101340;2062;21;11426035539;S
20241115;101340;2061.6;1;11426035540;S
20241115;101340;2061;1;11426035581;S
20241115;101402;2061.8;3;11426038376;S
20241115;101404;2063.4;3;11426038574;B
20241115;101404;2063.4;17;11426038575;B
20241115;101410;2061.8;50;11426039250;S
20241115;101410;2061.8;2;11426039251;S
20241115;101410;2061.6;50;11426039252;S
20241115;101410;2061.6;2;11426039253;S
20241115;101410;2061.6;20;11426039254;S
20241115;101410;2061;4;11426039255;S
20241115;101410;2061;30;11426039256;S
20241115;101414;2060;5;11426039565;S
20241115;101414;2060;1;11426039566;S
20241115;101414;2059;9;11426039567;S
20241115;101414;2060;15;11426039749;S
20241115;101414;2060;1;11426039752;S
20241115;101416;2060.2;2;11426040025;B
20241115;101416;2060.4;5;11426040026;B
20241115;101416;2060.6;2;11426040027;B
20241115;101416;2060.8;1;11426040028;B
20241115;101432;2060.6;7;11426041763;B
20241115;101434;2061;10;11426041999;B
20241115;101435;2060.6;13;11426042070;S
20241115;101435;2060.4;13;11426042071;S
20241115;101435;2060.4;4;11426042072;S
20241115;101445;2061;3;11426043147;B
20241115;101447;2061;10;11426043345;B
20241115;101451;2061;19;11426043753;B
20241115;101458;2063.2;1;11426044563;B
20241115;101503;2061.4;6;11426045306;S
20241115;101503;2061.2;98;11426045307;S
20241115;101503;2061.2;20;11426045308;S
20241115;101503;2061.2;3;11426045309;S
20241115;101503;2061;1;11426045310;S
20241115;101503;2061;1;11426045311;S
20241115;101503;2061;8;11426045312;S
20241115;101503;2060.6;98;11426045313;S
20241115;101503;2060.4;56;11426045314;S
20241115;101503;2060.2;30;11426045315;S
20241115;101503;2060.2;50;11426045316;S
20241115;101503;2060.2;20;11426045317;S
20241115;101503;2060;400;11426045318;S
20241115;101503;2060;1;11426045319;S
20241115;101503;2060;1;11426045320;S
20241115;101503;2059.6;207;11426045321;S
20241115;101507;2061.2;1;11426045874;B
20241115;101531;2059;2;11426049124;S
20241115;101531;2059;1;11426049125;S
20241115;101531;2059;1;11426049126;S
20241115;101531;2058.4;2;11426049127;S
20241115;101531;2058.4;28;11426049128;S
20241115;101531;2058.2;20;11426049129;S
20241115;101531;2058;1;11426049130;S
20241115;101531;2058;10;11426049131;S
20241115;101531;2057.6;30;11426049132;S
20241115;101531;2057.6;1;11426049133;S
20241115;101531;2057.6;304;11426049134;S
20241115;101536;2057;1;11426049757;S
20241115;101543;2057;46;11426050906;S
20241115;101549;2056.8;1;11426051662;S
20241115;101549;2056.8;90;11426051663;S
20241115;101559;2056.4;14;11426052798;S
20241115;101559;2056.2;1;11426052799;S
20241115;101602;2057;2;11426053138;B
20241115;101615;2057;2;11426054389;B
20241115;101615;2057;18;11426054390;S
20241115;101616;2056.4;2;11426054459;S
20241115;101622;2057;1;11426055163;B
20241115;101631;2057;1;11426056154;B
20241115;101631;2057;1;11426056155;B
20241115;101631;2057;30;11426056156;B
20241115;101631;2057;1;11426056157;B
20241115;101631;2057;83;11426056158;S
20241115;101632;2057.2;1;11426056228;B
20241115;101635;2057;20;11426056714;S
20241115;101639;2057.2;1;11426057095;B
20241115;101640;2057.2;3;11426057158;B
20241115;101647;2057.2;1;11426057897;B
20241115;101647;2058;9;11426057898;B
20241115;101650;2057.8;1;11426058345;B
20241115;101650;2057.2;3;11426058362;S
20241115;101650;2057.2;4;11426058363;S
20241115;101654;2057.6;1;11426058907;B
20241115;101654;2057.8;13;11426058908;B
20241115;101654;2059;20;11426058909;B
20241115;101654;2059.2;2;11426058910;B
20241115;101654;2059.4;20;11426058911;B
20241115;101654;2059.8;39;11426058912;B
20241115;101707;2059.4;1;11426060452;B
20241115;101724;2059;2;11426062209;S
20241115;101725;2059;8;11426062425;S
20241115;101725;2058.2;6;11426062426;S
20241115;101725;2057.8;6;11426062427;S
20241115;101725;2057.6;1;11426062428;S
20241115;101725;2057.6;20;11426062429;S
20241115;101725;2057.4;12;11426062430;S
20241115;101733;2057.4;7;11426063264;B
20241115;101733;2057.6;8;11426063265;B
20241115;101739;2057.6;3;11426063887;B
20241115;101747;2057;4;11426064632;S
20241115;101750;2057.6;1;11426064977;B
20241115;101753;2057;6;11426065246;S
20241115;101753;2057;2;11426065247;S
20241115;101753;2056.4;4;11426065248;S
20241115;101753;2056.2;11;11426065249;S
20241115;101753;2056.2;1;11426065250;S
20241115;101753;2056.2;2;11426065251;S
20241115;101753;2056.2;40;11426065252;S
20241115;101753;2056;1;11426065253;S
20241115;101753;2056;20;11426065254;S
20241115;101753;2055.8;5;11426065255;S
20241115;101753;2055.8;100;11426065256;S
20241115;101753;2055.8;1;11426065257;S
20241115;101753;2055.8;30;11426065258;S
20241115;101753;2055;2;11426065259;S
20241115;101753;2055;18;11426065260;S
20241115;101753;2055;15;11426065261;S
20241115;101753;2055;5;11426065262;S
20241115;101753;2055;1;11426065263;S
20241115;101753;2055;2;11426065264;S
20241115;101753;2055;2;11426065265;S
20241115;101753;2055;20;11426065266;S
20241115;101753;2054.8;78;11426065267;S
20241115;101753;2054.8;5;11426065268;S
20241115;101753;2054.2;20;11426065269;S
20241115;101753;2054;1;11426065270;S
20241115;101753;2054;1;11426065271;S
20241115;101753;2054;1;11426065272;S
20241115;101753;2054;1;11426065273;S
20241115;101753;2054;30;11426065274;S
20241115;101753;2054;1;11426065275;S
20241115;101753;2054;317;11426065276;S
20241115;101753;2054;309;11426065277;S
20241115;101753;2053.8;1;11426065278;S
20241115;101753;2053.8;8;11426065279;S
20241115;101753;2053.6;1;11426065280;S
20241115;101753;2053.4;8;11426065281;S
20241115;101753;2053.2;25;11426065282;S
20241115;101753;2053;5;11426065283;S
20241115;101753;2053;1;11426065284;S
20241115;101753;2053;98;11426065285;S
20241115;101753;2053;98;11426065286;S
20241115;101753;2052.8;24;11426065287;S
20241115;101753;2052.8;75;11426065288;S
20241115;101753;2052.8;25;11426065289;S
20241115;101753;2052.8;20;11426065290;S
20241115;101753;2052.6;1;11426065291;S
20241115;101753;2052.4;1;11426065292;S
20241115;101753;2052.4;1;11426065293;S
20241115;101753;2052.4;2;11426065294;S
20241115;101753;2052.4;25;11426065295;S
20241115;101753;2052.4;25;11426065296;S
20241115;101753;2052.4;1;11426065297;S
20241115;101753;2052.2;4;11426065298;S
20241115;101753;2052.2;2;11426065299;S
20241115;101753;2052.2;10;11426065300;S
20241115;101753;2052.2;300;11426065301;S
20241115;101753;2052;5;11426065302;S
20241115;101753;2052;5;11426065303;S
20241115;101753;2052;20;11426065304;S
20241115;101753;2052;5;11426065305;S
20241115;101753;2052;1;11426065306;S
20241115;101753;2052;351;11426065307;S
20241115;101753;2052.6;5;11426065309;S
20241115;101753;2052.4;10;11426065310;S
20241115;101753;2052.4;1;11426065311;S
20241115;101757;2053;1;11426065727;S
20241115;101802;2053;1;11426066292;S
20241115;101802;2052.8;3;11426066293;S
20241115;101802;2052.4;1;11426066294;S
20241115;101805;2055.2;7;11426066655;B
20241115;101806;2055.6;20;11426066670;S
20241115;101806;2055.6;8;11426066736;B
20241115;101806;2055.6;1;11426066737;B
20241115;101806;2055.6;19;11426066738;B
20241115;101806;2056.4;1;11426066960;B
20241115;101806;2056.6;98;11426066961;B
20241115;101806;2056.8;11;11426066962;B
20241115;101806;2056.8;1;11426067068;B
20241115;101806;2056.8;3;11426067076;B
20241115;101807;2056.8;1;11426067124;B
20241115;101807;2057.6;47;11426067126;B
20241115;101807;2057.6;4;11426067127;B
20241115;101807;2057;2;11426067147;S
20241115;101807;2057.6;26;11426067148;B
20241115;101807;2058.6;20;11426067149;B
20241115;101807;2059;24;11426067150;B
20241115;101807;2058.8;54;11426067152;B
20241115;101807;2059;6;11426067153;B
20241115;101807;2059.2;10;11426067154;B
20241115;101807;2059.2;32;11426067155;B
20241115;101807;2059.4;1;11426067156;B
20241115;101807;2059.4;7;11426067157;B
20241115;101807;2059.4;1;11426067159;B
20241115;101810;2059.4;2;11426067414;B
20241115;101810;2059.4;1;11426067448;B
20241115;101811;2059.4;5;11426067489;B
20241115;101811;2059.4;22;11426067490;B
20241115;101811;2059.4;1;11426067492;B
20241115;101811;2059.4;8;11426067493;B
20241115;101811;2059.4;3;11426067514;B
20241115;101811;2059.4;3;11426067515;B
20241115;101811;2059.4;1;11426067516;B
20241115;101812;2059.2;16;11426067610;S
20241115;101813;2059.4;8;11426067668;B
20241115;101813;2059.8;2;11426067669;B
20241115;101813;2060;1;11426067670;B
20241115;101813;2060;5;11426067671;B
20241115;101814;2060.2;3;11426067709;B
20241115;101814;2060;4;11426067752;S
20241115;101815;2060;6;11426068070;S
20241115;101817;2060.2;1;11426068258;B
20241115;101817;2060.2;5;11426068259;B
20241115;101817;2060.2;1;11426068260;B
20241115;101818;2060.2;1;11426068377;B
20241115;101820;2060;15;11426068618;S
20241115;101820;2060;4;11426068619;S
20241115;101820;2060;1;11426068620;S
20241115;101820;2060;3;11426068621;S
20241115;101820;2059.8;227;11426068622;S
20241115;101820;2060;24;11426068629;B
20241115;101820;2060;6;11426068630;B
20241115;101821;2060;4;11426068766;B
20241115;101821;2060;1;11426068767;B
20241115;101821;2060;7;11426068768;B
20241115;101821;2060;19;11426068769;B
20241115;101821;2060;7;11426068770;B
20241115;101822;2059.6;2;11426068870;S
20241115;101824;2059.6;1;11426068975;S
20241115;101824;2059.4;2;11426068976;S
20241115;101840;2058;1;11426070606;B
20241115;101840;2058;1;11426070607;B
20241115;101840;2058.2;30;11426070608;B
20241115;101840;2059.4;24;11426070609;B
20241115;101840;2059.6;20;11426070610;B
20241115;101840;2059.8;6;11426070611;B
20241115;101840;2060;18;11426070612;B
20241115;101840;2060;1;11426070613;B
20241115;101840;2059.8;3;11426070615;B
20241115;101840;2060;37;11426070616;B
20241115;101841;2059.8;1;11426070810;B
20241115;101846;2059;1;11426071490;S
20241115;101848;2059;1;11426071686;S
20241115;101849;2059;1;11426071786;S
20241115;101849;2059;13;11426071928;S
20241115;101850;2058.8;1;11426072021;S
20241115;101850;2059.8;2;11426072034;B
20241115;101850;2059.8;6;11426072035;B
20241115;101850;2059.8;4;11426072036;B
20241115;101850;2060;1;11426072037;B
20241115;101850;2060;19;11426072038;B
20241115;101851;2058.8;1;11426072208;S
20241115;101852;2059;5;11426072315;B
20241115;101853;2058.8;1;11426072400;S
20241115;101854;2058.8;1;11426072551;S
20241115;101855;2058.8;1;11426072652;S
20241115;101856;2057.8;1;11426072776;S
20241115;101857;2059;1;11426072865;B
20241115;101857;2059;1;11426072866;B
20241115;101857;2059;3;11426072867;B
20241115;101857;2059;2;11426072868;B
20241115;101857;2059.8;1;11426072870;B
20241115;101857;2059.8;1;11426072871;B
20241115;101857;2059.8;1;11426072873;B
20241115;101857;2059.8;1;11426072874;B
20241115;101857;2059.8;1;11426072875;B
20241115;101857;2059.8;1;11426072877;B
20241115;101857;2059.8;1;11426072878;B
20241115;101857;2059.8;1;11426072879;B
20241115;101857;2059.8;1;11426072880;B
20241115;101857;2059.8;1;11426072881;B
20241115;101857;2059.8;2;11426072882;B
20241115;101857;2059.8;2;11426072883;B
20241115;101857;2059.8;2;11426072884;B
20241115;101857;2059.8;2;11426072886;B
20241115;101857;2059.8;2;11426072887;B
20241115;101857;2059.8;3;11426072889;B
20241115;101857;2059.8;1;11426072890;B
20241115;101857;2059.8;1;11426072891;B
20241115;101857;2059.8;1;11426072892;B
20241115;101857;2059.8;1;11426072893;B
20241115;101857;2059.8;1;11426072894;B
20241115;101857;2059.8;1;11426072896;B
20241115;101857;2059.8;1;11426072897;B
20241115;101857;2059.8;1;11426072899;B
20241115;101857;2059.8;1;11426072900;B
20241115;101857;2059.8;1;11426072902;B
20241115;101857;2059.8;1;11426072903;B
20241115;101857;2059.8;1;11426072904;B
20241115;101857;2059.8;1;11426072905;B
20241115;101857;2059.8;5;11426072906;B
20241115;101857;2059.8;2;11426072909;B
20241115;101857;2059.8;1;11426072911;B
20241115;101857;2059.8;1;11426072912;B
20241115;101857;2059.8;1;11426072913;B
20241115;101857;2059.8;1;11426072914;B
20241115;101857;2059.8;1;11426072915;B
20241115;101857;2059.8;1;11426072917;B
20241115;101857;2059.8;5;11426072918;B
20241115;101857;2059.8;1;11426072920;B
20241115;101857;2059.8;3;11426072921;B
20241115;101857;2059.8;1;11426072924;B
20241115;101857;2059.8;1;11426072925;B
20241115;101857;2059.8;1;11426072926;B
20241115;101857;2059.8;1;11426072927;B
20241115;101857;2059.8;2;11426072928;B
20241115;101857;2059.8;1;11426072929;B
20241115;101857;2059.8;1;11426072930;B
20241115;101857;2059.8;2;11426072931;B
20241115;101857;2059.8;1;11426072932;B
20241115;101857;2059.8;1;11426072933;B
20241115;101857;2059.8;2;11426072934;B
20241115;101857;2059.8;2;11426072935;B
20241115;101857;2059.8;2;11426072936;B
20241115;101857;2059.8;1;11426072938;B
20241115;101857;2059.8;1;11426072939;B
20241115;101857;2059.8;6;11426072940;B
20241115;101857;2059.8;1;11426072941;B
20241115;101857;2059.8;2;11426072942;B
20241115;101857;2059.8;5;11426072943;B
20241115;101857;2059.8;1;11426072944;B
20241115;101857;2059.8;1;11426072945;B
20241115;101857;2059.8;1;11426072946;B
20241115;101857;2059.8;1;11426072947;B
20241115;101857;2059.8;1;11426072948;B
20241115;101857;2059.8;1;11426072949;B
20241115;101857;2059.8;1;11426072951;B
20241115;101857;2059.8;1;11426072952;B
20241115;101857;2059.8;1;11426072953;B
20241115;101857;2059.8;1;11426072956;B
20241115;101857;2059.8;1;11426072957;B
20241115;101857;2059.8;1;11426072958;B
20241115;101857;2059.8;1;11426072961;B
20241115;101857;2059.8;1;11426072962;B
20241115;101857;2059.8;1;11426072963;B
20241115;101857;2059.8;1;11426072964;B
20241115;101857;2060.2;1;11426072965;B
20241115;101857;2060.2;1;11426072966;B
20241115;101857;2060.2;1;11426072968;B
20241115;101857;2060.2;1;11426072969;B
20241115;101857;2058;1;11426072970;S
20241115;101857;2060.2;1;11426072971;B
20241115;101857;2060.2;2;11426072972;B
20241115;101857;2060.2;1;11426072974;B
20241115;101857;2060.4;1;11426072975;B
20241115;101857;2060.4;1;11426072977;B
20241115;101857;2060.4;1;11426072978;B
20241115;101857;2060.4;2;11426072980;B
20241115;101857;2060.4;1;11426072984;B
20241115;101857;2060.4;2;11426072986;B
20241115;101857;2060.4;1;11426072989;B
20241115;101857;2060.4;1;11426072990;B
20241115;101857;2060.4;1;11426072991;B
20241115;101857;2060.4;2;11426072996;B
20241115;101857;2060.4;1;11426072999;B
20241115;101857;2060.4;1;11426073003;B
20241115;101857;2060.4;1;11426073008;B
20241115;101857;2060.4;2;11426073009;B
20241115;101857;2060.4;1;11426073010;B
20241115;101857;2060.4;1;11426073013;B
20241115;101857;2060.4;1;11426073014;B
20241115;101857;2060.4;2;11426073016;B
20241115;101857;2060.4;3;11426073017;B
20241115;101857;2060.4;2;11426073018;B
20241115;101857;2060.4;1;11426073019;B
20241115;101857;2060.4;2;11426073021;B
20241115;101857;2060.4;1;11426073022;B
20241115;101857;2060.4;1;11426073024;B
20241115;101857;2060.4;1;11426073025;B
20241115;101857;2060.4;1;11426073028;B
20241115;101857;2060.4;1;11426073030;B
20241115;101857;2060.4;1;11426073031;B
20241115;101857;2060.4;1;11426073032;B
20241115;101857;2060.6;1;11426073033;B
20241115;101857;2060.6;1;11426073034;B
20241115;101857;2060.6;1;11426073036;B
20241115;101857;2060.6;2;11426073037;B
20241115;101857;2060.6;1;11426073038;B
20241115;101857;2060.6;4;11426073039;B
20241115;101857;2060.8;9;11426073040;B
20241115;101857;2061.2;1;11426073043;B
20241115;101857;2061.2;1;11426073044;B
20241115;101857;2061.2;1;11426073045;B
20241115;101857;2061.2;1;11426073046;B
20241115;101857;2061.2;1;11426073047;B
20241115;101857;2061.2;1;11426073048;B
20241115;101857;2061.4;1;11426073050;B
20241115;101857;2061.4;1;11426073051;B
20241115;101857;2061.4;1;11426073053;B
20241115;101857;2061.4;1;11426073057;B
20241115;101857;2061;1;11426073058;B
20241115;101857;2061;1;11426073060;B
20241115;101857;2061;2;11426073061;B
20241115;101857;2061;2;11426073063;B
20241115;101857;2061;3;11426073064;B
20241115;101857;2061;1;11426073065;B
20241115;101857;2061;1;11426073067;B
20241115;101857;2061;2;11426073068;B
20241115;101857;2061;1;11426073069;B
20241115;101857;2060.8;1;11426073070;B
20241115;101857;2061;1;11426073071;B
20241115;101857;2061;1;11426073072;B
20241115;101857;2061;1;11426073073;B
20241115;101857;2061;1;11426073076;B
20241115;101857;2061;1;11426073078;B
20241115;101857;2061;1;11426073079;B
20241115;101857;2061;1;11426073080;B
20241115;101857;2060.8;1;11426073081;B
20241115;101857;2061;1;11426073083;B
20241115;101857;2061;1;11426073084;B
20241115;101858;2061;1;11426073085;B
20241115;101858;2061;2;11426073086;B
20241115;101858;2061;1;11426073087;B
20241115;101858;2061;1;11426073088;B
20241115;101858;2061;1;11426073090;B
20241115;101858;2061;1;11426073094;B
20241115;101858;2061;1;11426073096;B
20241115;101858;2061;1;11426073099;B
20241115;101858;2061;1;11426073100;B
20241115;101858;2061;1;11426073101;B
20241115;101858;2061;1;11426073112;B
20241115;101858;2061;1;11426073146;B
20241115;101858;2061;1;11426073164;B
20241115;101858;2061;1;11426073169;B
20241115;101858;2061;2;11426073179;B
20241115;101858;2061;1;11426073181;B
20241115;101858;2061;1;11426073213;B
20241115;101858;2061;1;11426073217;B
20241115;101859;2061;1;11426073242;B
20241115;101906;2059.8;7;11426074110;S
20241115;101906;2059.6;5;11426074111;S
20241115;101906;2059.6;7;11426074112;S
20241115;101906;2059.4;3;11426074113;S
20241115;101919;2059.6;1;11426075351;S
20241115;101919;2059.8;5;11426075352;B
20241115;101919;2060;5;11426075353;B
20241115;101919;2059;1;11426075355;S
20241115;101919;2058.8;7;11426075356;S
20241115;101925;2060;13;11426076077;B
20241115;101927;2060;32;11426076240;B
20241115;101927;2060;5;11426076241;B
20241115;101927;2060;1;11426076242;B
20241115;101927;2060.8;3;11426076243;B
20241115;101927;2060.8;20;11426076244;B
20241115;101927;2060.8;30;11426076245;B
20241115;101927;2061;9;11426076246;B
20241115;101932;2060.4;1;11426076977;B
20241115;101932;2060.6;5;11426076978;B
20241115;101939;2060.4;1;11426077595;B
20241115;101939;2060.6;4;11426077596;B
20241115;101947;2059.2;4;11426078243;S
20241115;101955;2060.2;1;11426078994;B
20241115;101955;2060.2;4;11426078995;B
20241115;101955;2060.2;5;11426078996;B
20241115;102008;2059.4;5;11426080217;S
20241115;102017;2059.4;1;11426082000;S
20241115;102017;2059.2;5;11426082001;S
20241115;102021;2059.2;24;11426082722;S
20241115;102021;2059.2;214;11426082723;S
20241115;102021;2059;12;11426082724;S
20241115;102021;2059.8;2;11426082731;B
20241115;102021;2059.8;3;11426082732;B
20241115;102021;2059.8;5;11426082734;B
20241115;102030;2059.2;2;11426087704;B
20241115;102036;2059;1;11426091775;S
20241115;102039;2059;8;11426093547;S
20241115;102040;2059;1;11426094387;S
20241115;102040;2059;1;11426094730;S
20241115;102044;2059.2;1;11426096625;B
20241115;102046;2059;2;11426098015;S
20241115;102046;2059;10;11426098016;S
20241115;102046;2058.8;38;11426098017;S
20241115;102051;2059;25;11426100760;S
20241115;102054;2058.8;50;11426102438;S
20241115;102058;2058.8;5;11426104920;S
20241115;102058;2058.8;13;11426104921;S
20241115;102058;2057.4;2;11426104922;S
20241115;102100;2058.4;5;11426105777;B
20241115;102100;2058.4;3;11426105779;B
20241115;102100;2058.6;1;11426105780;B
20241115;102100;2058.8;1;11426105782;B
20241115;102100;2058.8;4;11426105783;B
20241115;102100;2058.8;5;11426105786;B
20241115;102100;2058.8;5;11426105789;B
20241115;102104;2058.6;1;11426107996;S
20241115;102104;2058.6;25;11426107997;S
20241115;102106;2058.8;3;11426108595;B
20241115;102109;2058.4;98;11426110439;B
20241115;102109;2058.6;15;11426110440;B
20241115;102109;2058.6;15;11426110441;B
20241115;102109;2058.6;2;11426110442;B
20241115;102109;2058.6;2;11426110443;B
20241115;102109;2058.8;68;11426110444;B
20241115;102109;2058.8;1;11426110494;B
20241115;102209;2058.6;4;11426138418;B
20241115;102209;2058.6;1;11426138419;B
20241115;102221;2058.6;1;11426144422;B
20241115;102229;2058.6;3;11426146092;S
20241115;102233;2058.8;2;11426146560;B
20241115;102235;2058.8;1;11426146714;B
20241115;102238;2058.8;7;11426146997;B
20241115;102238;2058.8;3;11426146998;B
20241115;102240;2058.6;3;11426147213;S
20241115;102245;2058.8;3;11426147824;B
20241115;102247;2058.6;1;11426147987;S
20241115;102249;2058.8;25;11426148243;B
20241115;102305;2058.6;3;11426150032;S
20241115;102305;2058.6;4;11426150033;S
20241115;102308;2058.8;1;11426150566;B
20241115;102311;2058.6;3;11426150961;S
20241115;102311;2058.6;1;11426150962;S
20241115;102311;2058.6;1;11426150963;S
20241115;102321;2058.6;1;11426152220;S
20241115;102321;2058.6;9;11426152221;S
20241115;102322;2058.6;6;11426152257;S
20241115;102325;2058.8;1;11426152652;B
20241115;102326;2058.6;10;11426152738;S
20241115;102327;2058.2;5;11426152979;B
20241115;102327;2058.2;5;11426152980;B
20241115;102336;2057.8;13;11426154582;S
20241115;102336;2057.6;1;11426154583;S
20241115;102336;2057.6;1;11426154584;S
20241115;102336;2057.6;2;11426154585;S
20241115;102336;2057.4;1;11426154586;S
20241115;102336;2057.4;1;11426154587;S
20241115;102336;2057.4;1;11426154588;S
20241115;102336;2057.2;100;11426154589;S
20241115;102336;2057.2;20;11426154590;S
20241115;102336;2057;1;11426154591;S
20241115;102336;2057;101;11426154592;S
20241115;102340;2057.8;1;11426155415;B
20241115;102340;2058;1;11426155416;B
20241115;102349;2057.2;8;11426156567;S
20241115;102349;2057;299;11426156568;S
20241115;102349;2057;5;11426156569;S
20241115;102349;2056.8;100;11426156570;S
20241115;102349;2056.4;2;11426156571;S
20241115;102352;2056;3;11426156831;S
20241115;102352;2055.8;1;11426156832;S
20241115;102352;2055.2;48;11426156833;S
20241115;102352;2055;1;11426156834;S
20241115;102352;2055;100;11426156835;S
20241115;102352;2055;1;11426156836;S
20241115;102352;2054.8;30;11426156837;S
20241115;102352;2054.4;2;11426156838;S
20241115;102352;2054.4;2;11426156847;B
20241115;102353;2054.4;1;11426156926;B
20241115;102355;2054.4;5;11426157552;B
20241115;102355;2054.4;5;11426157553;B
20241115;102355;2054.4;5;11426157554;B
20241115;102355;2054.4;5;11426157555;B
20241115;102355;2054.4;5;11426157556;B
20241115;102355;2054.4;5;11426157557;B
20241115;102355;2054.4;5;11426157558;B
20241115;102355;2054.4;5;11426157559;B
20241115;102355;2054.4;5;11426157560;B
20241115;102355;2054.4;5;11426157561;B
20241115;102355;2054.4;5;11426157562;B
20241115;102355;2054.4;5;11426157563;B
20241115;102355;2054.4;1;11426157564;B
20241115;102355;2055.4;5;11426157565;B
20241115;102355;2055.4;4;11426157566;B
20241115;102355;2055.4;5;11426157567;B
20241115;102356;2055.4;16;11426157571;B
20241115;102356;2056;7;11426157572;B
20241115;102400;2054.4;2;11426158218;S
20241115;102400;2054.2;9;11426158219;S
20241115;102400;2053.4;2;11426158220;S
20241115;102400;2053.4;38;11426158221;S
20241115;102400;2053.2;5;11426158222;S
20241115;102400;2053.2;4;11426158223;S
20241115;102400;2053;8;11426158224;S
20241115;102400;2053;20;11426158225;S
20241115;102400;2052.8;5;11426158226;S
20241115;102400;2052.6;7;11426158227;S
20241115;102400;2053;52;11426158228;S
20241115;102400;2052.8;20;11426158229;S
20241115;102400;2052.8;4;11426158230;S
20241115;102400;2052.8;3;11426158231;S
20241115;102400;2054.4;1;11426158233;B
20241115;102400;2054.6;5;11426158234;B
20241115;102400;2054.4;4;11426158235;S
20241115;102400;2054.6;5;11426158236;B
20241115;102400;2054.8;5;11426158237;B
20241115;102400;2054.8;5;11426158238;B
20241115;102402;2054.6;98;11426158866;B
20241115;102407;2054.2;2;11426160008;B
20241115;102408;2055;2;11426160149;B
20241115;102409;2055;1;11426160251;B
20241115;102413;2055;27;11426160749;B
20241115;102413;2055;4;11426160750;B
20241115;102413;2055;1;11426160751;B
20241115;102419;2056;1;11426161689;B
20241115;102423;2054.4;5;11426162427;S
20241115;102423;2054.2;1;11426162428;S
20241115;102423;2054;22;11426162429;S
20241115;102424;2053.8;25;11426162500;S
20241115;102424;2053;2;11426162501;S
20241115;102424;2053;1;11426162502;S
20241115;102424;2052.8;25;11426162503;S
20241115;102427;2055;4;11426163010;B
20241115;102427;2053.2;4;11426163019;S
20241115;102427;2053;5;11426163020;S
20241115;102428;2054.8;31;11426163112;B
20241115;102429;2055.2;1;11426163225;S
20241115;102442;2056.2;1;11426165492;B
20241115;102446;2055;20;11426166069;S
20241115;102506;2056.4;4;11426169130;B
20241115;102520;2056.8;3;11426171119;B
20241115;102529;2055.6;5;11426171955;S
20241115;102529;2055.4;31;11426171956;S
20241115;102529;2055.2;98;11426171957;S
20241115;102529;2055.2;5;11426171958;S
20241115;102529;2055.2;1;11426171959;S
20241115;102529;2055.2;5;11426171960;S
20241115;102529;2055;25;11426171961;S
20241115;102529;2055;100;11426171962;S
20241115;102529;2055;2;11426171963;S
20241115;102532;2055;1;11426172448;B
20241115;102533;2055;1;11426172525;B
20241115;102538;2054.8;7;11426173194;S
20241115;102538;2054.8;1;11426173195;S
20241115;102538;2054.8;10;11426173196;S
20241115;102538;2054.8;20;11426173197;S
20241115;102538;2054.4;10;11426173198;S
20241115;102538;2054.4;5;11426173199;S
20241115;102538;2054.2;5;11426173200;S
20241115;102538;2054;10;11426173201;S
20241115;102538;2053.8;20;11426173202;S
20241115;102541;2053.8;2;11426173481;S
20241115;102542;2053.8;2;11426173529;S
20241115;102543;2053.8;1;11426173587;S
20241115;102543;2053.6;1;11426173588;S
20241115;102543;2053.6;2;11426173629;S
20241115;102544;2053.8;2;11426173653;S
20241115;102544;2053.8;2;11426173673;S
20241115;102545;2053.8;2;11426173728;S
20241115;102545;2053.8;2;11426173785;S
20241115;102546;2053.8;2;11426173813;S
20241115;102546;2053.8;2;11426173832;S
20241115;102546;2053.8;2;11426173877;S
20241115;102547;2053.8;2;11426173974;S
20241115;102547;2054;10;11426173975;B
20241115;102547;2053.8;2;11426174031;S
20241115;102548;2053.8;2;11426174055;S
20241115;102548;2053.8;2;11426174084;S
20241115;102549;2053.8;2;11426174262;S
20241115;102549;2053.8;1;11426174320;S
20241115;102549;2053.6;1;11426174321;S
20241115;102549;2053.6;2;11426174361;S
20241115;102549;2053.8;20;11426174362;S
20241115;102550;2054;1;11426174373;B
20241115;102550;2053.8;2;11426174406;S
20241115;102550;2053.8;2;11426174425;S
20241115;102551;2053.8;2;11426174487;S
20241115;102551;2053.8;2;11426174557;S
20241115;102552;2053.8;2;11426174610;S
20241115;102552;2053.8;2;11426174687;S
20241115;102552;2053.8;2;11426174710;S
20241115;102553;2053.8;2;11426174809;S
20241115;102553;2053.8;2;11426174828;S
20241115;102554;2053.8;2;11426174859;S
20241115;102554;2053.8;2;11426174889;S
20241115;102555;2053.8;2;11426174979;S
20241115;102555;2053.8;1;11426175024;S
20241115;102555;2053.6;1;11426175025;S
20241115;102556;2053.8;2;11426175116;S
20241115;102556;2053.8;2;11426175146;S
20241115;102556;2054;1;11426175152;B
20241115;102556;2053.8;2;11426175171;S
20241115;102557;2053.8;2;11426175289;S
20241115;102557;2053.8;2;11426175401;S
20241115;102558;2053.8;2;11426175472;S
20241115;102558;2053.8;2;11426175503;S
20241115;102559;2053.8;2;11426175566;S
20241115;102559;2053.8;2;11426175656;S
20241115;102559;2053.8;2;11426175752;S
20241115;102559;2053.8;5;11426175775;S
20241115;102559;2053.8;1;11426175776;S
20241115;102559;2053.6;3;11426175777;S
20241115;102559;2052.8;1;11426175778;S
20241115;102559;2052.8;13;11426175779;S
20241115;102559;2052.6;98;11426175780;S
20241115;102559;2052.4;1;11426175781;S
20241115;102559;2052.4;2;11426175782;S
20241115;102559;2052.4;50;11426175783;S
20241115;102559;2052.2;1;11426175784;S
20241115;102559;2052.2;50;11426175785;S
20241115;102559;2052.2;50;11426175786;S
20241115;102559;2052.2;1;11426175787;S
20241115;102559;2052.2;1;11426175788;S
20241115;102559;2052.2;2;11426175789;S
20241115;102559;2052;1649;11426175790;S
20241115;102559;2052;529;11426175791;S
20241115;102559;2052;7;11426175792;S
20241115;102559;2052;50;11426175793;S
20241115;102559;2052;100;11426175794;S
20241115;102559;2052;200;11426175795;S
20241115;102559;2051.4;8;11426175796;S
20241115;102559;2051.4;1;11426175797;S
20241115;102559;2051.4;2;11426175798;S
20241115;102559;2051.2;3;11426175799;S
20241115;102559;2051.2;1;11426175800;S
20241115;102559;2051.2;20;11426175801;S
20241115;102559;2051;1;11426175802;S
20241115;102559;2051;1;11426175803;S
20241115;102559;2051;5;11426175804;S
20241115;102559;2051;10;11426175805;S
20241115;102559;2051;5;11426175806;S
20241115;102559;2051;5;11426175807;S
20241115;102559;2051;40;11426175808;S
20241115;102559;2051;5;11426175809;S
20241115;102559;2051;2;11426175810;S
20241115;102559;2051;10;11426175811;S
20241115;102559;2051;1;11426175812;S
20241115;102559;2051;1;11426175813;S
20241115;102559;2051;1;11426175814;S
20241115;102559;2051;1;11426175815;S
20241115;102559;2051;5;11426175816;S
20241115;102559;2050.8;1;11426175817;S
20241115;102559;2050.8;1;11426175818;S
20241115;102559;2050.6;8;11426175819;S
20241115;102559;2050.6;3;11426175820;S
20241115;102559;2050.4;10;11426175821;S
20241115;102559;2050.4;35;11426175822;S
20241115;102559;2053.4;5;11426175823;S
20241115;102559;2052.8;7;11426175824;S
20241115;102559;2052.8;3;11426175825;B
20241115;102559;2053.4;2;11426175826;S
20241115;102559;2053.6;5;11426175827;B
20241115;102559;2053.6;5;11426175828;B
20241115;102600;2053.4;1;11426175834;S
20241115;102600;2053.4;4;11426175842;S
20241115;102600;2053.4;8;11426175843;S
20241115;102600;2053.4;2;11426175846;S
20241115;102600;2053.4;2;11426175870;S
20241115;102601;2053.4;2;11426175991;S
20241115;102601;2053.4;2;11426176108;S
20241115;102602;2053.4;2;11426176231;S
20241115;102602;2053.4;2;11426176323;S
20241115;102603;2052;2;11426176448;S
20241115;102603;2052;2;11426176604;S
20241115;102604;2052;2;11426176704;S
20241115;102604;2052;2;11426176762;S
20241115;102605;2052;2;11426176868;S
20241115;102605;2052;2;11426176962;S
20241115;102606;2052;2;11426177024;S
20241115;102606;2052;2;11426177081;S
20241115;102607;2052;2;11426177201;S
20241115;102607;2052;2;11426177275;S
20241115;102608;2052;2;11426177332;S
20241115;102608;2052;2;11426177395;S
20241115;102609;2052;1;11426177516;S
20241115;102609;2051.6;1;11426177517;S
20241115;102609;2051.8;2;11426177609;S
20241115;102610;2051.8;2;11426177641;S
20241115;102610;2051.8;2;11426177722;S
20241115;102610;2051.8;2;11426177834;S
20241115;102611;2051.8;2;11426178007;S
20241115;102612;2051.8;2;11426178067;S
20241115;102612;2051.8;13;11426178068;S
20241115;102612;2051.6;1;11426178069;S
20241115;102612;2050.6;1;11426178070;S
20241115;102613;2051.4;2;11426178482;B
20241115;102613;2051.4;2;11426178483;B
20241115;102613;2051.4;1;11426178484;B
20241115;102617;2051.4;1;11426179247;B
20241115;102617;2051;17;11426179306;S
20241115;102617;2051.4;1;11426179314;B
20241115;102624;2051;9;11426182554;S
20241115;102624;2051;10;11426182555;B
20241115;102624;2051;5;11426182556;B
20241115;102624;2051;10;11426182557;B
20241115;102624;2051;5;11426182558;B
20241115;102624;2051;10;11426182559;B
20241115;102624;2051;5;11426182560;B
20241115;102624;2051;5;11426182561;B
20241115;102624;2051;5;11426182562;B
20241115;102624;2051;5;11426182563;B
20241115;102624;2051;5;11426182565;B
20241115;102624;2051;5;11426182566;B
20241115;102624;2051;5;11426182567;B
20241115;102624;2051;5;11426182568;B
20241115;102624;2051;5;11426182569;B
20241115;102624;2051;5;11426182570;B
20241115;102624;2051;1;11426182894;B
20241115;102629;2051;5;11426184777;S
20241115;102629;2051.4;1;11426184835;B
20241115;102629;2051.4;10;11426184934;S
20241115;102631;2051.4;40;11426185670;S
20241115;102632;2051.4;11;11426186462;S
20241115;102643;2051.4;10;11426189827;S
20241115;102646;2052.6;1;11426190677;B
20241115;102646;2051.4;3;11426190801;S
20241115;102646;2051.4;20;11426190802;S
20241115;102646;2051.4;1;11426190803;S
20241115;102646;2052.4;70;11426190806;B
20241115;102646;2052.6;49;11426190808;B
20241115;102646;2052.6;4;11426190809;B
20241115;102651;2052.2;1;11426192297;S
20241115;102651;2052;3;11426192298;S
20241115;102651;2051.8;2;11426192299;S
20241115;102658;2052.6;50;11426193344;B
20241115;102658;2053.4;1;11426193345;B
20241115;102659;2053.4;16;11426193432;S
20241115;102659;2053;1;11426193433;S
20241115;102659;2053.2;10;11426193497;S
20241115;102701;2053.6;1;11426193853;B
20241115;102702;2053.2;5;11426194020;S
20241115;102703;2053.2;3;11426194134;S
20241115;102703;2051.8;1;11426194135;S
20241115;102703;2051.8;5;11426194136;S
20241115;102703;2051.6;20;11426194137;S
20241115;102703;2051.6;5;11426194138;S
20241115;102703;2051.4;129;11426194139;S
20241115;102703;2051.4;2;11426194140;S
20241115;102703;2051;5;11426194141;S
20241115;102703;2051.2;5;11426194142;B
20241115;102703;2051.4;65;11426194143;B
20241115;102703;2051.4;70;11426194145;B
20241115;102703;2051.4;20;11426194146;B
20241115;102706;2050.6;1;11426194634;S
20241115;102706;2051.4;25;11426194705;B
20241115;102706;2051.4;25;11426194708;B
20241115;102706;2051.4;20;11426194709;B
20241115;102706;2051.4;25;11426194710;B
20241115;102706;2051.4;25;11426194711;B
20241115;102706;2051.4;20;11426194712;B
20241115;102706;2051.4;25;11426194713;B
20241115;102706;2051.4;2;11426194714;B
20241115;102706;2052.6;20;11426194715;B
20241115;102715;2052.6;3;11426196078;S
20241115;102715;2052.6;20;11426196079;S
20241115;102715;2052.6;8;11426196080;S
20241115;102717;2051.6;8;11426196286;S
20241115;102717;2051.6;6;11426196287;S
20241115;102717;2051.4;1;11426196288;S
20241115;102718;2051.4;44;11426196393;B
20241115;102718;2051.4;15;11426196459;B
20241115;102723;2051.4;111;11426197349;B
20241115;102723;2051.4;9;11426197350;B
20241115;102731;2051.4;1;11426198924;S
20241115;102731;2050.8;6;11426198925;S
20241115;102731;2050.6;1;11426198926;S
20241115;102731;2050.6;1;11426198927;S
20241115;102731;2050.6;6;11426198928;S
20241115;102731;2050.4;1;11426198929;S
20241115;102731;2050.4;1;11426198930;S
20241115;102731;2050.4;98;11426198931;S
20241115;102731;2050.4;97;11426198932;S
20241115;102731;2050.4;4;11426198933;S
20241115;102731;2050.2;1;11426198934;S
20241115;102731;2050.2;5;11426198935;S
20241115;102731;2050.2;10;11426198936;S
20241115;102731;2050.2;10;11426198937;S
20241115;102731;2050.2;1;11426198938;S
20241115;102731;2050.2;8;11426198939;S
20241115;102731;2050;20;11426198940;S
20241115;102731;2050;1;11426198941;S
20241115;102731;2050;10;11426198942;S
20241115;102731;2050;10;11426198943;S
20241115;102731;2050;1;11426198944;S
20241115;102731;2050;51;11426198945;S
20241115;102732;2050;24;11426199025;S
20241115;102732;2050;1;11426199026;S
20241115;102732;2050;1;11426199027;S
20241115;102732;2050;20;11426199028;S
20241115;102732;2050;20;11426199029;S
20241115;102732;2050;5;11426199030;S
20241115;102732;2050;6;11426199031;S
20241115;102732;2050;5;11426199032;S
20241115;102732;2050;1;11426199033;S
20241115;102732;2050;2;11426199034;S
20241115;102732;2050;3;11426199035;S
20241115;102732;2050;1;11426199036;S
20241115;102732;2050;20;11426199037;S
20241115;102732;2050;1;11426199038;S
20241115;102732;2050;10;11426199039;S
20241115;102732;2050;5;11426199040;S
20241115;102732;2050;60;11426199041;S
20241115;102732;2050;2;11426199042;S
20241115;102732;2050;1;11426199043;S
20241115;102732;2050;8;11426199044;S
20241115;102732;2049.6;2;11426199045;S
20241115;102732;2049.6;7;11426199046;S
20241115;102732;2049;1;11426199047;S
20241115;102732;2048.8;4;11426199048;S
20241115;102732;2048.6;2;11426199049;S
20241115;102732;2048.6;1;11426199050;S
20241115;102732;2048.4;5;11426199051;S
20241115;102732;2048.4;1;11426199052;S
20241115;102732;2048.4;1;11426199053;S
20241115;102732;2048.4;20;11426199054;S
20241115;102732;2048.2;4;11426199055;S
20241115;102732;2048.2;1;11426199056;S
20241115;102732;2048.2;25;11426199057;S
20241115;102732;2048;3;11426199058;S
20241115;102732;2048;1;11426199059;S
20241115;102732;2048;5;11426199060;S
20241115;102732;2048;10;11426199061;S
20241115;102732;2048;1;11426199062;S
20241115;102732;2048;1;11426199063;S
20241115;102732;2048;1;11426199064;S
20241115;102732;2048;5;11426199065;S
20241115;102732;2048;30;11426199066;S
20241115;102732;2047.8;18;11426199067;S
20241115;102732;2050.2;5;11426199069;B
20241115;102732;2049.8;5;11426199070;B
20241115;102732;2049.8;5;11426199071;B
20241115;102732;2050;5;11426199072;B
20241115;102732;2050;5;11426199073;B
20241115;102732;2047.4;2;11426199091;S
20241115;102732;2047.4;1;11426199092;S
20241115;102732;2047;1;11426199093;S
20241115;102732;2046.8;20;11426199094;S
20241115;102732;2046.6;4;11426199095;S
20241115;102732;2046.4;2;11426199096;S
20241115;102732;2046.4;8;11426199114;S
20241115;102732;2046.2;2;11426199115;S
20241115;102732;2046.2;1;11426199116;S
20241115;102732;2046;38;11426199117;S
20241115;102732;2046;3;11426199118;S
20241115;102732;2046;1;11426199119;S
20241115;102732;2046;20;11426199120;S
20241115;102732;2046;1;11426199121;S
20241115;102732;2046;4;11426199122;S
20241115;102732;2048.6;5;11426199123;B
20241115;102732;2048.6;5;11426199124;B
20241115;102732;2048.4;5;11426199125;B
20241115;102732;2048.6;5;11426199126;B
20241115;102735;2047.2;5;11426199485;S
20241115;102735;2047;5;11426199486;S
20241115;102736;2046.8;1;11426199779;S
20241115;102737;2048.6;20;11426199800;B
20241115;102737;2048.8;20;11426199801;B
20241115;102737;2049.2;2;11426199844;B
20241115;102739;2047.2;5;11426200120;S
20241115;102739;2047;10;11426200121;S
20241115;102739;2046.8;7;11426200122;S
20241115;102739;2046.8;98;11426200123;S
20241115;102739;2046.6;2;11426200124;S
20241115;102739;2046.6;30;11426200125;S
20241115;102739;2046.4;10;11426200126;S
20241115;102739;2046.4;8;11426200127;S
20241115;102739;2046.2;20;11426200128;S
20241115;102739;2046;10;11426200129;S
20241115;102739;2047.4;5;11426200240;S
20241115;102740;2048.2;8;11426200316;B
20241115;102740;2048.6;12;11426200317;B
20241115;102741;2047.4;1;11426200551;S
20241115;102741;2047;9;11426200552;S
20241115;102741;2046.6;10;11426200553;S
20241115;102741;2046.2;8;11426200554;S
20241115;102741;2046;6;11426200555;S
20241115;102741;2045.6;20;11426200556;S
20241115;102741;2045.4;30;11426200557;S
20241115;102741;2045.2;1;11426200558;S
20241115;102741;2045.2;5;11426200559;S
20241115;102741;2045.2;1;11426200560;S
20241115;102741;2045.2;2;11426200561;S
20241115;102741;2045.2;1;11426200562;S
20241115;102741;2045.2;13;11426200563;S
20241115;102742;2047.2;10;11426200701;S
20241115;102742;2047.4;6;11426200702;B
20241115;102744;2047.2;4;11426200984;S
20241115;102744;2046.8;10;11426200985;S
20241115;102744;2046.4;10;11426200986;S
20241115;102744;2046.4;10;11426200987;S
20241115;102744;2046;4;11426200988;S
20241115;102744;2045.6;6;11426200989;S
20241115;102744;2045.6;25;11426200990;S
20241115;102744;2045.2;37;11426200991;S
20241115;102744;2045.2;98;11426200992;S
20241115;102744;2045;1;11426200993;S
20241115;102744;2045;1;11426200994;S
20241115;102744;2045;1;11426200995;S
20241115;102744;2045;10;11426200996;S
20241115;102744;2045;1;11426200997;S
20241115;102744;2045;1;11426200998;S
20241115;102744;2045;7;11426200999;S
20241115;102745;2046.4;1;11426201023;S
20241115;102745;2046.4;5;11426201038;S
20241115;102745;2046.4;1;11426201039;S
20241115;102745;2046;10;11426201040;S
20241115;102745;2045.6;4;11426201041;S
20241115;102745;2045.6;6;11426201058;S
20241115;102745;2045.6;10;11426201059;S
20241115;102745;2045;84;11426201060;S
20241115;102748;2045;14;11426201577;S
20241115;102750;2046.2;1;11426201982;B
20241115;102751;2046.2;1;11426202077;B
20241115;102751;2046.4;4;11426202078;B
20241115;102752;2046.6;8;11426202248;B
20241115;102752;2047.2;9;11426202249;B
20241115;102752;2046.8;31;11426202359;B
20241115;102753;2045.2;31;11426202373;S
20241115;102753;2045;69;11426202374;S
20241115;102753;2046.4;10;11426202455;S
20241115;102756;2046.4;10;11426202889;B
20241115;102800;2047.2;10;11426203563;B
20241115;102804;2047;10;11426204003;S
20241115;102804;2046.4;10;11426204030;B
20241115;102811;2046.4;5;11426204881;B
20241115;102811;2046.8;1;11426204882;B
20241115;102813;2046.8;9;11426205173;B
20241115;102816;2046.8;1;11426205311;S
20241115;102816;2045.4;6;11426205312;S
20241115;102820;2046.4;3;11426205801;B
20241115;102822;2045.2;8;11426205949;S
20241115;102822;2045.2;2;11426205950;S
20241115;102823;2045.4;1;11426205985;B
20241115;102824;2045.2;8;11426206153;S
20241115;102827;2046.2;2;11426206819;B
20241115;102828;2045.2;98;11426206896;S
20241115;102828;2045;49;11426206897;S
20241115;102833;2046.2;1;11426207516;B
20241115;102833;2046.2;4;11426207534;B
20241115;102834;2046.2;1;11426207631;B
20241115;102834;2046.2;9;11426207684;S
20241115;102834;2045.4;13;11426207685;S
20241115;102834;2045.2;5;11426207686;S
20241115;102834;2045.2;10;11426207687;S
20241115;102834;2045.2;13;11426207688;S
20241115;102834;2045;77;11426207689;S
20241115;102834;2045;30;11426207690;S
20241115;102834;2045;1;11426207691;S
20241115;102834;2045;5;11426207692;S
20241115;102834;2045;2;11426207693;S
20241115;102834;2045;2;11426207694;S
20241115;102834;2045;1;11426207695;S
20241115;102834;2045;1;11426207696;S
20241115;102834;2045;3;11426207697;S
20241115;102834;2045;9;11426207698;S
20241115;102834;2045;50;11426207699;S
20241115;102834;2045;50;11426207700;S
20241115;102834;2045;1;11426207701;S
20241115;102834;2045;2;11426207702;S
20241115;102834;2045;1;11426207703;S
20241115;102834;2045;1;11426207704;S
20241115;102834;2045;1;11426207705;S
20241115;102834;2045;2;11426207706;S
20241115;102834;2045;120;11426207707;S
20241115;102834;2045;50;11426207708;S
20241115;102834;2045;2;11426207709;S
20241115;102834;2045;5;11426207710;S
20241115;102834;2045;5;11426207711;S
20241115;102834;2045;20;11426207712;S
20241115;102835;2044.6;1;11426207858;S
20241115;102835;2045;2;11426207878;B
20241115;102835;2044.4;3;11426207879;S
20241115;102835;2044.4;2;11426207880;S
20241115;102835;2044.2;1;11426207889;S
20241115;102835;2044;1;11426207890;S
20241115;102835;2044;1;11426207891;S
20241115;102835;2044;1;11426207892;S
20241115;102835;2044;30;11426207893;S
20241115;102835;2043.8;1;11426207904;S
20241115;102835;2043.6;1;11426207905;S
20241115;102835;2043.2;1;11426207906;S
20241115;102835;2043.2;4;11426207907;S
20241115;102835;2043.2;3;11426207908;S
20241115;102835;2044.2;2;11426207909;B
20241115;102836;2043.2;7;11426207961;S
20241115;102836;2043.2;2;11426207962;S
20241115;102836;2043.2;41;11426207963;S
20241115;102836;2043.6;20;11426207979;B
20241115;102836;2043.2;100;11426207986;S
20241115;102836;2043.6;10;11426208052;B
20241115;102836;2043.6;5;11426208053;S
20241115;102836;2043.6;4;11426208114;S
20241115;102836;2044;2;11426208116;B
20241115;102837;2043.6;11;11426208133;S
20241115;102837;2043.4;8;11426208134;S
20241115;102837;2043.2;9;11426208135;S
20241115;102837;2043;1;11426208136;S
20241115;102837;2043;5;11426208137;S
20241115;102837;2043;8;11426208138;S
20241115;102837;2042.4;50;11426208139;S
20241115;102837;2042.2;68;11426208140;S
20241115;102837;2042;1;11426208147;S
20241115;102837;2042;13;11426208148;S
20241115;102837;2042;80;11426208159;S
20241115;102837;2043.8;8;11426208193;B
20241115;102837;2043.8;17;11426208194;B
20241115;102837;2043.8;3;11426208201;B
20241115;102841;2044;1;11426208639;B
20241115;102842;2044.8;1;11426208849;B
20241115;102846;2043.6;1;11426209523;S
20241115;102847;2043.6;3;11426209738;B
20241115;102847;2044.6;1;11426209753;S
20241115;102850;2044.8;12;11426210066;B
20241115;102850;2044.8;1;11426210138;S
20241115;102853;2044.8;6;11426210815;S
20241115;102856;2045;5;11426211156;B
20241115;102859;2044.8;4;11426211623;S
20241115;102901;2045;2;11426211939;B
20241115;102901;2045;10;11426211940;B
20241115;102901;2045;8;11426211941;B
20241115;102905;2045;32;11426212868;B
20241115;102905;2045;20;11426212925;B
20241115;102906;2045;10;11426213174;B
20241115;102909;2044.8;2;11426213452;S
20241115;102909;2044.8;20;11426213453;S
20241115;102910;2044.6;15;11426213604;S
20241115;102914;2044.6;2;11426214312;B
20241115;102915;2044.6;10;11426214322;B
20241115;102916;2044.4;8;11426214465;S
20241115;102919;2044.4;125;11426215056;S
20241115;102921;2044.4;100;11426215327;S
20241115;102921;2044.4;1;11426215332;S
20241115;102922;2044.4;4;11426215519;S
20241115;102923;2044.6;6;11426215580;B
20241115;102925;2044.6;7;11426215793;B
20241115;102929;2044.6;12;11426216414;B
20241115;102929;2044.4;10;11426216452;S
20241115;102932;2044.6;19;11426216673;B
20241115;102932;2044.6;4;11426216674;B
20241115;102932;2044.6;1;11426216675;B
20241115;102932;2044.6;1;11426216676;B
20241115;102932;2044.6;1;11426216695;B
20241115;102933;2044.4;125;11426216730;S
20241115;102933;2044.4;1;11426216766;S
20241115;102935;2044.4;4;11426216860;S
20241115;102935;2044.6;1;11426216894;B
20241115;102939;2044.4;100;11426217184;S
20241115;102939;2044.4;19;11426217185;S
20241115;102939;2044.4;5;11426217186;S
20241115;102939;2044.4;1;11426217187;S
20241115;102941;2044.2;1;11426217327;S
20241115;102941;2044.2;1;11426217355;S
20241115;102942;2044.4;1;11426217426;B
20241115;102944;2044.4;19;11426217791;B
20241115;102944;2044.4;8;11426217792;B
20241115;102944;2044.4;27;11426217793;B
20241115;102944;2044.6;36;11426217794;B
20241115;102945;2044.2;2;11426217901;S
20241115;102945;2044;5;11426217902;S
20241115;102945;2044;10;11426217903;S
20241115;102945;2043.6;5;11426217904;S
20241115;102945;2043.2;1;11426217905;S
20241115;102945;2043.2;42;11426217906;S
20241115;102945;2043;5;11426217907;S
20241115;102945;2043;26;11426217908;S
20241115;102945;2042.8;5;11426217909;S
20241115;102945;2042.6;26;11426217910;S
20241115;102945;2042.4;5;11426217911;S
20241115;102945;2042.4;25;11426217912;S
20241115;102945;2042.4;5;11426217913;S
20241115;102945;2042.2;8;11426217914;S
20241115;102945;2042.2;20;11426217915;S
20241115;102945;2042;11;11426217916;S
20241115;102946;2042.2;21;11426217959;S
20241115;102946;2042.4;3;11426217960;B
20241115;102946;2042.2;10;11426217961;S
20241115;102947;2042;6;11426218039;S
20241115;102947;2042.2;5;11426218040;S
20241115;102947;2042.2;3;11426218053;S
20241115;102948;2042.2;1;11426218253;S
20241115;102948;2043.4;10;11426218282;B
20241115;102950;2043.8;1;11426218400;B
20241115;102950;2043.6;1;11426218405;B
20241115;102953;2042.2;1;11426218787;S
20241115;102953;2042.2;1;11426218788;S
20241115;102953;2042.2;8;11426218789;S
20241115;102953;2042;40;11426218790;S
20241115;102958;2042.2;1;11426219326;S
20241115;102958;2042;50;11426219327;S
20241115;102958;2042;3;11426219328;S
20241115;102958;2042;15;11426219329;S
20241115;102958;2042;31;11426219330;S
20241115;102958;2042;3;11426219390;S
20241115;103000;2042;6;11426219546;S
20241115;103000;2042;1;11426219547;S
20241115;103000;2042;5;11426219548;S
20241115;103000;2042;18;11426219549;S
20241115;103002;2042.4;1;11426219758;S
20241115;103002;2042;14;11426219776;S
20241115;103002;2041.6;2;11426219777;S
20241115;103002;2041.6;5;11426219778;S
20241115;103002;2041.4;127;11426219779;S
20241115;103002;2042.2;1;11426219850;B
20241115;103003;2041.4;30;11426219921;S
20241115;103003;2042.2;1;11426219940;B
20241115;103006;2042;1;11426220379;B
20241115;103006;2042;6;11426220380;B
20241115;103007;2042;2;11426220514;B
20241115;103007;2042;1;11426220515;B
20241115;103007;2042;1;11426220516;B
20241115;103009;2042;6;11426220937;S
20241115;103010;2041.8;1;11426221253;S
20241115;103010;2041.6;5;11426221254;S
20241115;103010;2041.6;5;11426221255;S
20241115;103010;2041.4;39;11426221256;S
20241115;103010;2041.8;3;11426221260;B
20241115;103012;2041.8;1;11426221641;B
20241115;103012;2041.8;1;11426221778;B
20241115;103013;2041.6;3;11426221955;S
20241115;103019;2041.4;69;11426223140;S
20241115;103019;2041.4;22;11426223141;S
20241115;103019;2041.2;5;11426223142;S
20241115;103019;2041;7;11426223143;S
20241115;103019;2041;1;11426223144;S
20241115;103019;2041;46;11426223145;S
20241115;103020;2041.6;1;11426223182;B
20241115;103020;2041.6;8;11426223183;B
20241115;103020;2041.6;1;11426223184;B
20241115;103020;2041.6;8;11426223185;B
20241115;103020;2041.8;98;11426223186;B
20241115;103020;2042;134;11426223187;B
20241115;103023;2041.2;1;11426223770;B
20241115;103025;2041.2;1;11426224042;B
20241115;103025;2042;19;11426224043;B
20241115;103025;2042;17;11426224044;B
20241115;103025;2041.4;1;11426224057;S
20241115;103026;2041.4;1;11426224175;B
20241115;103027;2041.4;1;11426224330;B
20241115;103028;2041.4;1;11426224477;B
20241115;103028;2042;3;11426224591;B
20241115;103028;2041.2;1;11426224593;S
20241115;103028;2042;1;11426224595;B
20241115;103029;2042;25;11426224653;B
20241115;103029;2041.8;5;11426224667;S
20241115;103029;2042;1;11426224668;B
20241115;103029;2042;25;11426224678;B
20241115;103030;2042;25;11426224721;B
20241115;103031;2041.8;1;11426224985;S
20241115;103031;2041.8;10;11426224986;S
20241115;103031;2041.6;5;11426224987;S
20241115;103031;2041.2;5;11426224988;S
20241115;103031;2041.2;1;11426224989;S
20241115;103031;2041.2;3;11426224990;S
20241115;103031;2042;6;11426224991;B
20241115;103031;2042;1;11426224992;B
20241115;103032;2042;1;11426225141;B
20241115;103035;2041.8;2;11426225629;S
20241115;103036;2042;1;11426225633;B
20241115;103037;2041.8;4;11426225814;S
20241115;103037;2041.8;10;11426225835;S
20241115;103037;2041.6;38;11426225836;S
20241115;103037;2041.4;2;11426225837;S
20241115;103037;2042;1;11426225838;B
20241115;103037;2042;1;11426225855;B
20241115;103038;2042;10;11426226104;B
20241115;103038;2041.8;5;11426226110;S
20241115;103039;2041.8;1;11426226253;S
20241115;103041;2041.8;1;11426226688;B
20241115;103042;2041.8;8;11426226725;B
20241115;103043;2041.4;3;11426226925;S
20241115;103044;2041.4;1;11426227114;S
20241115;103047;2041.4;2;11426227438;S
20241115;103048;2041.4;92;11426227577;S
20241115;103048;2041.4;8;11426227578;S
20241115;103048;2041.4;4;11426227631;S
20241115;103048;2041.4;1;11426227685;S
20241115;103049;2041.4;5;11426227807;S
20241115;103049;2041.4;1;11426227812;S
20241115;103050;2041.4;1;11426227911;S
20241115;103050;2041.4;1;11426227980;S
20241115;103050;2041.8;11;11426228013;B
20241115;103052;2041.8;10;11426228201;S
20241115;103052;2042;1;11426228227;B
20241115;103055;2042;50;11426229234;B
20241115;103057;2041.8;50;11426229576;S
20241115;103058;2042;170;11426229697;B
20241115;103058;2042;1;11426229739;B
20241115;103059;2042;25;11426229810;B
20241115;103059;2042;50;11426229826;B
20241115;103059;2042;226;11426229868;B
20241115;103059;2042;20;11426229869;B
20241115;103059;2042;4;11426229870;B
20241115;103059;2042;6;11426229871;B
20241115;103059;2042.2;1;11426229894;B
20241115;103100;2042.6;4;11426229938;S
20241115;103100;2044.4;4;11426229941;B
20241115;103100;2043;8;11426229959;S
20241115;103100;2042.6;1;11426229960;S
20241115;103100;2042.6;4;11426229961;S
20241115;103100;2042.6;5;11426229962;S
20241115;103100;2042.4;2;11426229963;S
20241115;103101;2044.6;4;11426230113;B
20241115;103104;2044.6;30;11426230510;B
20241115;103104;2044.4;1;11426230523;S
20241115;103104;2044.4;7;11426230563;S
20241115;103106;2044.6;10;11426230838;B
20241115;103108;2043.4;5;11426231113;S
20241115;103108;2043.4;45;11426231114;S
20241115;103111;2044;1;11426231520;B
20241115;103111;2044.2;5;11426231521;B
20241115;103111;2044.4;2;11426231522;B
20241115;103111;2044.4;5;11426231523;B
20241115;103111;2044.6;37;11426231524;B
20241115;103113;2043.6;4;11426231835;S
20241115;103117;2043.6;1;11426232554;S
20241115;103118;2043.4;1;11426232841;S
20241115;103118;2043.2;4;11426232842;S
20241115;103118;2043;2;11426232844;S
20241115;103118;2043;1;11426232845;S
20241115;103118;2043.2;1;11426232848;B
20241115;103118;2043;2;11426232849;S
20241115;103119;2043.2;20;11426232965;B
20241115;103121;2042.4;10;11426233430;S
20241115;103122;2042;1;11426233627;S
20241115;103123;2042.4;2;11426233779;B
20241115;103124;2042;4;11426233823;S
20241115;103124;2042;10;11426233824;S
20241115;103124;2041.8;29;11426233825;S
20241115;103124;2041.4;7;11426233826;S
20241115;103129;2042.2;1;11426234987;B
20241115;103129;2042.2;2;11426234988;B
20241115;103129;2042.2;1;11426234989;B
20241115;103131;2042.2;1;11426235180;B
20241115;103136;2041.6;11;11426236184;S
20241115;103136;2041.6;1;11426236185;S
20241115;103136;2041.4;13;11426236186;S
20241115;103136;2041.4;25;11426236187;S
20241115;103140;2041.8;4;11426237032;S
20241115;103142;2042;1;11426237473;S
20241115;103142;2041.8;4;11426237474;S
20241115;103142;2042.4;12;11426237503;B
20241115;103144;2042.4;11;11426237814;B
20241115;103144;2042.4;25;11426237815;B
20241115;103144;2042.6;5;11426237816;B
20241115;103144;2042.8;2;11426237817;B
20241115;103144;2042.8;2;11426237818;B
20241115;103144;2042.8;4;11426237819;B
20241115;103144;2042.8;1;11426237820;B
20241115;103144;2043;20;11426237821;B
20241115;103144;2043;5;11426237822;B
20241115;103144;2043;55;11426237823;B
20241115;103144;2043.2;10;11426237824;B
20241115;103150;2043;1;11426238898;B
20241115;103152;2043.4;10;11426239222;B
20241115;103153;2043.6;14;11426239378;B
20241115;103154;2043;2;11426239495;S
20241115;103154;2043;2;11426239496;S
20241115;103154;2043.6;1;11426239506;B
20241115;103154;2043;10;11426239547;S
20241115;103155;2043.4;9;11426239793;B
20241115;103200;2042.8;5;11426240495;S
20241115;103203;2043.4;1;11426240998;B
20241115;103205;2043.4;5;11426241203;B
20241115;103205;2043.4;125;11426241204;B
20241115;103205;2043.6;2001;11426241205;B
20241115;103205;2043.6;1984;11426241207;B
20241115;103205;2043.6;50;11426241208;B
20241115;103205;2043.8;4;11426241229;S
20241115;103205;2044.6;8;11426241231;B
20241115;103206;2044.6;11;11426241247;B
20241115;103206;2044.8;4;11426241248;B
20241115;103206;2045;10;11426241249;B
20241115;103206;2044.8;25;11426241282;B
20241115;103207;2045;10;11426241486;B
20241115;103207;2045;50;11426241487;B
20241115;103207;2045;25;11426241488;B
20241115;103207;2045;50;11426241489;B
20241115;103207;2045;15;11426241490;B
20241115;103207;2045;25;11426241500;B
20241115;103207;2045;98;11426241542;S
20241115;103207;2044.8;36;11426241543;S
20241115;103207;2044.6;8;11426241544;S
20241115;103207;2044.2;30;11426241545;S
20241115;103207;2044.2;20;11426241546;S
20241115;103207;2044;1;11426241547;S
20241115;103207;2044;30;11426241548;S
20241115;103207;2043.2;10;11426241549;S
20241115;103207;2043.2;17;11426241550;S
20241115;103209;2046;1;11426241915;B
20241115;103210;2046;5;11426241972;B
20241115;103211;2046;10;11426242089;B
20241115;103211;2046;10;11426242150;B
20241115;103212;2046;30;11426242206;B
20241115;103212;2046;69;11426242207;B
20241115;103212;2046.8;6;11426242208;B
20241115;103212;2046.8;5;11426242209;B
20241115;103214;2046.8;10;11426242509;B
20241115;103216;2046.8;1;11426242748;B
20241115;103218;2046.4;1;11426243055;S
20241115;103219;2046.4;4;11426243173;S
20241115;103219;2046.6;1;11426243258;B
20241115;103219;2046.6;1;11426243262;B
20241115;103221;2046.8;7;11426243501;B
20241115;103221;2046.8;3;11426243529;B
20241115;103222;2046.8;1;11426243577;B
20241115;103223;2046.8;8;11426243689;B
20241115;103223;2046.6;1;11426243697;S
20241115;103224;2046.8;10;11426243825;B
20241115;103224;2046.8;7;11426243896;B
20241115;103224;2047.2;2;11426243897;B
20241115;103224;2047.2;8;11426243898;B
20241115;103224;2047.4;8;11426243899;B
20241115;103224;2048;8;11426243900;B
20241115;103224;2048;25;11426243901;B
20241115;103224;2048.2;20;11426243902;B
20241115;103224;2048.4;38;11426243903;B
20241115;103224;2048.6;30;11426243904;B
20241115;103224;2048.8;25;11426243905;B
20241115;103224;2049;50;11426243906;B
20241115;103224;2049;8;11426243907;B
20241115;103224;2049;50;11426243908;B
20241115;103224;2049.2;33;11426243909;B
20241115;103226;2049.6;1;11426244027;B
20241115;103230;2049.4;1;11426244446;S
20241115;103232;2049.6;5;11426244582;B
20241115;103234;2049.4;2;11426244793;S
20241115;103235;2049.6;1;11426244837;B
20241115;103236;2049.4;1;11426244977;S
20241115;103236;2049.6;1;11426245095;B
20241115;103238;2049.4;2;11426245292;S
20241115;103238;2049.4;3;11426245293;S
20241115;103238;2049.2;28;11426245294;S
20241115;103238;2049;7;11426245295;S
20241115;103244;2049.6;2;11426245951;B
20241115;103244;2049.6;2;11426245952;B
20241115;103247;2049.6;6;11426246251;S
20241115;103248;2049;1;11426246341;S
20241115;103256;2049.4;4;11426247277;B
20241115;103256;2049.6;6;11426247278;B
20241115;103257;2049.6;1;11426247423;B
20241115;103301;2049.6;20;11426247987;B
20241115;103302;2049.6;14;11426248092;B
20241115;103304;2049.6;3;11426248310;B
20241115;103304;2049.6;4;11426248311;B
20241115;103304;2049.6;3;11426248312;B
20241115;103305;2049;9;11426248402;S
20241115;103307;2049;5;11426248733;S
20241115;103308;2048.8;10;11426248980;B
20241115;103310;2048.6;1;11426249292;B
20241115;103310;2048.6;8;11426249293;B
20241115;103310;2048.8;17;11426249294;B
20241115;103310;2048.6;3;11426249295;S
20241115;103311;2048.8;1;11426249460;B
20241115;103312;2048.8;8;11426249539;B
20241115;103316;2047.6;37;11426250010;S
20241115;103316;2047.4;11;11426250011;S
20241115;103316;2047.4;12;11426250012;S
20241115;103316;2047;1;11426250013;S
20241115;103316;2047;25;11426250015;B
20241115;103316;2047;6;11426250016;B
20241115;103316;2047;8;11426250017;B
20241115;103316;2047;22;11426250033;B
20241115;103316;2046.8;10;11426250092;S
20241115;103318;2046.6;7;11426250340;S
20241115;103319;2046.6;43;11426250449;S
20241115;103321;2046.8;10;11426250734;B
20241115;103321;2046.4;2;11426250808;S
20241115;103323;2046.6;1;11426251123;B
20241115;103323;2046.6;1;11426251124;B
20241115;103326;2046.4;2;11426251425;B
20241115;103329;2045.4;1;11426251781;S
20241115;103333;2045.4;4;11426252328;S
20241115;103335;2046;3;11426252736;B
20241115;103335;2046.2;27;11426252737;B
20241115;103347;2045.8;4;11426254181;S
20241115;103348;2045.8;1;11426254266;B
20241115;103351;2046;4;11426254629;B
20241115;103359;2046;1;11426255205;S
20241115;103402;2046.2;5;11426255459;B
20241115;103402;2046.4;17;11426255460;B
20241115;103406;2047;1;11426255808;B
20241115;103419;2046.4;1;11426257385;B
20241115;103419;2047;49;11426257386;B
20241115;103424;2046;2;11426258087;S
20241115;103428;2047;1;11426258528;B
20241115;103428;2047;252;11426258551;B
20241115;103428;2047;10;11426258552;B
20241115;103428;2047.4;2;11426258553;B
20241115;103434;2048;46;11426259491;B
20241115;103434;2048.2;4;11426259492;B
20241115;103435;2048.2;20;11426260067;B
20241115;103437;2048.2;44;11426260936;B
20241115;103439;2048.2;1;11426261708;B
20241115;103439;2048.2;47;11426262004;B
20241115;103440;2048;7;11426262328;S
20241115;103440;2047.8;18;11426262329;S
20241115;103440;2047.6;7;11426262330;S
