<DATE>;<TIME>;<LAST>;<VOL>;<ID>;<OPER>
20241028;095958;3800;1;11344971954;S
20241028;095958;3800;2;11344971955;B
20241028;095958;3800;1;11344971956;B
20241028;095958;3800;3;11344971957;B
20241028;095958;3800;1;11344971958;B
20241028;095958;3800;30;11344971959;B
20241028;095958;3800;1;11344971960;B
20241028;095958;3800;1;11344971961;B
20241028;095958;3800;60;11344971962;B
20241028;095958;3800;2;11344971963;B
20241028;095958;3800;2;11344971964;B
20241028;095958;3800;2;11344971965;B
20241028;095958;3800;2;11344971966;B
20241028;095958;3800;2;11344971967;B
20241028;095958;3800;2;11344971968;B
20241028;095958;3800;1;11344971969;B
20241028;095958;3800;15;11344971970;B
20241028;095958;3800;15;11344971971;B
20241028;095958;3800;1;11344971972;B
20241028;095958;3800;1;11344971973;B
20241028;095958;3800;13;11344971974;B
20241028;095958;3800;2;11344971975;B
20241028;095958;3800;5;11344971976;B
20241028;095958;3800;31;11344971977;S
20241028;095958;3800;1;11344971978;B
20241028;095958;3800;1;11344971979;B
20241028;095958;3800;1;11344971980;S
20241028;095958;3800;1;11344971981;S
20241028;095958;3800;1;11344971982;S
20241028;095958;3800;1;11344971983;S
20241028;095958;3800;10;11344971984;S
20241028;095958;3800;1;11344971985;S
20241028;095958;3800;7;11344971986;S
20241028;095958;3800;1;11344971987;S
20241028;095958;3800;1;11344971988;S
20241028;095958;3800;1;11344971989;S
20241028;095958;3800;7;11344971990;S
20241028;095958;3800;16;11344971991;S
20241028;095958;3800;10;11344971992;S
20241028;095958;3800;65;11344971993;S
20241028;095958;3800;120;11344971994;S
20241028;095958;3800;10;11344971995;S
20241028;095958;3800;216;11344971996;S
20241028;095958;3800;18;11344971997;S
20241028;095958;3800;5;11344971998;S
20241028;095958;3800;20;11344971999;S
20241028;095958;3800;3;11344972000;S
20241028;095958;3800;1;11344972001;S
20241028;095958;3800;1;11344972002;S
20241028;095958;3800;50;11344972003;S
20241028;095958;3800;26;11344972004;S
20241028;095958;3800;2;11344972005;S
20241028;095958;3800;1;11344972006;S
20241028;095958;3800;1;11344972007;S
20241028;095958;3800;1;11344972008;S
20241028;095958;3800;13;11344972009;S
20241028;095958;3800;1;11344972010;S
20241028;095958;3800;1;11344972011;S
20241028;095958;3800;4;11344972012;S
20241028;095958;3800;10;11344972013;S
20241028;095958;3800;1;11344972014;S
20241028;095958;3800;3;11344972015;S
20241028;095958;3800;16;11344972016;S
20241028;095958;3800;1;11344972017;S
20241028;095958;3800;1;11344972018;S
20241028;095958;3800;1;11344972019;S
20241028;095958;3800;16;11344972020;S
20241028;095958;3800;10;11344972021;S
20241028;095958;3800;2;11344972022;S
20241028;095958;3800;1;11344972023;S
20241028;095958;3800;10;11344972024;S
20241028;095958;3800;2;11344972025;S
20241028;095958;3800;1;11344972026;B
20241028;095958;3800;2;11344972027;S
20241028;095958;3800;1;11344972028;S
20241028;095958;3800;1;11344972029;S
20241028;095958;3800;1;11344972030;S
20241028;095958;3800;5;11344972031;S
20241028;095958;3800;1;11344972032;S
20241028;095958;3800;1;11344972033;B
20241028;095958;3800;2;11344972034;S
20241028;095958;3800;1;11344972035;S
20241028;095958;3800;1;11344972036;S
20241028;095958;3800;1;11344972037;S
20241028;095958;3800;1;11344972038;S
20241028;095958;3800;1;11344972039;S
20241028;095958;3800;10;11344972040;S
20241028;095958;3800;100;11344972041;S
20241028;095958;3800;2;11344972042;S
20241028;095958;3800;1;11344972043;S
20241028;095958;3800;1;11344972044;S
20241028;095958;3800;1;11344972045;S
20241028;095958;3800;1;11344972046;S
20241028;095958;3800;1;11344972047;S
20241028;095958;3800;1;11344972048;B
20241028;095958;3800;2;11344972049;S
20241028;095958;3800;3;11344972050;S
20241028;095958;3800;1;11344972051;S
20241028;095958;3800;190;11344972052;S
20241028;095958;3800;1;11344972053;S
20241028;095958;3800;10;11344972054;S
20241028;095958;3800;78;11344972055;S
20241028;095958;3800;55;11344972056;S
20241028;095958;3800;190;11344972057;S
20241028;095958;3800;10;11344972058;S
20241028;095958;3800;5;11344972059;S
20241028;095958;3800;5;11344972060;S
20241028;095958;3800;1;11344972061;S
20241028;095958;3800;6;11344972062;S
20241028;095958;3800;1;11344972063;S
20241028;095958;3800;1;11344972064;S
20241028;095958;3800;1;11344972065;S
20241028;095958;3800;1;11344972066;S
20241028;095958;3800;2;11344972067;S
20241028;095958;3800;1;11344972068;S
20241028;095958;3800;1;11344972069;S
20241028;095958;3800;50;11344972070;S
20241028;095958;3800;10;11344972071;S
20241028;095958;3800;100;11344972072;S
20241028;095958;3800;10;11344972073;S
20241028;095958;3800;5;11344972074;S
20241028;095958;3800;1;11344972075;S
20241028;095958;3800;15;11344972076;S
20241028;095958;3800;10;11344972077;S
20241028;095958;3800;1;11344972078;S
20241028;095958;3800;15;11344972079;S
20241028;095958;3800;1;11344972080;S
20241028;095958;3800;5;11344972081;S
20241028;095958;3800;1;11344972082;S
20241028;095958;3800;10;11344972083;S
20241028;095958;3800;2;11344972084;S
20241028;095958;3800;1;11344972085;S
20241028;095958;3800;20;11344972086;S
20241028;095958;3800;1;11344972087;S
20241028;095958;3800;1;11344972088;S
20241028;095958;3800;1;11344972089;S
20241028;095958;3800;7;11344972090;S
20241028;095958;3800;3;11344972091;S
20241028;095958;3800;5;11344972092;S
20241028;095958;3800;2;11344972093;S
20241028;095958;3800;10;11344972094;S
20241028;095958;3800;2;11344972095;S
20241028;095958;3800;1;11344972096;S
20241028;095958;3800;50;11344972097;S
20241028;095958;3800;12;11344972098;S
20241028;095958;3800;26;11344972099;S
20241028;095958;3800;11;11344972100;S
20241028;095958;3800;1;11344972101;S
20241028;095958;3800;2;11344972102;S
20241028;095958;3800;2;11344972103;S
20241028;095958;3800;1;11344972104;S
20241028;095958;3800;10;11344972105;S
20241028;095958;3800;1;11344972106;S
20241028;095958;3800;5;11344972107;S
20241028;095958;3800;3;11344972108;S
20241028;095958;3800;2;11344972109;S
20241028;095958;3800;1;11344972110;S
20241028;095958;3800;8;11344972111;S
20241028;095958;3800;10;11344972112;S
20241028;095958;3800;1;11344972113;S
20241028;095958;3800;1;11344972114;S
20241028;095958;3800;50;11344972115;S
20241028;095958;3800;5;11344972116;S
20241028;095958;3800;1;11344972117;S
20241028;095958;3800;1;11344972118;S
20241028;095958;3800;50;11344972119;S
20241028;095958;3800;35;11344972120;S
20241028;095958;3800;1;11344972121;S
20241028;095958;3800;3;11344972122;S
20241028;095958;3800;1;11344972123;S
20241028;095958;3800;50;11344972124;S
20241028;095958;3800;7;11344972125;S
20241028;095958;3800;50;11344972126;S
20241028;095958;3800;3;11344972127;S
20241028;095958;3800;1;11344972128;S
20241028;095958;3800;10;11344972129;S
20241028;095958;3800;7;11344972130;S
20241028;095958;3800;50;11344972131;S
20241028;095958;3800;1;11344972132;S
20241028;095958;3800;10;11344972133;S
20241028;095958;3800;1;11344972134;S
20241028;095958;3800;1;11344972135;S
20241028;095958;3800;2;11344972136;S
20241028;095958;3800;24;11344972137;S
20241028;095958;3800;5;11344972138;S
20241028;095958;3800;1;11344972139;S
20241028;095958;3800;50;11344972140;S
20241028;095958;3800;2;11344972141;S
20241028;095958;3800;1;11344972142;S
20241028;095958;3800;175;11344972143;S
20241028;095958;3800;100;11344972144;S
20241028;095958;3800;2;11344972145;S
20241028;095958;3800;1;11344972146;S
20241028;095958;3800;2;11344972147;S
20241028;095958;3800;1;11344972148;S
20241028;095958;3800;10;11344972149;S
20241028;095958;3800;100;11344972150;S
20241028;095958;3800;30;11344972151;S
20241028;095958;3800;1;11344972152;S
20241028;095958;3800;1;11344972153;S
20241028;095958;3800;2;11344972154;S
20241028;095958;3800;1;11344972155;S
20241028;095958;3800;100;11344972156;S
20241028;095958;3800;1;11344972157;S
20241028;095958;3800;1;11344972158;S
20241028;095958;3800;10;11344972159;S
20241028;095958;3800;15;11344972160;S
20241028;095958;3800;10;11344972161;S
20241028;095958;3800;10;11344972162;S
20241028;095958;3800;2;11344972163;S
20241028;095958;3800;3;11344972164;S
20241028;095958;3800;2;11344972165;S
20241028;095958;3800;1;11344972166;S
20241028;095958;3800;1;11344972167;S
20241028;095958;3800;1;11344972168;S
20241028;095958;3800;2;11344972169;S
20241028;095958;3800;3;11344972170;S
20241028;095958;3800;2;11344972171;S
20241028;095958;3800;30;11344972172;S
20241028;095958;3800;1;11344972173;S
20241028;095958;3800;1;11344972174;S
20241028;095958;3800;2;11344972175;S
20241028;095958;3800;2;11344972176;S
20241028;095958;3800;3;11344972177;S
20241028;095958;3800;1;11344972178;S
20241028;095958;3800;1;11344972179;S
20241028;095958;3800;1;11344972180;S
20241028;095958;3800;3;11344972181;S
20241028;095958;3800;1;11344972182;S
20241028;095958;3800;79;11344972183;S
20241028;095958;3800;1;11344972184;S
20241028;095958;3800;1;11344972185;S
20241028;095958;3800;1;11344972186;S
20241028;095958;3800;1;11344972187;S
20241028;095958;3800;5;11344972188;S
20241028;095958;3800;1;11344972189;S
20241028;095958;3800;50;11344972190;S
20241028;095958;3800;82;11344972191;S
20241028;095958;3800;1;11344972192;S
20241028;095958;3800;3;11344972193;S
20241028;095958;3800;14;11344972194;S
20241028;095958;3800;1;11344972195;S
20241028;095958;3800;1;11344972196;S
20241028;095958;3800;1;11344972197;S
20241028;095958;3800;23;11344972198;S
20241028;095958;3800;20;11344972199;S
20241028;095958;3800;50;11344972200;S
20241028;095958;3800;2;11344972201;S
20241028;095958;3800;305;11344972202;S
20241028;095958;3800;14;11344972203;S
20241028;095958;3800;13;11344972204;S
20241028;095958;3800;1;11344972205;S
20241028;095958;3800;5;11344972206;S
20241028;095958;3800;5;11344972207;S
20241028;095958;3800;2;11344972208;S
20241028;095958;3800;1;11344972209;S
20241028;095958;3800;1;11344972210;S
20241028;095958;3800;20;11344972211;S
20241028;095958;3800;1;11344972212;S
20241028;095958;3800;3;11344972213;S
20241028;095958;3800;1;11344972214;S
20241028;095958;3800;28;11344972215;S
20241028;095958;3800;9;11344972216;S
20241028;095958;3800;100;11344972217;S
20241028;095958;3800;13;11344972218;S
20241028;095958;3800;1;11344972219;S
20241028;095958;3800;1;11344972220;S
20241028;095958;3800;2;11344972221;S
20241028;095958;3800;8;11344972222;S
20241028;095958;3800;1;11344972223;S
20241028;095958;3800;1;11344972224;S
20241028;095958;3800;1;11344972225;S
20241028;095958;3800;5;11344972226;S
20241028;095958;3800;9;11344972227;S
20241028;095958;3800;1;11344972228;S
20241028;095958;3800;40;11344972229;S
20241028;095958;3800;1;11344972230;S
20241028;095958;3800;1;11344972231;S
20241028;095958;3800;1;11344972232;S
20241028;095958;3800;50;11344972233;S
20241028;095958;3800;1;11344972234;S
20241028;095958;3800;1;11344972235;S
20241028;095958;3800;300;11344972236;S
20241028;095958;3800;1;11344972237;S
20241028;095958;3800;1;11344972238;S
20241028;095958;3800;1;11344972239;S
20241028;095958;3800;6;11344972240;S
20241028;095958;3800;1;11344972241;S
20241028;095958;3800;10;11344972242;S
20241028;095958;3800;1;11344972243;S
20241028;095958;3800;1;11344972244;S
20241028;095958;3800;1;11344972245;S
20241028;095958;3800;1;11344972246;S
20241028;095958;3800;3;11344972247;S
20241028;095958;3800;2;11344972248;S
20241028;095958;3800;3;11344972249;S
20241028;095958;3800;1;11344972250;S
20241028;095958;3800;5;11344972251;S
20241028;095958;3800;2;11344972252;S
20241028;095958;3800;2;11344972253;S
20241028;095958;3800;1;11344972254;S
20241028;095958;3800;10;11344972255;S
20241028;095958;3800;20;11344972256;S
20241028;095958;3800;1;11344972257;S
20241028;095958;3800;3;11344972258;S
20241028;095958;3800;2;11344972259;S
20241028;095958;3800;2;11344972260;S
20241028;095958;3800;1;11344972261;S
20241028;095958;3800;5;11344972262;S
20241028;095958;3800;1;11344972263;S
20241028;095958;3800;2;11344972264;S
20241028;095958;3800;11;11344972265;S
20241028;095958;3800;5;11344972266;S
20241028;095958;3800;1;11344972267;S
20241028;095958;3800;1;11344972268;S
20241028;095958;3800;1;11344972269;S
20241028;095958;3800;1;11344972270;S
20241028;095958;3800;2;11344972271;S
20241028;095958;3800;5;11344972272;S
20241028;095958;3800;100;11344972273;S
20241028;095958;3800;1;11344972274;S
20241028;095958;3800;1;11344972275;B
20241028;095958;3800;1;11344972276;B
20241028;095958;3800;2;11344972277;B
20241028;100000;3797.5;1;11344972769;S
20241028;100000;3797;2;11344972770;S
20241028;100000;3797;2;11344972771;S
20241028;100000;3796.5;2;11344972772;S
20241028;100000;3796;3;11344972773;S
20241028;100000;3799.5;23;11344972889;S
20241028;100000;3796.5;41;11344973125;S
20241028;100000;3796.5;15;11344973126;S
20241028;100000;3796;15;11344973127;S
20241028;100000;3796;20;11344973128;S
20241028;100000;3795.5;4;11344973233;S
20241028;100000;3795.5;15;11344973234;S
20241028;100000;3798.5;4;11344973244;B
20241028;100000;3797;20;11344973281;S
20241028;100000;3795;7;11344973282;S
20241028;100000;3795;1;11344973283;S
20241028;100000;3795;10;11344973284;S
20241028;100000;3795;10;11344973285;S
20241028;100000;3795;1;11344973286;S
20241028;100000;3795;5;11344973287;S
20241028;100000;3795;15;11344973288;S
20241028;100000;3797;1;11344973319;S
20241028;100000;3798;8;11344973326;B
20241028;100000;3797;9;11344973353;S
20241028;100000;3794.5;15;11344973354;S
20241028;100000;3794;1;11344973355;S
20241028;100000;3794;15;11344973356;S
20241028;100000;3794;41;11344973357;S
20241028;100000;3793.5;15;11344973358;S
20241028;100000;3793;15;11344973359;S
20241028;100000;3792.5;15;11344973360;S
20241028;100000;3792;1;11344973361;S
20241028;100000;3792;114;11344973362;S
20241028;100000;3792;1;11344973363;S
20241028;100000;3791;2;11344973364;S
20241028;100000;3791;36;11344973365;S
20241028;100000;3797.5;2;11344973507;B
20241028;100000;3797.5;5;11344973598;B
20241028;100000;3797.5;10;11344973659;B
20241028;100000;3797.5;30;11344973660;B
20241028;100000;3797.5;1;11344973665;B
20241028;100000;3797.5;5;11344973666;B
20241028;100000;3797;15;11344973670;S
20241028;100000;3797;2;11344973671;S
20241028;100000;3795;7;11344973672;S
20241028;100000;3794.5;7;11344973673;S
20241028;100000;3794;41;11344973674;S
20241028;100000;3792;16;11344973675;S
20241028;100000;3791.5;15;11344973676;S
20241028;100000;3791;139;11344973677;S
20241028;100000;3791;15;11344973678;S
20241028;100000;3790.5;2;11344973679;S
20241028;100000;3790.5;15;11344973680;S
20241028;100000;3790;24;11344973681;S
20241028;100000;3790;2;11344973682;S
20241028;100000;3798.5;1;11344973725;B
20241028;100000;3798.5;1;11344973733;B
20241028;100000;3792.5;12;11344973745;S
20241028;100000;3798;1;11344973747;B
20241028;100000;3792.5;5;11344973749;S
20241028;100000;3798;5;11344973779;B
20241028;100000;3793.5;25;11344973791;S
20241028;100000;3793.5;9;11344973801;S
20241028;100000;3797.5;3;11344973812;B
20241028;100000;3798;1;11344973891;B
20241028;100000;3798;14;11344973895;B
20241028;100000;3798;1;11344973896;B
20241028;100000;3795;1;11344973947;B
20241028;100000;3797;3;11344973948;B
20241028;100000;3798;4;11344973950;B
20241028;100000;3797;15;11344974044;S
20241028;100000;3797;7;11344974045;S
20241028;100000;3795;1;11344974046;B
20241028;100000;3795;7;11344974047;B
20241028;100000;3795.5;15;11344974048;B
20241028;100000;3797;15;11344974049;S
20241028;100000;3797;3;11344974050;S
20241028;100000;3796.5;1;11344974061;B
20241028;100000;3794;2;11344974140;S
20241028;100000;3795.5;17;11344974172;S
20241028;100000;3795;17;11344974173;S
20241028;100000;3794;39;11344974174;S
20241028;100000;3793.5;25;11344974175;S
20241028;100000;3796.5;15;11344974180;S
20241028;100000;3796;15;11344974181;S
20241028;100000;3795.5;5;11344974182;S
20241028;100000;3799.5;1;11344974211;B
20241028;100000;3800;9;11344974212;B
20241028;100000;3793.5;68;11344974213;S
20241028;100000;3793.5;21;11344974214;S
20241028;100000;3793.5;20;11344974222;S
20241028;100000;3799.5;9;11344974268;B
20241028;100000;3799.5;5;11344974312;B
20241028;100001;3799;10;11344974320;B
20241028;100001;3794.5;5;11344974427;S
20241028;100001;3794.5;2;11344974431;S
20241028;100001;3799.5;1;11344974450;B
20241028;100001;3799.5;15;11344974517;B
20241028;100001;3799.5;1;11344974519;B
20241028;100001;3798;42;11344974557;B
20241028;100001;3798.5;7;11344974558;B
20241028;100001;3798.5;1;11344974563;B
20241028;100001;3797.5;2;11344974716;S
20241028;100001;3799.5;4;11344974735;B
20241028;100001;3799.5;3;11344974746;B
20241028;100001;3799.5;3;11344974757;B
20241028;100001;3799.5;1;11344974775;B
20241028;100001;3799;41;11344974809;B
20241028;100001;3799.5;9;11344974810;B
20241028;100001;3799.5;3;11344974817;B
20241028;100001;3798.5;1;11344974829;S
20241028;100001;3798.5;12;11344974831;S
20241028;100001;3799.5;5;11344974905;B
20241028;100001;3799.5;1;11344974906;B
20241028;100001;3799;1;11344974921;S
20241028;100001;3799.5;40;11344974922;B
20241028;100001;3799.5;1;11344974930;B
20241028;100001;3799;4;11344974968;S
20241028;100001;3799;1;11344974978;S
20241028;100001;3799.5;2;11344974983;B
20241028;100001;3799.5;2;11344974986;B
20241028;100001;3799.5;31;11344974990;B
20241028;100001;3799.5;7;11344974991;B
20241028;100001;3800;12;11344974992;B
20241028;100001;3800;2;11344974994;B
20241028;100001;3799;4;11344974996;S
20241028;100001;3799;2;11344975001;S
20241028;100001;3799;1;11344975002;S
20241028;100001;3800;50;11344975003;B
20241028;100001;3800;4;11344975195;B
20241028;100001;3800;1;11344975197;B
20241028;100001;3800;3;11344975200;B
20241028;100001;3800;1;11344975217;B
20241028;100001;3800;1;11344975221;B
20241028;100001;3800;10;11344975227;B
20241028;100001;3800;2;11344975230;B
20241028;100001;3799;1;11344975231;S
20241028;100001;3800;1;11344975240;B
20241028;100001;3799;20;11344975246;S
20241028;100001;3800;10;11344975247;B
20241028;100001;3800;4;11344975267;B
20241028;100001;3800;1;11344975305;B
20241028;100001;3799.5;15;11344975316;S
20241028;100001;3800;1;11344975331;B
20241028;100001;3800;1;11344975338;B
20241028;100001;3800;70;11344975348;B
20241028;100001;3800;6;11344975349;B
20241028;100001;3800;1;11344975350;B
20241028;100001;3800.5;3;11344975351;B
20241028;100001;3800.5;10;11344975352;B
20241028;100001;3800.5;10;11344975353;B
20241028;100001;3800;15;11344975392;S
20241028;100001;3800;20;11344975393;S
20241028;100001;3800;39;11344975394;S
20241028;100001;3799.5;15;11344975395;S
20241028;100001;3799.5;61;11344975396;S
20241028;100001;3801;100;11344975397;B
20241028;100001;3800.5;5;11344975436;S
20241028;100001;3800.5;15;11344975437;S
20241028;100001;3800.5;10;11344975438;S
20241028;100002;3801;1;11344975512;B
20241028;100002;3800.5;67;11344975558;S
20241028;100002;3800.5;20;11344975559;S
20241028;100002;3799;53;11344975560;S
20241028;100002;3798.5;41;11344975561;S
20241028;100002;3798.5;1;11344975562;S
20241028;100002;3798.5;18;11344975563;S
20241028;100002;3801;1;11344975599;B
20241028;100002;3800;11;11344975677;S
20241028;100002;3800;1;11344975702;S
20241028;100002;3801;5;11344975705;B
20241028;100002;3801;50;11344975706;B
20241028;100002;3801;50;11344975713;B
20241028;100002;3801;25;11344975714;B
20241028;100002;3800;1;11344975765;S
20241028;100002;3801;21;11344975773;B
20241028;100002;3801;10;11344975793;B
20241028;100002;3801;37;11344975796;B
20241028;100002;3801;12;11344975797;B
20241028;100002;3802;400;11344975798;B
20241028;100002;3803.5;15;11344975799;B
20241028;100002;3803.5;36;11344975800;B
20241028;100002;3803.5;5;11344975837;B
20241028;100002;3803.5;12;11344975838;B
20241028;100002;3800.5;15;11344975854;S
20241028;100002;3800;2;11344975855;S
20241028;100002;3800;20;11344975856;S
20241028;100002;3800;15;11344975857;S
20241028;100002;3800;41;11344975858;S
20241028;100002;3799.5;53;11344975859;S
20241028;100002;3799.5;14;11344975860;S
20241028;100002;3800;2;11344975861;B
20241028;100002;3803.5;3;11344975862;B
20241028;100002;3803.5;41;11344975863;B
20241028;100002;3804;3;11344975864;B
20241028;100002;3804;1;11344975865;B
20241028;100002;3800.5;10;11344975906;S
20241028;100002;3801;1;11344975971;B
20241028;100002;3801;14;11344975990;B
20241028;100002;3801.5;6;11344975991;B
20241028;100002;3801;1;11344976059;B
20241028;100002;3803.5;1;11344976095;B
20241028;100002;3801;5;11344976124;S
20241028;100002;3803.5;1;11344976131;B
20241028;100002;3803.5;1;11344976146;B
20241028;100002;3801.5;41;11344976259;S
20241028;100002;3801.5;4;11344976260;S
20241028;100002;3803.5;2;11344976271;B
20241028;100002;3801;41;11344976287;S
20241028;100002;3800.5;18;11344976288;S
20241028;100002;3802.5;1;11344976360;B
20241028;100002;3800.5;2;11344976507;S
20241028;100002;3800.5;30;11344976526;S
20241028;100002;3803;1;11344976609;B
20241028;100002;3800.5;25;11344976705;S
20241028;100002;3800.5;1;11344976837;S
20241028;100002;3800.5;1;11344976844;S
20241028;100002;3800.5;26;11344976848;S
20241028;100002;3800.5;78;11344976849;S
20241028;100002;3800;10;11344976850;S
20241028;100002;3800;1;11344976851;S
20241028;100002;3800;1;11344976852;S
20241028;100002;3800;8;11344976853;S
20241028;100002;3800;5;11344976854;S
20241028;100002;3799.5;40;11344976855;S
20241028;100002;3799;31;11344976856;S
20241028;100002;3800.5;42;11344976886;S
20241028;100002;3799;44;11344977021;S
20241028;100002;3799;9;11344977023;S
20241028;100002;3799;6;11344977024;S
20241028;100002;3799;4;11344977132;S
20241028;100003;3800;1;11344977255;S
20241028;100003;3799;38;11344977256;S
20241028;100003;3798.5;20;11344977293;S
20241028;100003;3802.5;2;11344977444;B
20241028;100003;3802.5;13;11344977455;B
20241028;100003;3803;14;11344977456;B
20241028;100003;3803;23;11344977457;B
20241028;100003;3802.5;5;11344977524;B
20241028;100003;3800;5;11344977582;S
20241028;100003;3800;25;11344977674;S
20241028;100003;3800;4;11344977675;S
20241028;100003;3800;15;11344977676;S
20241028;100003;3800;6;11344977677;S
20241028;100003;3800;2;11344977714;S
20241028;100003;3799.5;23;11344977715;S
20241028;100003;3799;15;11344977716;S
20241028;100003;3799;10;11344977717;S
20241028;100003;3798.5;1;11344977735;S
20241028;100003;3800;1;11344977872;S
20241028;100003;3799;15;11344977873;S
20241028;100003;3798.5;19;11344977874;S
20241028;100003;3798.5;15;11344977875;S
20241028;100003;3798;73;11344977876;S
20241028;100003;3800;1;11344977889;S
20241028;100003;3798.5;40;11344977890;S
20241028;100003;3798;20;11344977891;S
20241028;100003;3800.5;1;11344978022;S
20241028;100003;3802;1;11344978047;B
20241028;100003;3800.5;29;11344978048;S
20241028;100003;3800;6;11344978049;S
20241028;100003;3798;5;11344978050;S
20241028;100003;3798;10;11344978051;S
20241028;100003;3797.5;130;11344978052;S
20241028;100003;3800;2;11344978066;S
20241028;100003;3800;12;11344978090;S
20241028;100003;3798;4;11344978091;B
20241028;100003;3800.5;1;11344978257;S
20241028;100003;3801;1;11344978499;S
20241028;100004;3801;2;11344978618;S
20241028;100004;3802;1;11344978778;S
20241028;100004;3802;3;11344978871;S
20241028;100004;3802;25;11344978873;S
20241028;100004;3801;19;11344978874;S
20241028;100004;3801;8;11344979061;S
20241028;100004;3800.5;1;11344979062;S
20241028;100004;3800.5;30;11344979063;S
20241028;100004;3800;1;11344979064;S
20241028;100004;3800;5;11344979065;S
20241028;100004;3800;2;11344979066;S
20241028;100004;3800;1;11344979067;S
20241028;100004;3800;1;11344979068;S
20241028;100004;3800;5;11344979069;S
20241028;100004;3800;1;11344979070;S
20241028;100004;3800;5;11344979071;S
20241028;100004;3800;2;11344979072;S
20241028;100004;3800;13;11344979073;S
20241028;100004;3800;4;11344979137;S
20241028;100004;3800;3;11344979220;S
20241028;100004;3800;1;11344979221;S
20241028;100004;3800;5;11344979222;S
20241028;100004;3800;1;11344979223;S
20241028;100004;3800;5;11344979224;S
20241028;100004;3800;1;11344979254;S
20241028;100004;3800;1;11344979273;S
20241028;100004;3803;15;11344979292;B
20241028;100004;3803.5;15;11344979293;B
20241028;100004;3803.5;1;11344979294;B
20241028;100004;3800.5;1;11344979358;S
20241028;100004;3800;14;11344979359;S
20241028;100004;3800;1;11344979372;S
20241028;100004;3800;1;11344979675;S
20241028;100004;3803.5;15;11344979765;B
20241028;100004;3803.5;10;11344979766;B
20241028;100004;3800.5;9;11344979807;S
20241028;100004;3803;10;11344979902;B
20241028;100004;3803;5;11344979903;B
20241028;100004;3803.5;20;11344979904;B
20241028;100004;3803;5;11344979906;S
20241028;100004;3803;15;11344979907;S
20241028;100004;3803;20;11344979908;S
20241028;100004;3803.5;20;11344979909;B
20241028;100004;3803.5;70;11344979910;B
20241028;100004;3803.5;20;11344979911;B
20241028;100004;3803.5;10;11344979912;B
20241028;100004;3803.5;8;11344979913;B
20241028;100004;3803.5;12;11344979914;B
20241028;100004;3803.5;3;11344979915;B
20241028;100004;3804;20;11344979917;B
20241028;100004;3803.5;17;11344979918;S
20241028;100004;3804;9;11344979919;B
20241028;100004;3804;10;11344979920;B
20241028;100004;3804;4;11344979922;S
20241028;100004;3804.5;5;11344979927;B
20241028;100004;3804.5;4;11344979928;B
20241028;100004;3804.5;6;11344979929;B
20241028;100004;3804.5;14;11344979930;S
20241028;100004;3805;39;11344979932;B
20241028;100004;3805;15;11344979936;B
20241028;100005;3805;2;11344979958;B
20241028;100005;3804.5;4;11344980096;S
20241028;100005;3804.5;3;11344980097;S
20241028;100005;3805;1;11344980237;B
20241028;100005;3804.5;3;11344980238;S
20241028;100005;3804.5;10;11344980313;S
20241028;100005;3804;10;11344980314;S
20241028;100005;3804;10;11344980333;S
20241028;100005;3804;1;11344980336;S
20241028;100005;3804.5;5;11344980345;B
20241028;100005;3804;1;11344980375;S
20241028;100005;3804;8;11344980385;S
20241028;100005;3803.5;10;11344980386;S
20241028;100005;3803.5;10;11344980387;S
20241028;100005;3803.5;10;11344980388;S
20241028;100005;3803;10;11344980389;S
20241028;100005;3803;4;11344980390;S
20241028;100005;3803;6;11344980405;S
20241028;100005;3802;1;11344980406;S
20241028;100005;3801.5;1;11344980407;S
20241028;100005;3801.5;1;11344980424;S
20241028;100005;3801.5;8;11344980431;S
20241028;100005;3801.5;1;11344980433;S
20241028;100005;3801.5;1;11344980528;S
20241028;100005;3804.5;10;11344980594;B
20241028;100005;3804.5;11;11344980595;B
20241028;100005;3805;29;11344980596;B
20241028;100005;3801.5;15;11344980645;S
20241028;100005;3801.5;13;11344980646;S
20241028;100005;3801.5;26;11344980649;S
20241028;100005;3801.5;119;11344980661;S
20241028;100005;3801;10;11344980662;S
20241028;100005;3801;1;11344980663;S
20241028;100005;3804.5;10;11344980713;B
20241028;100005;3800.5;1;11344980725;S
20241028;100005;3800.5;1;11344980905;S
20241028;100005;3804.5;1;11344980952;B
20241028;100005;3800.5;1;11344980976;S
20241028;100005;3800.5;26;11344981226;S
20241028;100005;3800.5;1;11344981479;S
20241028;100005;3800;32;11344981480;S
20241028;100005;3800;1;11344981481;S
20241028;100005;3800;5;11344981482;S
20241028;100005;3800;3;11344981483;S
20241028;100005;3800;10;11344981484;S
20241028;100005;3800;3;11344981485;S
20241028;100005;3800;1;11344981486;S
20241028;100005;3800;1;11344981487;S
20241028;100005;3800;1;11344981488;S
20241028;100005;3800;1;11344981489;S
20241028;100005;3800;1;11344981490;S
20241028;100005;3800;1;11344981491;S
20241028;100005;3800;1;11344981492;S
20241028;100005;3800;1;11344981493;S
20241028;100005;3800;16;11344981494;S
20241028;100005;3800;1;11344981495;S
20241028;100005;3800;2;11344981496;S
20241028;100005;3800;1;11344981497;S
20241028;100005;3800;1;11344981498;S
20241028;100005;3800;1;11344981499;S
20241028;100005;3800;5;11344981500;S
20241028;100005;3800;5;11344981501;S
20241028;100005;3800;1;11344981502;S
20241028;100005;3800;2;11344981503;S
20241028;100005;3800;1;11344981504;S
20241028;100005;3800;5;11344981505;S
20241028;100005;3800;1;11344981506;S
20241028;100005;3800;3;11344981507;S
20241028;100005;3800;22;11344981508;S
20241028;100005;3800;3;11344981509;S
20241028;100005;3800;10;11344981510;S
20241028;100005;3800;15;11344981511;S
20241028;100005;3800;2;11344981512;S
20241028;100005;3800;1;11344981513;S
20241028;100005;3800;1;11344981514;S
20241028;100005;3800;1;11344981672;B
20241028;100005;3800;2;11344981681;B
20241028;100005;3800;29;11344981684;B
20241028;100005;3800;12;11344981685;B
20241028;100005;3799.5;15;11344981692;B
20241028;100005;3800;3;11344981693;B
20241028;100005;3799.5;15;11344981705;B
20241028;100005;3800;10;11344981706;B
20241028;100005;3799.5;1;11344981723;B
20241028;100005;3799.5;1;11344981775;B
20241028;100005;3799.5;1;11344981802;B
20241028;100005;3799.5;12;11344981862;B
20241028;100005;3800;18;11344981863;B
20241028;100005;3799;1;11344981878;S
20241028;100005;3799;11;11344981879;S
20241028;100005;3799.5;1;11344981894;B
20241028;100005;3799;1;11344981897;S
20241028;100005;3799;1;11344982060;S
20241028;100005;3799.5;1;11344982212;B
20241028;100005;3799;2;11344982221;S
20241028;100005;3799.5;1;11344982242;B
20241028;100005;3799.5;1;11344982250;B
20241028;100005;3799;20;11344982262;S
20241028;100005;3799;18;11344982263;S
20241028;100005;3798.5;2;11344982264;S
20241028;100005;3798.5;1;11344982292;S
20241028;100005;3799.5;1;11344982295;B
20241028;100005;3799.5;5;11344982322;B
20241028;100005;3799.5;1;11344982328;B
20241028;100006;3799.5;1;11344982506;B
20241028;100006;3798.5;1;11344982510;S
20241028;100006;3799.5;1;11344982864;B
20241028;100006;3799.5;2;11344982888;B
20241028;100006;3800;295;11344982889;B
20241028;100006;3800;1;11344982896;B
20241028;100006;3799.5;1;11344983003;B
20241028;100006;3798;1;11344983191;S
20241028;100006;3799.5;2;11344983278;B
20241028;100006;3799.5;1;11344983340;B
20241028;100006;3799.5;2;11344983354;B
20241028;100006;3799.5;9;11344983364;B
20241028;100006;3800;1;11344983365;B
20241028;100006;3799.5;6;11344983416;B
20241028;100006;3799.5;1;11344983485;B
20241028;100006;3799.5;1;11344983575;B
20241028;100006;3798.5;15;11344983706;B
20241028;100006;3798.5;13;11344983740;S
20241028;100006;3800;1;11344983769;B
20241028;100006;3799.5;1;11344983937;B
20241028;100006;3798;5;11344984036;S
20241028;100006;3799.5;1;11344984042;B
20241028;100006;3799.5;1;11344984477;B
20241028;100006;3799.5;1;11344984576;B
20241028;100006;3798;1;11344984818;S
20241028;100006;3798;1;11344984984;S
20241028;100006;3798;40;11344984999;S
20241028;100006;3798;1;11344985036;S
20241028;100006;3798;2;11344985097;S
20241028;100006;3799.5;2;11344985163;B
20241028;100006;3799.5;9;11344985306;B
20241028;100006;3800;21;11344985307;B
20241028;100006;3799.5;4;11344985411;B
20241028;100006;3799.5;11;11344985417;B
20241028;100006;3800;19;11344985418;B
20241028;100006;3798.5;1;11344985695;S
20241028;100006;3798.5;5;11344985696;S
20241028;100006;3800;100;11344985836;B
20241028;100006;3800;1;11344985946;B
20241028;100006;3798.5;2;11344985949;S
20241028;100006;3800;1;11344985972;B
20241028;100006;3800;4;11344986033;B
20241028;100006;3798.5;1;11344986046;S
20241028;100006;3798.5;1;11344986056;S
20241028;100006;3800;1;11344986067;B
20241028;100006;3798.5;2;11344986090;S
20241028;100006;3798.5;3;11344986110;S
20241028;100006;3799.5;1;11344986131;B
20241028;100006;3799.5;5;11344986132;B
20241028;100006;3799.5;1;11344986133;B
20241028;100007;3800;1;11344986363;B
20241028;100007;3800;3;11344986398;B
20241028;100007;3800;1;11344986553;B
20241028;100007;3800;1;11344986590;B
20241028;100007;3800;1;11344986656;B
20241028;100007;3800;6;11344986999;B
20241028;100007;3799.5;30;11344987116;S
20241028;100007;3799.5;15;11344987117;S
20241028;100007;3799;5;11344987118;S
20241028;100007;3799;30;11344987119;S
20241028;100007;3799;15;11344987120;S
20241028;100007;3798.5;15;11344987121;S
20241028;100007;3798.5;30;11344987122;S
20241028;100007;3798;10;11344987123;S
20241028;100007;3800;1;11344987529;B
20241028;100007;3800;54;11344987911;B
20241028;100007;3800;1;11344987918;B
20241028;100007;3800;1;11344987962;B
20241028;100007;3800;1;11344988034;B
20241028;100007;3800;5;11344988173;B
20241028;100007;3799.5;3;11344988429;S
20241028;100007;3800;3;11344988664;B
20241028;100007;3800;1;11344988702;B
20241028;100007;3800;1;11344988706;B
20241028;100007;3800;1;11344988718;B
20241028;100007;3799.5;1;11344988729;S
20241028;100007;3800;3;11344988743;B
20241028;100007;3799.5;26;11344988747;S
20241028;100007;3799.5;4;11344988748;S
20241028;100007;3800;16;11344988844;B
20241028;100007;3800;20;11344988996;B
20241028;100007;3800;1;11344989046;B
20241028;100007;3800;1;11344989415;B
20241028;100007;3800;1;11344989438;B
20241028;100007;3800;1;11344989469;B
20241028;100007;3800;1;11344989499;B
20241028;100007;3799.5;5;11344989583;S
20241028;100007;3799.5;6;11344990119;S
20241028;100007;3799.5;30;11344990120;S
20241028;100007;3799;44;11344990121;S
20241028;100007;3799.5;2;11344990242;S
20241028;100007;3799.5;1;11344990245;S
20241028;100007;3800;1;11344990258;B
20241028;100007;3799.5;12;11344990404;S
20241028;100007;3799.5;4;11344990678;S
20241028;100007;3800;3;11344990745;B
20241028;100008;3800;15;11344990976;B
20241028;100008;3800;1;11344991296;B
20241028;100008;3799.5;1;11344991473;S
20241028;100008;3800;25;11344991495;B
20241028;100008;3800;7;11344991596;B
20241028;100008;3799.5;25;11344991944;S
20241028;100008;3799.5;15;11344991945;S
20241028;100008;3799;10;11344991946;S
20241028;100008;3799.5;2;11344991955;S
20241028;100008;3799.5;1;11344992674;S
20241028;100008;3799.5;27;11344992677;S
20241028;100008;3799.5;15;11344992678;S
20241028;100008;3799;20;11344992679;S
20241028;100008;3799;15;11344992680;S
20241028;100008;3799;5;11344992681;S
20241028;100008;3798.5;15;11344992682;S
20241028;100008;3798.5;30;11344992683;S
20241028;100008;3798;41;11344992684;S
20241028;100008;3798;15;11344992685;S
20241028;100008;3798;30;11344992686;S
20241028;100008;3798;34;11344992687;S
20241028;100008;3800;2;11344992882;B
20241028;100008;3798.5;15;11344992973;S
20241028;100008;3798;18;11344992974;S
20241028;100008;3798;7;11344993344;S
20241028;100008;3798;2;11344993345;S
20241028;100008;3797.5;1;11344993942;S
20241028;100008;3800;4;11344994418;B
20241028;100009;3797.5;2;11344994616;S
20241028;100009;3797.5;6;11344995002;S
20241028;100009;3797.5;4;11344995763;S
20241028;100009;3797.5;5;11344995776;S
20241028;100009;3799.5;2;11344995801;B
20241028;100009;3797.5;22;11344995820;S
20241028;100009;3797.5;3;11344996005;S
20241028;100009;3797.5;10;11344996418;S
20241028;100009;3799;1;11344996535;B
20241028;100009;3799;6;11344996536;B
20241028;100009;3799;3;11344996537;B
20241028;100009;3799;1;11344996538;B
20241028;100009;3797.5;1;11344996539;S
20241028;100009;3797.5;30;11344996690;S
20241028;100009;3797.5;2;11344996760;S
20241028;100009;3799;1;11344997183;B
20241028;100009;3799;1;11344997198;B
20241028;100009;3797.5;30;11344997298;S
20241028;100009;3799.5;1;11344997573;B
20241028;100009;3799.5;14;11344997759;B
20241028;100009;3797.5;24;11344997768;S
20241028;100009;3799.5;2;11344997769;B
20241028;100009;3799.5;1;11344997770;B
20241028;100009;3797.5;1;11344997771;S
20241028;100009;3799.5;2;11344997772;B
20241028;100009;3797.5;12;11344997773;S
20241028;100010;3799.5;30;11344998666;B
20241028;100010;3799.5;3;11344998752;B
20241028;100010;3799.5;27;11344998753;B
20241028;100010;3797.5;50;11344998864;S
20241028;100010;3797.5;2;11344998867;S
20241028;100010;3799.5;50;11344998948;B
20241028;100010;3799.5;1;11344999064;B
20241028;100010;3799.5;1;11344999125;B
20241028;100010;3799.5;1;11344999229;B
20241028;100010;3797.5;1;11344999240;S
20241028;100010;3797.5;10;11344999271;S
20241028;100010;3797.5;5;11344999384;S
20241028;100010;3798;1;11345000628;S
20241028;100010;3797.5;6;11345000629;S
20241028;100010;3797.5;43;11345000785;S
20241028;100010;3797.5;1;11345000794;S
20241028;100010;3799.5;7;11345001177;B
20241028;100010;3799.5;10;11345001614;B
20241028;100010;3799.5;1;11345001771;B
20241028;100011;3799.5;1;11345002288;B
20241028;100011;3799.5;31;11345002458;B
20241028;100011;3799.5;37;11345002459;B
20241028;100011;3799.5;4;11345002460;B
20241028;100011;3799.5;2;11345002461;B
20241028;100011;3800;10;11345002471;B
20241028;100011;3799.5;26;11345002495;B
20241028;100011;3797.5;1;11345002560;S
20241028;100011;3797.5;20;11345002791;S
20241028;100011;3797.5;1;11345002839;S
20241028;100011;3799;30;11345003536;B
20241028;100011;3800;2;11345003669;B
20241028;100011;3800;1;11345003702;B
20241028;100011;3799;4;11345005225;S
20241028;100011;3799;46;11345005226;S
20241028;100011;3797.5;19;11345005227;S
20241028;100011;3797.5;5;11345005230;S
20241028;100011;3797.5;1;11345005231;S
20241028;100011;3797.5;2;11345005234;S
20241028;100012;3799.5;1;11345006004;B
20241028;100012;3799.5;1;11345006005;B
20241028;100012;3798;1;11345006987;S
20241028;100012;3798;1;11345006991;S
20241028;100012;3798.5;1;11345007284;S
20241028;100012;3797.5;1;11345007285;S
20241028;100012;3797.5;15;11345007363;S
20241028;100012;3797.5;11;11345008655;S
20241028;100012;3797.5;1;11345009165;S
20241028;100012;3799.5;18;11345009313;B
20241028;100013;3797.5;1;11345009745;S
20241028;100013;3799.5;1;11345010304;B
20241028;100013;3798;1;11345010343;S
20241028;100013;3799.5;1;11345010355;B
20241028;100013;3799.5;10;11345011029;B
20241028;100013;3798.5;14;11345011311;S
20241028;100013;3798;4;11345011312;S
20241028;100013;3797.5;7;11345011313;S
20241028;100014;3799.5;5;11345011636;B
20241028;100014;3797.5;3;11345011875;S
20241028;100014;3797.5;1;11345012983;S
20241028;100015;3799.5;4;11345013356;B
20241028;100015;3799;7;11345013751;S
20241028;100015;3799;16;11345013752;S
20241028;100016;3799;15;11345013966;B
20241028;100016;3799;47;11345013967;B
20241028;100016;3799;14;11345013974;B
20241028;100017;3798;1;11345014449;S
20241028;100018;3798;1;11345014930;S
20241028;100018;3799;2;11345015036;B
20241028;100018;3799;1;11345015137;B
20241028;100018;3798;13;11345015138;S
20241028;100018;3797.5;87;11345015139;S
20241028;100018;3799;4;11345015319;B
20241028;100019;3798;15;11345015528;S
20241028;100019;3797.5;185;11345015529;S
20241028;100020;3797.5;10;11345016077;S
20241028;100020;3797.5;50;11345016467;S
20241028;100020;3797.5;50;11345016662;S
20241028;100021;3799;15;11345016680;B
20241028;100021;3799;27;11345016681;B
20241028;100021;3797.5;22;11345016880;S
20241028;100021;3797.5;80;11345016881;S
20241028;100021;3797.5;26;11345016882;S
20241028;100021;3797.5;10;11345016883;S
20241028;100021;3797.5;2;11345016884;S
20241028;100021;3797.5;28;11345016885;S
20241028;100021;3797.5;7;11345016886;S
20241028;100021;3797.5;1;11345017286;S
20241028;100021;3797.5;1;11345017287;S
20241028;100022;3797.5;2;11345017538;S
20241028;100022;3797.5;1;11345018006;S
20241028;100022;3798;19;11345018037;B
20241028;100023;3797.5;1;11345018199;S
20241028;100023;3797.5;15;11345018445;B
20241028;100023;3798;11;11345018446;B
20241028;100023;3798;14;11345018447;B
20241028;100023;3797;1;11345018450;S
20241028;100023;3797;12;11345018475;S
20241028;100023;3797;6;11345018476;S
20241028;100023;3797;5;11345018477;S
20241028;100023;3797;1;11345018478;S
20241028;100023;3797;1;11345018479;S
20241028;100023;3797;2;11345018480;S
20241028;100023;3797;1;11345018481;S
20241028;100023;3797;1;11345018482;S
20241028;100023;3797;10;11345018483;S
20241028;100023;3797;1;11345018484;S
20241028;100023;3797;3;11345018485;S
20241028;100023;3797;3;11345018486;S
20241028;100023;3797;2;11345018487;S
20241028;100023;3797;1;11345018488;S
20241028;100023;3797;5;11345018489;S
20241028;100023;3797;1;11345018490;S
20241028;100023;3797;3;11345018491;S
20241028;100023;3797;1;11345018492;S
20241028;100023;3797;1;11345018493;S
20241028;100023;3797;1;11345018494;S
20241028;100023;3797;39;11345018495;S
20241028;100024;3797;1;11345018541;S
20241028;100024;3797;1;11345018734;S
20241028;100024;3797.5;11;11345018760;B
20241028;100024;3797;1;11345018983;S
20241028;100024;3797.5;1;11345018984;B
20241028;100025;3797.5;3;11345019119;B
20241028;100025;3797.5;1;11345019120;B
20241028;100025;3798;1;11345019211;B
20241028;100025;3798;30;11345019212;B
20241028;100025;3799;15;11345019302;B
20241028;100025;3799.5;15;11345019367;B
20241028;100025;3799.5;5;11345019368;B
20241028;100025;3799.5;53;11345019369;B
20241028;100025;3799.5;15;11345019439;B
20241028;100025;3800;385;11345019440;B
20241028;100025;3798;53;11345019659;S
20241028;100025;3798;15;11345019660;S
20241028;100025;3797.5;12;11345019661;S
20241028;100026;3800;3;11345019961;B
20241028;100026;3800;6;11345019962;B
20241028;100026;3800;5;11345019963;B
20241028;100026;3800;41;11345019964;B
20241028;100026;3800;93;11345019965;B
20241028;100026;3800;50;11345019966;B
20241028;100026;3800.5;2;11345019967;B
20241028;100026;3801.5;15;11345020104;S
20241028;100026;3801.5;53;11345020105;S
20241028;100026;3801;4;11345020106;S
20241028;100026;3801;15;11345020107;S
20241028;100026;3801;42;11345020108;S
20241028;100026;3804;9;11345020344;B
20241028;100026;3804.5;1;11345020585;B
20241028;100026;3804.5;1;11345020586;B
20241028;100027;3804;1;11345020746;S
20241028;100027;3803.5;4;11345020747;S
20241028;100027;3802.5;15;11345020748;S
20241028;100027;3802.5;53;11345020749;S
20241028;100027;3802;15;11345020750;S
20241028;100027;3802;30;11345020751;S
20241028;100027;3801.5;15;11345020752;S
20241028;100027;3801;15;11345020753;S
20241028;100027;3800.5;15;11345020754;S
20241028;100027;3800.5;20;11345020755;S
20241028;100027;3800;12;11345020756;S
20241028;100028;3800.5;2;11345020941;S
20241028;100028;3800;5;11345020942;S
20241028;100028;3799.5;5;11345021123;S
20241028;100028;3802.5;15;11345021371;B
20241028;100028;3803;158;11345021372;B
20241028;100028;3803;15;11345021373;B
20241028;100028;3803;30;11345021374;B
20241028;100028;3803.5;15;11345021375;B
20241028;100028;3803.5;17;11345021376;B
20241028;100029;3802.5;5;11345021537;B
20241028;100030;3804;41;11345022118;S
20241028;100030;3804.5;15;11345022296;B
20241028;100030;3805;2;11345022297;B
20241028;100031;3804.5;15;11345022391;B
20241028;100031;3804.5;30;11345022392;B
20241028;100031;3804.5;105;11345022393;S
20241028;100031;3804.5;72;11345022394;S
20241028;100032;3804;10;11345023157;S
20241028;100033;3804.5;1;11345023354;B
20241028;100033;3804;68;11345023548;S
20241028;100033;3804;32;11345023549;S
20241028;100033;3802.5;15;11345023550;S
20241028;100033;3802;85;11345023551;S
20241028;100034;3803.5;1;11345023830;B
20241028;100034;3803.5;1;11345024089;B
20241028;100035;3803;39;11345024333;S
20241028;100036;3804.5;6;11345024576;B
20241028;100036;3804.5;8;11345024631;B
20241028;100036;3805;9;11345024632;B
20241028;100036;3803.5;1;11345024768;S
20241028;100036;3803.5;3;11345024955;S
20241028;100037;3804.5;4;11345025222;B
20241028;100038;3804;3;11345025473;S
20241028;100038;3803.5;49;11345025474;S
20241028;100038;3803;44;11345025475;S
20241028;100038;3803;80;11345025476;S
20241028;100038;3803;35;11345025477;S
20241028;100038;3802.5;59;11345025478;S
20241028;100038;3802.5;24;11345025479;S
20241028;100038;3802;6;11345025480;S
20241028;100038;3802.5;1;11345025847;S
20241028;100039;3802.5;5;11345026094;S
20241028;100039;3804.5;2;11345026198;B
20241028;100040;3804;25;11345026346;S
20241028;100040;3804;50;11345026347;S
20241028;100040;3804;2;11345026905;S
20241028;100040;3803.5;15;11345027093;B
20241028;100040;3803.5;5;11345027094;B
20241028;100041;3802;20;11345027231;S
20241028;100041;3803.5;15;11345027472;B
20241028;100041;3804;5;11345027473;B
20241028;100041;3804;15;11345027474;B
20241028;100041;3804;1;11345027475;B
20241028;100041;3804;16;11345027476;S
20241028;100041;3802;13;11345027509;S
20241028;100041;3802;17;11345027510;S
20241028;100042;3803.5;15;11345028515;B
20241028;100042;3804;15;11345028516;B
20241028;100042;3804;102;11345028517;B
20241028;100042;3804.5;9;11345028518;B
20241028;100042;3804.5;9;11345028519;B
20241028;100043;3802;158;11345028632;S
20241028;100043;3801.5;56;11345028633;S
20241028;100043;3801;38;11345028634;S
20241028;100043;3801;41;11345028635;S
20241028;100043;3801;15;11345028636;S
20241028;100043;3800.5;63;11345028637;S
20241028;100043;3800.5;38;11345028638;S
20241028;100043;3800.5;15;11345028639;S
20241028;100043;3800;73;11345028640;S
20241028;100043;3800;3;11345028641;S
20241028;100043;3803;2;11345028653;B
20241028;100043;3803;13;11345028744;B
20241028;100043;3803;21;11345028745;B
20241028;100044;3800;2;11345029247;S
20241028;100044;3800;1;11345029252;S
20241028;100044;3800;1;11345029256;S
20241028;100044;3800;2;11345029258;S
20241028;100044;3800;1;11345029270;S
20241028;100044;3800;1;11345029271;S
20241028;100044;3800;1;11345029276;S
20241028;100044;3800;1;11345029277;S
20241028;100044;3800;1;11345029283;S
20241028;100044;3800;1;11345029296;S
20241028;100044;3800;1;11345029299;S
20241028;100044;3800;1;11345029309;S
20241028;100044;3800;1;11345029310;S
20241028;100044;3800;1;11345029320;S
20241028;100044;3800;1;11345029332;S
20241028;100044;3800;1;11345029345;S
20241028;100044;3800;1;11345029384;S
20241028;100044;3800;1;11345029385;S
20241028;100044;3800;1;11345029392;S
20241028;100044;3800;1;11345029393;S
20241028;100044;3800;1;11345029403;S
20241028;100044;3800;1;11345029407;S
20241028;100044;3800;1;11345029408;S
20241028;100044;3800;1;11345029419;S
20241028;100044;3800;1;11345029430;S
20241028;100044;3800;1;11345029433;S
20241028;100044;3802.5;15;11345029447;B
20241028;100044;3802.5;16;11345029448;S
20241028;100045;3802.5;2;11345029796;S
20241028;100045;3803.5;5;11345029883;B
20241028;100045;3803.5;1;11345029920;B
20241028;100046;3803.5;9;11345030072;B
20241028;100046;3804;53;11345030073;B
20241028;100046;3804;30;11345030074;B
20241028;100046;3804;15;11345030075;B
20241028;100046;3804.5;15;11345030076;B
20241028;100046;3804.5;20;11345030077;B
20241028;100046;3805;3;11345030078;B
20241028;100046;3805;60;11345030079;B
20241028;100046;3805;15;11345030080;B
20241028;100046;3805.5;8;11345030081;B
20241028;100046;3802.5;4;11345030563;S
20241028;100046;3803;1;11345030614;B
20241028;100046;3804;15;11345030615;B
20241028;100046;3804.5;5;11345030616;B
20241028;100046;3805.5;5;11345030681;B
20241028;100047;3803;53;11345030892;S
20241028;100047;3802.5;38;11345030893;S
20241028;100047;3802.5;9;11345030894;S
20241028;100047;3802.5;22;11345031017;S
20241028;100047;3802.5;9;11345031018;S
20241028;100047;3802;2;11345031019;S
20241028;100047;3802;52;11345031020;S
20241028;100047;3802;15;11345031021;S
20241028;100047;3801.5;15;11345031022;S
20241028;100047;3801.5;73;11345031023;S
20241028;100047;3801;15;11345031024;S
20241028;100047;3801;7;11345031025;S
20241028;100048;3803.5;15;11345031521;B
20241028;100048;3803.5;1;11345031522;B
20241028;100048;3804;158;11345031523;B
20241028;100048;3804;15;11345031524;B
20241028;100048;3804;7;11345031525;B
20241028;100050;3803;22;11345032108;S
20241028;100050;3802.5;90;11345032109;B
20241028;100050;3802.5;89;11345032110;B
20241028;100050;3801;40;11345032127;S
20241028;100050;3801;47;11345032219;S
20241028;100050;3800.5;115;11345032220;S
20241028;100050;3800;8;11345032221;S
20241028;100050;3800;15;11345032222;S
20241028;100050;3800;15;11345032223;S
20241028;100051;3801;29;11345032242;S
20241028;100051;3800.5;21;11345032243;S
20241028;100051;3802;2;11345032384;B
20241028;100051;3800.5;28;11345032417;S
20241028;100051;3800;110;11345032418;S
20241028;100051;3799.5;15;11345032419;S
20241028;100051;3799.5;88;11345032420;S
20241028;100051;3799;4;11345032421;S
20241028;100051;3799;15;11345032422;S
20241028;100051;3799;107;11345032423;S
20241028;100051;3798.5;15;11345032424;S
20241028;100051;3798.5;9;11345032425;S
20241028;100051;3798;15;11345032426;S
20241028;100051;3798;94;11345032427;B
20241028;100051;3798;10;11345032428;B
20241028;100051;3798;1;11345032429;B
20241028;100051;3798;4;11345032430;B
20241028;100051;3800;14;11345032433;B
20241028;100051;3800;1;11345032434;B
20241028;100053;3802;13;11345033338;B
20241028;100053;3802;14;11345033339;B
20241028;100054;3802.5;2;11345033723;B
20241028;100054;3802.5;40;11345033793;B
20241028;100054;3802.5;27;11345033852;B
20241028;100054;3802.5;95;11345033853;B
20241028;100056;3802.5;135;11345034298;B
20241028;100057;3804;3;11345034801;S
20241028;100057;3804;3;11345034907;S
20241028;100057;3804;9;11345035013;S
20241028;100057;3804;50;11345035014;S
20241028;100057;3804;3;11345035015;S
20241028;100058;3804;1;11345035043;S
20241028;100100;3804;4;11345035896;S
20241028;100100;3804;1;11345035897;S
20241028;100100;3804;15;11345035898;S
20241028;100100;3804;4;11345035899;S
20241028;100100;3804;4;11345035900;S
20241028;100100;3803.5;2;11345035902;S
20241028;100100;3804.5;5;11345035917;B
20241028;100100;3805;10;11345036077;B
20241028;100100;3805;5;11345036220;B
20241028;100101;3805;5;11345036478;B
20241028;100102;3805.5;15;11345036659;B
20241028;100102;3805.5;3;11345036660;B
20241028;100102;3805;1;11345036665;S
20241028;100102;3804.5;6;11345036666;S
20241028;100102;3804.5;26;11345036667;S
20241028;100102;3804.5;1;11345036668;S
20241028;100102;3805.5;13;11345036678;B
20241028;100102;3805.5;10;11345036679;B
20241028;100102;3805.5;4;11345036680;B
20241028;100102;3805.5;5;11345036681;B
20241028;100102;3805;1;11345036682;S
20241028;100102;3805;10;11345036683;S
20241028;100102;3804.5;7;11345036684;S
20241028;100102;3804.5;9;11345036685;S
20241028;100102;3804;13;11345036686;S
20241028;100102;3805.5;10;11345036690;B
20241028;100102;3805.5;17;11345036693;B
20241028;100102;3805.5;9;11345036695;B
20241028;100102;3805.5;6;11345036696;B
20241028;100102;3804.5;40;11345036697;S
20241028;100102;3805.5;10;11345036703;B
20241028;100102;3805.5;24;11345036707;B
20241028;100102;3805.5;1;11345036708;B
20241028;100102;3805.5;5;11345036709;B
20241028;100102;3805;40;11345036712;S
20241028;100102;3805.5;6;11345036715;B
20241028;100102;3805.5;10;11345036717;B
20241028;100102;3805.5;8;11345036718;B
20241028;100102;3805.5;41;11345036719;B
20241028;100102;3805.5;1;11345036721;S
20241028;100102;3805.5;1;11345036728;B
20241028;100102;3805.5;10;11345036730;B
20241028;100102;3805.5;13;11345036731;B
20241028;100102;3806;24;11345036735;B
20241028;100102;3806;30;11345036736;B
20241028;100102;3806;40;11345036739;S
20241028;100102;3806;41;11345036740;S
20241028;100102;3806.5;1;11345036747;B
20241028;100102;3806;40;11345036749;B
20241028;100102;3806.5;40;11345036750;B
20241028;100102;3807;40;11345036751;B
20241028;100102;3807;40;11345036752;B
20241028;100102;3807;17;11345036753;B
20241028;100102;3807.5;9;11345036754;B
20241028;100102;3807.5;15;11345036755;B
20241028;100102;3807.5;40;11345036756;S
20241028;100102;3807.5;15;11345036757;S
20241028;100102;3807.5;15;11345036759;S
20241028;100102;3807.5;15;11345036763;S
20241028;100102;3807.5;30;11345036764;S
20241028;100102;3807.5;1;11345036773;B
20241028;100102;3807.5;39;11345036774;B
20241028;100102;3807.5;41;11345036775;B
20241028;100102;3807.5;40;11345036777;S
20241028;100102;3807.5;15;11345036779;S
20241028;100102;3807.5;30;11345036780;S
20241028;100102;3806.5;9;11345036800;S
20241028;100102;3806;10;11345036802;S
20241028;100102;3805.5;10;11345036805;S
20241028;100102;3805.5;10;11345036806;S
20241028;100102;3805.5;20;11345036807;S
20241028;100102;3805.5;40;11345036813;S
20241028;100102;3806;15;11345036815;S
20241028;100102;3805;10;11345036818;S
20241028;100102;3805;15;11345036819;S
20241028;100102;3804.5;15;11345036828;S
20241028;100102;3804;31;11345036830;S
20241028;100102;3804;6;11345036831;S
20241028;100102;3804;3;11345036832;S
20241028;100102;3804;3;11345036833;S
20241028;100102;3804;5;11345036834;S
20241028;100102;3804;32;11345036835;S
20241028;100102;3804;40;11345036837;S
20241028;100102;3804.5;40;11345036839;S
20241028;100102;3804.5;15;11345036840;S
20241028;100102;3804.5;40;11345036841;S
20241028;100102;3804.5;40;11345036844;S
20241028;100102;3804.5;23;11345036848;S
20241028;100102;3804;10;11345036852;S
20241028;100102;3804;30;11345036853;S
20241028;100102;3804.5;40;11345036857;S
20241028;100102;3804.5;10;11345036859;S
20241028;100102;3804;40;11345036873;S
20241028;100102;3803.5;8;11345036878;S
20241028;100102;3803.5;2;11345036879;S
20241028;100102;3804;40;11345036881;S
20241028;100102;3804;40;11345036884;S
20241028;100102;3803.5;1;11345036899;B
20241028;100102;3802;28;11345036973;S
20241028;100103;3803.5;1;11345037209;B
20241028;100104;3803;2;11345037896;B
20241028;100105;3803;1;11345038040;B
20241028;100105;3802;100;11345038096;S
20241028;100105;3802;15;11345038097;S
20241028;100105;3801.5;47;11345038098;S
20241028;100105;3801.5;15;11345038099;S
20241028;100105;3801;66;11345038100;S
20241028;100105;3801;15;11345038101;S
20241028;100105;3800.5;15;11345038102;S
20241028;100105;3800.5;41;11345038103;S
20241028;100105;3800;19;11345038104;S
20241028;100105;3800;30;11345038105;S
20241028;100105;3800;15;11345038106;S
20241028;100105;3800;1;11345038107;S
20241028;100105;3799.5;2;11345038143;B
20241028;100105;3799.5;13;11345038146;B
20241028;100105;3800;22;11345038147;B
20241028;100105;3799.5;1;11345038244;B
20241028;100105;3799.5;14;11345038277;B
20241028;100105;3800;20;11345038278;B
20241028;100105;3798.5;38;11345038345;S
20241028;100105;3799.5;11;11345038376;B
20241028;100105;3799.5;4;11345038385;B
20241028;100105;3800;79;11345038386;B
20241028;100105;3800;15;11345038387;B
20241028;100105;3800.5;15;11345038388;B
20241028;100105;3801;15;11345038389;B
20241028;100105;3801.5;15;11345038390;B
20241028;100105;3801.5;40;11345038391;B
20241028;100105;3802;40;11345038392;B
20241028;100105;3802;15;11345038393;B
20241028;100105;3802.5;15;11345038394;B
20241028;100105;3802.5;9;11345038395;B
20241028;100105;3802.5;41;11345038396;B
20241028;100105;3803;15;11345038397;B
20241028;100105;3803;30;11345038398;B
20241028;100105;3803.5;15;11345038399;B
20241028;100105;3803.5;18;11345038400;B
20241028;100105;3804;15;11345038401;B
20241028;100105;3804;40;11345038402;B
20241028;100105;3804.5;12;11345038403;B
20241028;100105;3805;52;11345038404;S
20241028;100106;3802;3;11345038406;S
20241028;100106;3802;1;11345038407;S
20241028;100106;3802;2;11345038408;S
20241028;100106;3802;24;11345038472;S
20241028;100106;3802;6;11345038842;S
20241028;100106;3801.5;9;11345038843;S
20241028;100106;3801;5;11345038844;S
20241028;100106;3802.5;4;11345038935;B
20241028;100106;3803.5;1;11345038951;B
20241028;100107;3802.5;6;11345039214;S
20241028;100107;3801;50;11345039215;S
20241028;100107;3800.5;15;11345039216;S
20241028;100107;3800;15;11345039217;S
20241028;100107;3800;24;11345039218;S
20241028;100108;3802;15;11345040448;B
20241028;100108;3802;41;11345040669;B
20241028;100108;3802.5;9;11345040670;B
20241028;100109;3803.5;1;11345040863;B
20241028;100109;3802;10;11345040902;S
20241028;100109;3800;7;11345040903;S
20241028;100109;3800;9;11345040904;S
20241028;100109;3800;34;11345040905;S
20241028;100109;3801.5;1;11345040942;B
20241028;100109;3803;4;11345041025;B
20241028;100109;3803;4;11345041080;B
20241028;100110;3802.5;21;11345041528;S
20241028;100111;3801.5;2;11345041869;S
20241028;100111;3801.5;10;11345041907;S
20241028;100111;3802;50;11345041984;B
20241028;100111;3802;50;11345042120;B
20241028;100112;3802;1;11345042209;B
20241028;100113;3802;200;11345042641;B
20241028;100113;3802;5;11345042642;B
20241028;100113;3802;14;11345042643;B
20241028;100113;3801.5;5;11345042754;S
20241028;100114;3802;82;11345043139;B
20241028;100115;3802;1;11345043327;B
20241028;100115;3801.5;8;11345043438;S
20241028;100115;3801.5;12;11345043439;S
20241028;100115;3802;1;11345043546;B
20241028;100116;3802;50;11345043706;B
20241028;100116;3802;2;11345043708;B
20241028;100116;3802;3;11345043709;B
20241028;100116;3801.5;2;11345043821;S
20241028;100116;3802;1;11345043901;B
20241028;100118;3802;5;11345044405;B
20241028;100118;3801.5;23;11345044442;S
20241028;100118;3801.5;1;11345044443;S
20241028;100118;3801.5;1;11345044444;S
20241028;100118;3801.5;1;11345044445;S
20241028;100118;3802;15;11345044505;B
20241028;100118;3801.5;3;11345044568;S
20241028;100119;3801.5;43;11345044958;S
20241028;100119;3801.5;1;11345044959;S
20241028;100119;3800.5;50;11345044960;S
20241028;100119;3800;9;11345044961;S
20241028;100119;3800;1;11345044962;S
20241028;100119;3800;15;11345044963;S
20241028;100119;3800;1;11345044964;S
20241028;100119;3800;1;11345044965;S
20241028;100119;3800;4;11345044966;S
20241028;100119;3800;6;11345045001;S
20241028;100119;3800;1;11345045002;S
20241028;100119;3800;20;11345045003;S
20241028;100119;3800;1;11345045004;S
20241028;100120;3799.5;5;11345045131;B
20241028;100121;3800;6;11345045367;B
20241028;100121;3800;10;11345045368;B
20241028;100121;3800;10;11345045370;B
20241028;100121;3800;10;11345045371;B
20241028;100121;3799.5;1;11345045485;B
20241028;100121;3798;15;11345045506;B
20241028;100122;3798;41;11345045975;B
20241028;100122;3798;19;11345045976;B
20241028;100123;3797.5;3;11345046434;S
20241028;100123;3799;40;11345046733;B
20241028;100123;3799;10;11345046734;B
20241028;100123;3799.5;40;11345046773;B
20241028;100123;3799.5;10;11345046774;B
20241028;100124;3799.5;5;11345047057;B
20241028;100124;3799.5;3;11345047058;B
20241028;100124;3798;2;11345047122;S
20241028;100125;3798;1;11345047340;S
20241028;100126;3799.5;38;11345048188;B
20241028;100126;3800;12;11345048189;B
20241028;100126;3798.5;1;11345048308;S
20241028;100127;3798.5;1;11345048419;S
20241028;100127;3799.5;3;11345048556;B
20241028;100128;3798.5;10;11345048684;S
20241028;100128;3799.5;38;11345048798;B
20241028;100128;3800;24;11345048799;B
20241028;100128;3800;24;11345048800;B
20241028;100129;3799.5;41;11345049263;B
20241028;100129;3800;59;11345049264;B
20241028;100130;3798.5;3;11345049385;S
20241028;100130;3798;17;11345049386;S
20241028;100130;3798;9;11345049404;S
20241028;100130;3797.5;2;11345049532;S
20241028;100131;3799;41;11345049746;B
20241028;100131;3799;15;11345049747;B
20241028;100131;3799.5;5;11345049748;B
20241028;100131;3799.5;39;11345049749;B
20241028;100131;3798;13;11345049759;S
20241028;100131;3798;8;11345049762;S
20241028;100131;3798;1;11345049764;S
20241028;100131;3799.5;87;11345049845;B
20241028;100131;3799.5;1;11345050019;B
20241028;100131;3799;1;11345050049;S
20241028;100132;3798;1;11345050101;S
20241028;100133;3799;1;11345050537;B
20241028;100134;3799;1;11345050664;B
20241028;100136;3799;8;11345051348;S
20241028;100136;3799;1;11345051506;S
20241028;100137;3799.5;2;11345051711;B
20241028;100138;3799;44;11345052162;S
20241028;100138;3799;15;11345052163;S
20241028;100138;3798.5;241;11345052164;S
20241028;100139;3799;1;11345052249;S
20241028;100139;3799;1;11345052252;S
20241028;100139;3799;1;11345052253;S
20241028;100139;3799;1;11345052254;S
20241028;100139;3799;1;11345052257;S
20241028;100139;3799;1;11345052259;S
20241028;100139;3799;2;11345052342;S
20241028;100139;3799;1;11345052343;S
20241028;100139;3799;2;11345052348;S
20241028;100139;3799;2;11345052350;S
20241028;100139;3799;1;11345052360;S
20241028;100139;3799;1;11345052362;S
20241028;100139;3799;2;11345052363;S
20241028;100139;3799;1;11345052367;S
20241028;100139;3799;1;11345052372;S
20241028;100139;3799;1;11345052373;S
20241028;100139;3799;1;11345052374;S
20241028;100139;3799;1;11345052379;S
20241028;100139;3799;1;11345052387;S
20241028;100139;3799;1;11345052389;S
20241028;100139;3799;1;11345052395;S
20241028;100139;3799;1;11345052396;S
20241028;100139;3799;1;11345052401;S
20241028;100139;3798.5;1;11345052403;S
20241028;100139;3798.5;1;11345052407;S
20241028;100139;3798.5;1;11345052408;S
20241028;100139;3798.5;1;11345052423;S
20241028;100139;3798.5;1;11345052424;S
20241028;100139;3798.5;1;11345052426;S
20241028;100139;3798.5;1;11345052429;S
20241028;100139;3798.5;1;11345052431;S
20241028;100139;3798.5;1;11345052436;S
20241028;100139;3798.5;1;11345052441;S
20241028;100139;3798.5;2;11345052442;S
20241028;100139;3799;5;11345052489;B
20241028;100139;3799;1;11345052575;B
20241028;100141;3798.5;14;11345053090;S
20241028;100141;3799;9;11345053134;B
20241028;100141;3799;1;11345053135;B
20241028;100142;3799;5;11345053602;B
20241028;100142;3798.5;1;11345053605;S
20241028;100142;3798.5;2;11345053664;S
20241028;100143;3799;50;11345054123;S
20241028;100143;3798.5;20;11345054128;S
20241028;100143;3798.5;120;11345054413;S
20241028;100144;3798.5;30;11345054619;S
20241028;100145;3799;1;11345055021;B
20241028;100145;3798.5;60;11345055083;S
20241028;100145;3798.5;25;11345055084;S
20241028;100145;3798;24;11345055085;S
20241028;100145;3798;3;11345055086;S
20241028;100145;3798;19;11345055087;S
20241028;100145;3797.5;45;11345055088;S
20241028;100145;3797.5;2;11345055089;S
20241028;100145;3797.5;25;11345055090;S
20241028;100145;3797.5;15;11345055091;S
20241028;100145;3797.5;20;11345055092;S
20241028;100145;3797.5;79;11345055093;S
20241028;100145;3797;1;11345055094;S
20241028;100145;3797;1;11345055095;S
20241028;100145;3797;5;11345055096;S
20241028;100145;3797;3;11345055097;S
20241028;100145;3797;1;11345055098;S
20241028;100145;3797;1;11345055099;S
20241028;100145;3797;4;11345055100;S
20241028;100145;3797;42;11345055101;S
20241028;100145;3797;14;11345055102;S
20241028;100145;3797;50;11345055103;S
20241028;100145;3797;21;11345055104;S
20241028;100145;3796.5;15;11345055105;S
20241028;100145;3796.5;25;11345055106;S
20241028;100145;3797.5;1;11345055176;B
20241028;100146;3797.5;14;11345055186;B
20241028;100146;3797.5;12;11345055187;B
20241028;100146;3797.5;29;11345055189;B
20241028;100146;3798;14;11345055190;B
20241028;100146;3798;2;11345055451;S
20241028;100146;3797.5;18;11345055452;S
20241028;100148;3797.5;6;11345055892;S
20241028;100148;3799;5;11345056014;B
20241028;100148;3799;1;11345056098;B
20241028;100150;3797.5;5;11345056963;S
20241028;100152;3799;2;11345057706;B
20241028;100152;3798.5;41;11345057983;B
20241028;100152;3798.5;41;11345057984;B
20241028;100153;3798;2;11345058020;S
20241028;100153;3798.5;30;11345058021;B
20241028;100154;3798.5;1;11345058506;B
20241028;100154;3798;41;11345058508;S
20241028;100156;3798;1;11345059172;B
20241028;100156;3798;10;11345059193;B
20241028;100157;3797.5;24;11345059515;S
20241028;100157;3797.5;15;11345059516;S
20241028;100158;3797;1;11345059871;S
20241028;100158;3797;1;11345059893;S
20241028;100159;3797;39;11345060026;S
20241028;100200;3796.5;33;11345060384;S
20241028;100200;3796.5;14;11345060385;S
20241028;100200;3796;10;11345060386;S
20241028;100200;3796;1;11345060387;S
20241028;100200;3796;74;11345060388;S
20241028;100200;3796;50;11345060389;S
20241028;100200;3796;25;11345060390;S
20241028;100200;3795.5;91;11345060391;S
20241028;100200;3795.5;25;11345060392;S
20241028;100200;3795;4;11345060393;S
20241028;100200;3795;1;11345060394;S
20241028;100200;3795;1;11345060395;S
20241028;100200;3795;50;11345060396;S
20241028;100200;3794;2;11345060397;S
20241028;100200;3794;25;11345060398;S
20241028;100200;3794;50;11345060399;S
20241028;100200;3794;15;11345060400;S
20241028;100200;3794;9;11345060401;S
20241028;100200;3794;20;11345060402;S
20241028;100200;3793;1;11345060596;S
20241028;100200;3795.5;15;11345060626;B
20241028;100200;3795.5;26;11345060627;B
20241028;100200;3793.5;15;11345060637;S
20241028;100200;3793;16;11345060638;S
20241028;100200;3793;1;11345060639;S
20241028;100200;3793;50;11345060640;S
20241028;100200;3793;15;11345060641;S
20241028;100200;3792.5;15;11345060642;S
20241028;100200;3792.5;50;11345060643;S
20241028;100200;3792;50;11345060644;S
20241028;100200;3792;15;11345060645;S
20241028;100200;3792;250;11345060646;S
20241028;100200;3792;23;11345060647;S
20241028;100200;3791.5;1;11345060648;S
20241028;100200;3791.5;1;11345060649;S
20241028;100200;3791.5;16;11345060650;S
20241028;100200;3791.5;2;11345060651;S
20241028;100200;3792;1;11345060703;S
20241028;100201;3793.5;15;11345060766;B
20241028;100201;3793.5;8;11345060767;B
20241028;100201;3793.5;17;11345060876;S
20241028;100201;3793;39;11345060877;S
20241028;100201;3792.5;3;11345060878;S
20241028;100201;3792.5;52;11345060882;S
20241028;100201;3792;71;11345060883;S
20241028;100201;3791.5;25;11345060884;S
20241028;100201;3791.5;15;11345060885;S
20241028;100201;3791.5;86;11345060886;S
20241028;100201;3791;1;11345060887;S
20241028;100201;3791;1;11345060888;S
20241028;100201;3791;50;11345060889;S
20241028;100201;3791;15;11345060890;S
20241028;100201;3791;24;11345060891;S
20241028;100201;3791;40;11345060892;S
20241028;100201;3791;41;11345060893;S
20241028;100201;3790.5;1;11345060894;S
20241028;100201;3790.5;1;11345060895;S
20241028;100201;3790.5;40;11345060896;S
20241028;100201;3790.5;2;11345060897;S
20241028;100201;3790.5;15;11345060898;S
20241028;100201;3790.5;20;11345060899;S
20241028;100201;3790.5;188;11345060900;S
20241028;100201;3790;11;11345060901;S
20241028;100201;3790;1;11345060902;S
20241028;100201;3790;1;11345060903;S
20241028;100201;3790;11;11345060904;S
20241028;100201;3790;5;11345060905;S
20241028;100201;3790;2;11345060906;S
20241028;100201;3790;281;11345060907;S
20241028;100201;3793;5;11345061065;B
20241028;100203;3791;1;11345061638;B
20241028;100203;3791.5;3;11345061662;B
20241028;100203;3790.5;5;11345061821;S
20241028;100203;3791;2;11345061954;S
20241028;100203;3791;1;11345061955;S
20241028;100203;3790.5;14;11345061956;S
20241028;100203;3790;2;11345061957;S
20241028;100204;3791;23;11345062084;S
20241028;100205;3791;22;11345062541;S
20241028;100205;3790.5;17;11345062542;S
20241028;100205;3790.5;27;11345062603;S
20241028;100205;3790;28;11345062604;S
20241028;100205;3790;100;11345062781;S
20241028;100205;3790.5;50;11345062808;B
20241028;100206;3790.5;12;11345062841;B
20241028;100206;3791.5;8;11345062939;B
20241028;100206;3791.5;8;11345062940;S
20241028;100206;3792.5;1;11345063065;B
20241028;100206;3791;1;11345063105;S
20241028;100206;3791.5;7;11345063324;S
20241028;100207;3792.5;10;11345063818;S
20241028;100207;3791.5;15;11345063819;S
20241028;100207;3791.5;10;11345063820;S
20241028;100207;3791;8;11345063853;S
20241028;100207;3791;1;11345063854;S
20241028;100208;3791;2;11345064215;S
20241028;100208;3792;15;11345064286;B
20241028;100208;3792.5;9;11345064287;B
20241028;100209;3792;1;11345064520;B
20241028;100209;3791;25;11345064537;S
20241028;100209;3791;7;11345064932;S
20241028;100209;3791;7;11345064933;S
20241028;100209;3790.5;36;11345064934;S
20241028;100209;3790.5;50;11345064935;S
20241028;100209;3790.5;41;11345064936;S
20241028;100209;3790.5;40;11345064937;S
20241028;100209;3790;219;11345064938;S
20241028;100210;3790;2;11345065114;S
20241028;100211;3790.5;1;11345065293;B
20241028;100211;3790.5;10;11345065448;B
20241028;100212;3790;3;11345065680;S
20241028;100212;3790;100;11345065879;S
20241028;100212;3790;80;11345065955;S
20241028;100213;3790;10;11345066238;S
20241028;100213;3790;40;11345066239;S
20241028;100213;3790;14;11345066240;S
20241028;100213;3790;8;11345066241;S
20241028;100213;3790;2;11345066242;S
20241028;100213;3790;14;11345066243;S
20241028;100213;3790;10;11345066244;S
20241028;100213;3790;10;11345066250;S
20241028;100213;3790;3;11345066251;S
20241028;100213;3790;20;11345066252;S
20241028;100213;3790;3;11345066253;S
20241028;100213;3790;10;11345066254;S
20241028;100213;3790;1;11345066255;S
20241028;100213;3790;10;11345066256;S
20241028;100213;3790;3;11345066554;S
20241028;100213;3790;10;11345066555;S
20241028;100214;3790.5;2;11345066634;B
20241028;100214;3790.5;25;11345066635;B
20241028;100214;3790.5;5;11345066636;B
20241028;100214;3790;2;11345066685;S
20241028;100214;3790;3;11345066686;S
20241028;100214;3790;10;11345066687;S
20241028;100214;3790.5;5;11345066691;B
20241028;100215;3790;40;11345066923;S
20241028;100215;3790;3;11345067259;S
20241028;100215;3790;84;11345067340;S
20241028;100215;3790;1;11345067364;S
20241028;100216;3790;1;11345067439;S
20241028;100216;3790.5;22;11345067503;B
20241028;100216;3790.5;15;11345067504;B
20241028;100216;3790.5;20;11345067505;B
20241028;100216;3790.5;20;11345067506;B
20241028;100216;3790.5;1;11345067507;B
20241028;100216;3790.5;10;11345067508;B
20241028;100216;3790.5;10;11345067509;B
20241028;100216;3790.5;5;11345067510;B
20241028;100216;3790.5;20;11345067511;B
20241028;100216;3790.5;20;11345067512;B
20241028;100216;3790.5;41;11345067513;B
20241028;100216;3790.5;16;11345067514;B
20241028;100216;3790;25;11345067642;S
20241028;100216;3790.5;4;11345067725;B
20241028;100216;3790.5;30;11345067726;B
20241028;100216;3790.5;20;11345067727;B
20241028;100216;3790.5;20;11345067728;B
20241028;100216;3790.5;5;11345067729;B
20241028;100216;3790.5;1;11345067730;B
20241028;100216;3790.5;19;11345067731;B
20241028;100216;3790.5;15;11345067732;B
20241028;100216;3790.5;41;11345067733;B
20241028;100216;3791;15;11345067734;B
20241028;100216;3791;1;11345067735;B
20241028;100216;3791;1;11345067736;B
20241028;100216;3791;9;11345067737;B
20241028;100216;3791;74;11345067738;B
20241028;100216;3791.5;15;11345067739;B
20241028;100216;3791.5;5;11345067740;B
20241028;100216;3791.5;53;11345067741;B
20241028;100216;3791.5;10;11345067742;B
20241028;100216;3792;15;11345067743;B
20241028;100216;3792;117;11345067744;B
20241028;100216;3790;25;11345067745;S
20241028;100217;3790.5;7;11345068142;B
20241028;100217;3790.5;3;11345068143;B
20241028;100217;3790;13;11345068246;S
20241028;100218;3790.5;23;11345068580;S
20241028;100218;3790.5;50;11345068581;S
20241028;100218;3790.5;132;11345068582;S
20241028;100218;3790;795;11345068583;S
20241028;100218;3790;20;11345068584;S
20241028;100218;3790;10;11345069062;S
20241028;100219;3790;10;11345069101;S
20241028;100219;3790;1;11345069111;S
20241028;100219;3790;100;11345069189;S
20241028;100219;3790;1;11345069347;S
20241028;100219;3790;3;11345069378;S
20241028;100220;3790;50;11345069424;S
20241028;100220;3790.5;1;11345069431;B
20241028;100220;3790;20;11345069535;S
20241028;100220;3790;2;11345069542;S
20241028;100220;3790;2;11345069635;S
20241028;100220;3790.5;1;11345069636;B
20241028;100221;3790.5;13;11345069754;B
20241028;100221;3790.5;35;11345069755;B
20241028;100221;3790.5;6;11345069756;B
20241028;100221;3790.5;15;11345069757;B
20241028;100221;3790.5;5;11345069758;B
20241028;100221;3790.5;30;11345069759;B
20241028;100221;3790.5;18;11345069760;B
20241028;100221;3790;25;11345069763;S
20241028;100221;3790.5;1;11345069764;B
20241028;100221;3790;2;11345069765;S
20241028;100221;3790;83;11345069766;S
20241028;100221;3790;14;11345069773;S
20241028;100221;3790;50;11345069912;S
20241028;100221;3790.5;18;11345069944;B
20241028;100221;3790.5;5;11345069945;B
20241028;100221;3790.5;20;11345069946;B
20241028;100221;3790.5;7;11345069947;B
20241028;100221;3790;1;11345069991;S
20241028;100221;3790;50;11345070012;S
20241028;100221;3790;71;11345070065;S
20241028;100221;3790;1;11345070066;S
20241028;100221;3790;2;11345070067;S
20241028;100221;3790;1;11345070068;S
20241028;100221;3790;1;11345070069;S
20241028;100221;3790;1;11345070070;S
20241028;100221;3790;1;11345070071;S
20241028;100221;3790;1;11345070072;S
20241028;100221;3790;1;11345070073;S
20241028;100221;3790;50;11345070074;S
20241028;100221;3790;1;11345070075;S
20241028;100221;3790;2;11345070076;S
20241028;100221;3790;30;11345070077;S
20241028;100221;3790;48;11345070078;S
20241028;100221;3790;22;11345070079;S
20241028;100221;3790;1;11345070080;S
20241028;100221;3790;50;11345070081;S
20241028;100221;3790;3;11345070082;S
20241028;100221;3789.5;1;11345070083;S
20241028;100221;3789.5;52;11345070084;S
20241028;100223;3789.5;13;11345070566;S
20241028;100223;3789.5;15;11345070567;S
20241028;100223;3789.5;37;11345070568;S
20241028;100223;3789.5;5;11345070569;S
20241028;100223;3789;27;11345070627;S
20241028;100223;3789.5;3;11345070688;B
20241028;100223;3789;1;11345070764;S
20241028;100223;3789;1;11345070770;S
20241028;100223;3789;1;11345070776;S
20241028;100223;3789;1;11345070780;S
20241028;100223;3789;1;11345070787;S
20241028;100223;3789;1;11345070788;S
20241028;100223;3789;1;11345070798;S
20241028;100223;3789;1;11345070802;S
20241028;100223;3789;1;11345070806;S
20241028;100223;3789;1;11345070809;S
20241028;100223;3789;1;11345070812;S
20241028;100223;3789;2;11345070817;S
20241028;100223;3789;1;11345070819;S
20241028;100223;3789;1;11345070820;S
20241028;100223;3789;1;11345070827;S
20241028;100223;3789;1;11345070829;S
20241028;100223;3789;2;11345070835;S
20241028;100223;3789;1;11345070844;S
20241028;100223;3789;1;11345070845;S
20241028;100223;3789;1;11345070851;S
20241028;100223;3789;1;11345070853;S
20241028;100223;3789;1;11345070854;S
20241028;100223;3789;1;11345070857;S
20241028;100223;3789;1;11345070864;S
20241028;100223;3789;1;11345070866;S
20241028;100223;3789;1;11345070869;S
20241028;100223;3789;1;11345070879;S
20241028;100223;3789;1;11345070880;S
20241028;100224;3789;16;11345071110;S
20241028;100224;3789;7;11345071163;S
20241028;100224;3789;2;11345071167;S
20241028;100224;3789;1;11345071182;S
20241028;100224;3789.5;1;11345071301;B
20241028;100225;3789;1;11345071398;S
20241028;100225;3789;21;11345071438;S
20241028;100225;3789;79;11345071439;S
20241028;100225;3789.5;14;11345071569;B
20241028;100226;3789;1;11345071772;S
20241028;100226;3789;1;11345071773;S
20241028;100226;3789;31;11345071785;S
20241028;100226;3789;19;11345071786;S
20241028;100226;3789;52;11345071787;S
20241028;100226;3789;2;11345071788;S
20241028;100226;3789;5;11345071789;S
20241028;100226;3789;3;11345071790;S
20241028;100226;3789;2;11345071918;S
20241028;100226;3789;6;11345071919;S
20241028;100226;3788.5;2;11345071920;S
20241028;100226;3788.5;3;11345071921;S
20241028;100226;3789;41;11345071937;B
20241028;100226;3789;9;11345071938;B
20241028;100227;3788.5;137;11345072156;S
20241028;100227;3788.5;1;11345072158;S
20241028;100227;3788.5;1;11345072159;S
20241028;100227;3788.5;3;11345072160;S
20241028;100227;3788;25;11345072161;S
20241028;100227;3788;200;11345072162;S
20241028;100227;3788;50;11345072163;S
20241028;100227;3788;43;11345072164;S
20241028;100227;3788;157;11345072165;S
20241028;100227;3787.5;155;11345072166;S
20241028;100227;3787.5;5;11345072202;S
20241028;100227;3788;1;11345072238;B
20241028;100227;3788;3;11345072367;B
20241028;100227;3787.5;50;11345072452;S
20241028;100228;3788;16;11345072662;B
20241028;100228;3788;30;11345072663;B
20241028;100228;3788;41;11345072664;B
20241028;100228;3788;19;11345072665;B
20241028;100228;3788;1;11345072666;B
20241028;100228;3787.5;19;11345072733;S
20241028;100228;3787.5;1;11345072775;S
20241028;100228;3788;1;11345072796;B
20241028;100228;3787.5;4;11345072813;S
20241028;100228;3788;1;11345072818;B
20241028;100229;3787.5;23;11345073249;S
20241028;100229;3787;5;11345073250;S
20241028;100229;3787;50;11345073251;S
20241028;100229;3787;16;11345073252;S
20241028;100229;3786;50;11345073253;S
20241028;100229;3785.5;10;11345073254;S
20241028;100229;3785.5;1;11345073255;S
20241028;100229;3785;10;11345073256;S
20241028;100229;3785;1;11345073257;S
20241028;100229;3785;5;11345073258;S
20241028;100229;3785;13;11345073259;S
20241028;100229;3785;50;11345073260;S
20241028;100229;3785;15;11345073261;S
20241028;100229;3784.5;50;11345073262;S
20241028;100229;3784.5;15;11345073263;S
20241028;100229;3784.5;11;11345073264;S
20241028;100229;3784.5;50;11345073265;S
20241028;100229;3784;15;11345073266;S
20241028;100229;3784;50;11345073267;S
20241028;100229;3783.5;6;11345073268;S
20241028;100229;3783.5;15;11345073269;S
20241028;100229;3783.5;30;11345073270;S
20241028;100229;3783.5;41;11345073271;S
20241028;100229;3783;20;11345073272;S
20241028;100229;3783;15;11345073273;S
20241028;100229;3783;40;11345073274;S
20241028;100229;3782.5;50;11345073275;S
20241028;100229;3782.5;15;11345073276;S
20241028;100229;3782.5;40;11345073277;S
20241028;100229;3782;5;11345073278;S
20241028;100229;3782;5;11345073279;S
20241028;100229;3782;60;11345073280;S
20241028;100229;3782;15;11345073281;S
20241028;100229;3781.5;20;11345073282;S
20241028;100229;3781.5;302;11345073283;S
20241028;100229;3781.5;1;11345073302;S
20241028;100229;3781;2;11345073303;S
20241028;100229;3781;5;11345073304;S
20241028;100229;3781;3;11345073305;S
20241028;100229;3783;2;11345073313;B
20241028;100229;3782;4;11345073335;B
20241028;100229;3781;1;11345073336;S
20241028;100229;3781;1;11345073354;S
20241028;100229;3781;1;11345073357;S
20241028;100229;3781;1;11345073358;S
20241028;100229;3781;200;11345073411;S
20241028;100230;3781;3;11345073498;S
20241028;100230;3781;4;11345073499;S
20241028;100230;3781;2;11345073522;S
20241028;100230;3782;10;11345073545;B
20241028;100230;3781;15;11345073549;S
20241028;100230;3781;1;11345073556;S
20241028;100230;3782;1;11345073560;B
20241028;100230;3781.5;15;11345073564;B
20241028;100230;3782;1;11345073565;B
20241028;100230;3782;12;11345073566;B
20241028;100230;3782;15;11345073567;B
20241028;100230;3782.5;7;11345073568;B
20241028;100230;3782;1;11345073607;B
20241028;100230;3781;23;11345073621;S
20241028;100230;3781;2;11345073622;S
20241028;100230;3780.5;2;11345073623;S
20241028;100230;3780.5;10;11345073624;S
20241028;100230;3780.5;50;11345073625;S
20241028;100230;3780;6;11345073626;S
20241028;100230;3780;2;11345073627;S
20241028;100230;3780;2;11345073628;S
20241028;100230;3780;103;11345073629;S
20241028;100230;3782;1;11345073682;B
20241028;100230;3782;2;11345073687;B
20241028;100230;3782;10;11345073688;B
20241028;100230;3782;1;11345073689;B
20241028;100230;3781;1;11345073690;S
20241028;100230;3780;147;11345073691;S
20241028;100230;3780;5;11345073692;S
20241028;100230;3780;1;11345073693;S
20241028;100230;3780;41;11345073694;S
20241028;100230;3779.5;18;11345073695;S
20241028;100230;3781.5;10;11345073698;B
20241028;100230;3781.5;3;11345073773;S
20241028;100230;3782;2;11345073790;B
20241028;100230;3782;15;11345073791;B
20241028;100230;3782.5;6;11345073792;B
20241028;100230;3782.5;15;11345073793;B
20241028;100230;3783;13;11345073794;B
20241028;100230;3783;41;11345073795;B
20241028;100230;3783;11;11345073796;B
20241028;100230;3783.5;15;11345073797;B
20241028;100230;3784;12;11345073798;B
20241028;100230;3781.5;2;11345073799;S
20241028;100230;3783.5;5;11345073810;B
20241028;100230;3781.5;1;11345073815;S
20241028;100230;3781.5;2;11345073816;S
20241028;100230;3781.5;13;11345073820;S
20241028;100230;3781;187;11345073821;S
20241028;100230;3781;2;11345073822;S
20241028;100231;3781;31;11345073855;S
20241028;100231;3781;1;11345073856;S
20241028;100231;3781.5;3;11345073908;S
20241028;100231;3782.5;1;11345073915;B
20241028;100231;3784;9;11345073916;B
20241028;100231;3781.5;1;11345073919;S
20241028;100231;3784;1;11345073931;B
20241028;100231;3784;7;11345073937;B
20241028;100231;3782.5;1;11345073983;S
20241028;100231;3782.5;1;11345073997;S
20241028;100231;3782.5;13;11345073999;S
20241028;100231;3782;6;11345074000;S
20241028;100231;3782.5;15;11345074003;S
20241028;100231;3782;4;11345074004;S
20241028;100231;3782;15;11345074005;S
20241028;100231;3781.5;11;11345074006;S
20241028;100231;3781.5;11;11345074007;S
20241028;100231;3783.5;2;11345074152;S
20241028;100231;3783.5;7;11345074164;S
20241028;100231;3784;5;11345074264;B
20241028;100231;3783.5;6;11345074271;S
20241028;100231;3783;3;11345074272;S
20241028;100231;3783;15;11345074273;S
20241028;100231;3782.5;1;11345074274;S
20241028;100231;3783;15;11345074309;S
20241028;100231;3783;5;11345074310;S
20241028;100231;3783;6;11345074316;S
20241028;100232;3783;1;11345074460;S
20241028;100233;3784;25;11345074682;S
20241028;100233;3784;15;11345074683;S
20241028;100233;3783.5;15;11345074684;S
20241028;100233;3783.5;10;11345074685;S
20241028;100233;3783;14;11345074686;S
20241028;100233;3784.5;2;11345074739;B
20241028;100234;3785;1;11345075094;B
20241028;100234;3784.5;10;11345075128;S
20241028;100234;3784.5;50;11345075129;S
20241028;100234;3784.5;15;11345075130;S
20241028;100234;3784;15;11345075131;S
20241028;100234;3783.5;15;11345075132;S
20241028;100234;3783;5;11345075133;S
20241028;100234;3784.5;1;11345075351;B
20241028;100234;3784.5;4;11345075430;B
20241028;100236;3784.5;10;11345076023;B
20241028;100236;3784.5;41;11345076024;B
20241028;100236;3785;1;11345076033;B
20241028;100236;3785;53;11345076034;B
20241028;100236;3785;1;11345076035;B
20241028;100236;3785;14;11345076036;B
20241028;100236;3785.5;3;11345076039;B
20241028;100236;3783.5;5;11345076070;S
20241028;100236;3783.5;1;11345076082;S
20241028;100236;3785;1;11345076281;B
20241028;100237;3783.5;1;11345076378;S
20241028;100237;3785;2;11345076473;B
20241028;100237;3784.5;3;11345076604;S
20241028;100237;3784.5;3;11345076605;S
20241028;100238;3784.5;3;11345076839;S
20241028;100238;3785.5;15;11345076850;B
20241028;100238;3784.5;2;11345076863;S
20241028;100238;3784.5;1;11345077160;S
20241028;100239;3785.5;21;11345077247;B
20241028;100239;3785.5;18;11345077367;B
20241028;100239;3785.5;1;11345077396;S
20241028;100239;3786.5;1;11345077643;B
20241028;100240;3785.5;14;11345077779;S
20241028;100240;3785;41;11345077780;S
20241028;100240;3785;15;11345077781;S
20241028;100240;3784.5;19;11345077782;S
20241028;100240;3784.5;9;11345077783;S
20241028;100240;3786;15;11345078045;B
20241028;100240;3786.5;18;11345078046;B
20241028;100240;3786.5;10;11345078047;B
20241028;100240;3786.5;15;11345078048;B
20241028;100240;3786.5;41;11345078049;B
20241028;100240;3787;15;11345078050;B
20241028;100240;3787;30;11345078051;B
20241028;100240;3787.5;15;11345078052;B
20241028;100240;3787.5;106;11345078053;B
20241028;100241;3787;15;11345078126;B
20241028;100241;3787;41;11345078127;B
20241028;100241;3787;41;11345078173;B
20241028;100241;3787.5;15;11345078174;B
20241028;100241;3786;15;11345078308;S
20241028;100241;3786;53;11345078309;S
20241028;100241;3785.5;18;11345078310;S
20241028;100241;3785.5;49;11345078311;S
20241028;100241;3785.5;15;11345078312;S
20241028;100241;3785.5;30;11345078313;S
20241028;100241;3785;15;11345078314;S
20241028;100241;3785;112;11345078315;S
20241028;100241;3784.5;1;11345078316;S
20241028;100241;3784.5;15;11345078317;S
20241028;100241;3784.5;157;11345078318;S
20241028;100241;3784.5;20;11345078319;S
20241028;100242;3785.5;25;11345078542;S
20241028;100242;3784.5;53;11345078543;S
20241028;100242;3784;5;11345078544;S
20241028;100242;3784;92;11345078545;S
20241028;100242;3784;15;11345078546;S
20241028;100242;3784;41;11345078547;S
20241028;100242;3783.5;8;11345078548;S
20241028;100242;3783;19;11345078549;S
20241028;100242;3783;15;11345078550;S
20241028;100242;3783;2;11345078551;S
20241028;100242;3782.5;14;11345078552;S
20241028;100242;3782.5;15;11345078553;S
20241028;100242;3782.5;53;11345078554;S
20241028;100242;3782;15;11345078555;S
20241028;100242;3782;8;11345078556;S
20241028;100242;3782;50;11345078557;S
20241028;100242;3782;28;11345078558;S
20241028;100242;3785;15;11345078567;B
20241028;100242;3785.5;11;11345078568;B
20241028;100242;3785.5;8;11345078569;B
20241028;100243;3785;3;11345078930;B
20241028;100244;3783;5;11345079231;S
20241028;100244;3785;10;11345079252;B
20241028;100245;3785;1;11345079633;B
20241028;100245;3785;1;11345079815;S
20241028;100245;3784.5;2;11345079818;S
20241028;100246;3785;1;11345080109;B
20241028;100246;3786;3;11345080235;B
20241028;100248;3785;53;11345080791;S
20241028;100248;3785;2;11345080792;S
20241028;100248;3785;15;11345080793;S
20241028;100249;3785;5;11345081287;B
20241028;100249;3785;1;11345081334;B
20241028;100250;3785;16;11345081741;B
20241028;100250;3784.5;8;11345081817;S
20241028;100250;3784.5;61;11345081818;S
20241028;100250;3784.5;72;11345081819;S
20241028;100250;3784;50;11345081820;S
20241028;100250;3783;20;11345081821;S
20241028;100250;3783;15;11345081822;S
20241028;100250;3783;37;11345081823;S
20241028;100250;3783;19;11345081824;S
20241028;100250;3783;20;11345081825;S
20241028;100250;3782.5;2;11345081826;S
20241028;100250;3782.5;15;11345081827;S
20241028;100250;3782.5;41;11345081828;S
20241028;100250;3782;15;11345081829;S
20241028;100250;3782;1;11345081830;S
20241028;100250;3781.5;15;11345081831;S
20241028;100250;3781.5;11;11345081832;S
20241028;100250;3781;28;11345081833;S
20241028;100250;3781;3;11345081834;S
20241028;100250;3781;50;11345081835;S
20241028;100250;3781;15;11345081836;S
20241028;100250;3780.5;1;11345081837;S
20241028;100250;3780.5;3;11345081838;S
20241028;100250;3780.5;1;11345081839;S
20241028;100250;3780.5;15;11345081840;S
20241028;100250;3780.5;30;11345081841;S
20241028;100250;3780;1;11345081842;S
20241028;100250;3780;1;11345081843;S
20241028;100250;3780;8;11345081844;S
20241028;100250;3780;4;11345081845;S
20241028;100250;3780;1;11345081846;S
20241028;100250;3780;1;11345081847;S
20241028;100250;3780;1;11345081848;S
20241028;100250;3780;50;11345081849;S
20241028;100250;3780;40;11345081850;S
20241028;100250;3780;15;11345081851;S
20241028;100250;3779.5;1;11345081852;S
20241028;100250;3779.5;60;11345081853;S
20241028;100250;3779.5;15;11345081854;S
20241028;100250;3779;3;11345081855;S
20241028;100250;3779;15;11345081856;S
20241028;100250;3779;50;11345081857;S
20241028;100250;3778.5;2;11345081858;S
20241028;100250;3778.5;19;11345081859;S
20241028;100250;3779;5;11345081899;S
20241028;100250;3781;1;11345081948;B
20241028;100251;3781;14;11345081961;B
20241028;100251;3781;30;11345081962;B
20241028;100251;3781.5;15;11345081963;B
20241028;100251;3781.5;4;11345081964;B
20241028;100251;3781;15;11345081965;B
20241028;100251;3781.5;26;11345081966;B
20241028;100251;3781.5;15;11345081967;B
20241028;100251;3782;15;11345081968;B
20241028;100251;3782;24;11345081969;B
20241028;100251;3780.5;12;11345081985;S
20241028;100251;3780.5;15;11345081986;S
20241028;100251;3780.5;41;11345081987;S
20241028;100251;3780;15;11345081988;S
20241028;100251;3779.5;15;11345081989;S
20241028;100251;3779;15;11345081990;S
20241028;100251;3778.5;6;11345081991;S
20241028;100251;3778.5;20;11345081992;S
20241028;100251;3778.5;15;11345081993;S
20241028;100251;3778;15;11345081994;S
20241028;100251;3777.5;1;11345081995;S
20241028;100251;3777.5;1;11345081996;S
20241028;100251;3777.5;50;11345081997;S
20241028;100251;3777.5;50;11345081998;S
20241028;100251;3777.5;15;11345081999;S
20241028;100251;3777;1;11345082000;S
20241028;100251;3777;2;11345082001;S
20241028;100251;3777;2;11345082002;S
20241028;100251;3777;15;11345082003;S
20241028;100251;3777;40;11345082004;S
20241028;100251;3776.5;11;11345082005;S
20241028;100251;3776.5;15;11345082006;S
20241028;100251;3776.5;40;11345082007;S
20241028;100251;3776;15;11345082008;S
20241028;100251;3776;1;11345082009;S
20241028;100251;3776;15;11345082010;S
20241028;100251;3776;30;11345082011;S
20241028;100251;3775;1;11345082012;S
20241028;100251;3775;2;11345082013;S
20241028;100251;3775;10;11345082014;S
20241028;100251;3775;1;11345082015;S
20241028;100251;3775;5;11345082016;S
20241028;100251;3775;25;11345082017;S
20241028;100251;3775;1;11345082018;S
20241028;100251;3775;1;11345082019;S
20241028;100251;3774.5;20;11345082020;S
20241028;100251;3774;1;11345082021;S
20241028;100251;3773.5;32;11345082022;S
20241028;100251;3773.5;70;11345082023;S
20241028;100251;3773.5;50;11345082024;S
20241028;100251;3773;1;11345082025;S
20241028;100251;3773;15;11345082026;S
20241028;100251;3773;40;11345082027;S
20241028;100251;3772.5;27;11345082028;S
20241028;100251;3779;1;11345082040;B
20241028;100251;3779;1;11345082106;B
20241028;100251;3780.5;14;11345082139;B
20241028;100251;3780.5;8;11345082142;B
20241028;100251;3778.5;4;11345082189;S
20241028;100251;3780.5;18;11345082194;B
20241028;100251;3780.5;15;11345082195;B
20241028;100251;3780.5;24;11345082196;B
20241028;100251;3781;15;11345082197;B
20241028;100251;3781;40;11345082198;B
20241028;100251;3781;12;11345082199;B
20241028;100251;3781.5;15;11345082200;B
20241028;100251;3782;15;11345082201;B
20241028;100251;3782;41;11345082202;B
20241028;100251;3782;30;11345082203;B
20241028;100251;3782.5;15;11345082204;B
20241028;100251;3783;15;11345082205;B
20241028;100251;3783.5;15;11345082206;B
20241028;100251;3783.5;40;11345082207;B
20241028;100251;3783.5;24;11345082208;B
20241028;100251;3784;15;11345082209;B
20241028;100251;3784.5;1;11345082210;B
20241028;100251;3784.5;8;11345082211;B
20241028;100251;3784.5;300;11345082212;B
20241028;100251;3784.5;15;11345082213;B
20241028;100251;3785;408;11345082214;B
20241028;100251;3785;19;11345082215;B
20241028;100251;3778.5;1;11345082216;S
20241028;100251;3778.5;20;11345082250;S
20241028;100251;3782.5;5;11345082294;B
20241028;100251;3781.5;15;11345082371;S
20241028;100251;3781;45;11345082372;S
20241028;100251;3782.5;4;11345082374;B
20241028;100252;3785;2;11345082392;B
20241028;100252;3784.5;12;11345082395;B
20241028;100252;3784.5;41;11345082400;B
20241028;100252;3784;20;11345082452;S
20241028;100252;3782.5;1;11345082475;S
20241028;100252;3785;16;11345082483;B
20241028;100252;3785;5;11345082484;B
20241028;100252;3785;5;11345082485;B
20241028;100252;3782.5;14;11345082492;S
20241028;100252;3782.5;16;11345082493;S
20241028;100252;3785;10;11345082551;B
20241028;100252;3783.5;1;11345082622;S
20241028;100252;3783.5;1;11345082652;S
20241028;100252;3784.5;41;11345082680;S
20241028;100252;3784;53;11345082681;S
20241028;100252;3784;40;11345082682;S
20241028;100252;3784;15;11345082683;S
20241028;100252;3783.5;38;11345082684;S
20241028;100252;3783.5;15;11345082685;S
20241028;100252;3783;2;11345082686;S
20241028;100252;3783;15;11345082687;S
20241028;100252;3783;81;11345082689;B
20241028;100252;3782;1;11345082693;S
20241028;100252;3782;9;11345082733;S
20241028;100253;3785;15;11345082812;B
20241028;100253;3785;30;11345082937;S
20241028;100253;3785;1;11345082940;S
20241028;100253;3785;1;11345082965;S
20241028;100253;3785;3;11345083175;S
20241028;100254;3785;50;11345083238;S
20241028;100254;3785;1;11345083239;S
20241028;100254;3785;5;11345083240;S
20241028;100254;3784.5;23;11345083241;S
20241028;100254;3783.5;40;11345083242;S
20241028;100254;3783.5;41;11345083243;S
20241028;100254;3783;40;11345083244;S
20241028;100254;3785;1;11345083384;B
20241028;100255;3784.5;10;11345083533;S
20241028;100255;3784.5;5;11345083536;S
20241028;100255;3785.5;2;11345083579;B
20241028;100255;3785;3;11345083725;B
20241028;100255;3785;15;11345083726;B
20241028;100255;3785.5;10;11345083727;B
20241028;100255;3785.5;3;11345083759;B
20241028;100255;3785.5;2;11345083760;B
20241028;100255;3784.5;6;11345083874;S
20241028;100255;3784;41;11345083875;S
20241028;100255;3784;3;11345083876;S
20241028;100256;3785;1;11345083963;B
20241028;100256;3784;7;11345083997;S
20241028;100256;3785.5;1;11345084019;B
20241028;100256;3784;1;11345084098;S
20241028;100257;3785.5;1;11345084388;B
20241028;100258;3785;4;11345084650;S
20241028;100258;3785;10;11345084737;S
20241028;100258;3785;2;11345084738;S
20241028;100258;3784.5;15;11345084739;S
20241028;100258;3784.5;38;11345084740;S
20241028;100259;3785;2;11345084924;S
20241028;100300;3785.5;10;11345085388;B
20241028;100300;3785.5;15;11345085389;B
20241028;100300;3785.5;16;11345085390;B
20241028;100300;3785.5;41;11345085391;B
20241028;100300;3786;15;11345085392;B
20241028;100300;3786;7;11345085393;B
20241028;100300;3786.5;5;11345085394;B
20241028;100300;3786.5;15;11345085395;B
20241028;100300;3786.5;1;11345085396;B
20241028;100300;3785;8;11345085458;S
20241028;100301;3785;22;11345085481;B
20241028;100301;3785;15;11345085482;B
20241028;100301;3785;2;11345085578;S
20241028;100302;3785;5;11345086318;S
20241028;100302;3786;1;11345086337;B
20241028;100303;3786;13;11345086414;B
20241028;100303;3786.5;15;11345086415;B
20241028;100303;3786.5;6;11345086416;B
20241028;100303;3787;15;11345086417;B
20241028;100303;3787;6;11345086418;B
20241028;100303;3787.5;15;11345086419;B
20241028;100303;3787.5;30;11345086420;B
20241028;100304;3787.5;5;11345086744;B
20241028;100304;3787.5;6;11345086838;B
20241028;100304;3786.5;4;11345086909;S
20241028;100304;3787.5;4;11345086949;B
20241028;100304;3788;27;11345086950;B
20241028;100305;3787;3;11345087253;S
20241028;100306;3787;2;11345087529;S
20241028;100306;3787;18;11345087530;S
20241028;100306;3787;5;11345087575;S
20241028;100306;3787;18;11345087709;S
20241028;100307;3787;8;11345087822;S
20241028;100307;3787;9;11345087938;S
20241028;100307;3786.5;11;11345087939;S
20241028;100307;3786.5;12;11345087940;S
20241028;100307;3787.5;12;11345087956;B
20241028;100307;3786.5;40;11345088014;S
20241028;100308;3787;5;11345088398;S
20241028;100308;3787;3;11345088415;S
20241028;100308;3787;1;11345088476;S
20241028;100309;3787;1;11345088625;S
20241028;100309;3787;1;11345088627;S
20241028;100309;3787;1;11345088632;S
20241028;100309;3787;1;11345088634;S
20241028;100309;3787;1;11345088636;S
20241028;100309;3787;1;11345088638;S
20241028;100309;3787;1;11345088642;S
20241028;100309;3787;1;11345088647;S
20241028;100309;3787;1;11345088648;S
20241028;100309;3786.5;1;11345088651;S
20241028;100309;3786.5;1;11345088655;S
20241028;100309;3786.5;2;11345088659;S
20241028;100309;3786.5;1;11345088686;S
20241028;100309;3786.5;1;11345088688;S
20241028;100309;3786.5;1;11345088691;S
20241028;100309;3786.5;1;11345088699;S
20241028;100309;3786.5;1;11345088700;S
20241028;100309;3786.5;1;11345088705;S
20241028;100309;3786.5;1;11345088709;S
20241028;100309;3786.5;1;11345088710;S
20241028;100309;3786.5;1;11345088714;S
20241028;100309;3786.5;2;11345088717;S
20241028;100309;3786.5;1;11345088726;S
20241028;100309;3786.5;1;11345088730;S
20241028;100309;3786.5;2;11345088738;S
20241028;100309;3786.5;1;11345088743;S
20241028;100309;3786.5;1;11345088747;S
20241028;100309;3787;8;11345088794;B
20241028;100309;3787;2;11345089054;B
20241028;100310;3787;13;11345089204;B
20241028;100310;3787.5;3;11345089205;B
20241028;100310;3787.5;10;11345089206;B
20241028;100310;3787.5;8;11345089207;B
20241028;100310;3787;14;11345089350;S
20241028;100310;3786.5;9;11345089351;S
20241028;100310;3786.5;5;11345089352;S
20241028;100310;3786.5;8;11345089353;S
20241028;100310;3786;115;11345089354;S
20241028;100310;3786;3;11345089355;S
20241028;100310;3787.5;15;11345089381;B
20241028;100310;3787.5;20;11345089382;B
20241028;100310;3788;51;11345089383;B
20241028;100310;3788;98;11345089384;B
20241028;100310;3788;73;11345089385;B
20241028;100310;3786;2;11345089526;S
20241028;100311;3787.5;3;11345089591;B
20241028;100311;3787;45;11345089638;S
20241028;100311;3786.5;9;11345089639;S
20241028;100311;3786.5;41;11345089640;S
20241028;100311;3786.5;76;11345089641;S
20241028;100311;3786.5;15;11345089642;S
20241028;100311;3786;15;11345089643;S
20241028;100311;3786;30;11345089644;S
20241028;100311;3786;9;11345089645;S
20241028;100311;3786;30;11345089646;S
20241028;100311;3786;11;11345089975;S
20241028;100311;3786;15;11345089985;S
20241028;100312;3786.5;9;11345090351;B
20241028;100312;3786.5;1;11345090419;B
20241028;100313;3786;50;11345090611;S
20241028;100313;3786;1;11345090710;B
20241028;100314;3785.5;12;11345091009;S
20241028;100314;3785.5;50;11345091018;S
20241028;100314;3785.5;74;11345091267;S
20241028;100314;3785;9;11345091268;S
20241028;100314;3785;13;11345091269;S
20241028;100314;3785;41;11345091270;S
20241028;100314;3784.5;11;11345091271;S
20241028;100314;3784;13;11345091272;S
20241028;100314;3784;50;11345091273;S
20241028;100314;3784;12;11345091274;S
20241028;100314;3784;2;11345091275;S
20241028;100314;3783.5;1;11345091276;S
20241028;100314;3783.5;15;11345091277;S
20241028;100314;3783.5;71;11345091278;S
20241028;100314;3783;50;11345091279;S
20241028;100314;3783;15;11345091280;S
20241028;100314;3783;23;11345091281;S
20241028;100314;3784;1;11345091367;B
20241028;100315;3783.5;1;11345091573;B
20241028;100317;3783;5;11345092256;S
20241028;100317;3783;5;11345092258;S
20241028;100317;3783.5;1;11345092390;B
20241028;100319;3783;17;11345092834;S
20241028;100319;3783;41;11345092835;S
20241028;100319;3783;42;11345092836;S
20241028;100319;3782.5;1;11345093038;S
20241028;100320;3782.5;25;11345093168;S
20241028;100320;3782.5;16;11345093354;S
20241028;100320;3782.5;5;11345093412;S
20241028;100320;3782.5;2;11345093415;S
20241028;100320;3782.5;3;11345093416;S
20241028;100321;3783;20;11345093594;B
20241028;100321;3783;2;11345093640;B
20241028;100321;3783;2;11345093879;B
20241028;100322;3782.5;2;11345094115;S
20241028;100322;3782.5;11;11345094278;S
20241028;100322;3782;1;11345094279;S
20241028;100322;3782;6;11345094280;S
20241028;100323;3782;5;11345094496;S
20241028;100323;3782;5;11345094497;S
20241028;100324;3782;10;11345094878;S
20241028;100324;3782.5;4;11345094955;B
20241028;100324;3782.5;1;11345094959;B
20241028;100325;3782.5;2;11345095232;B
20241028;100325;3782;9;11345095394;S
20241028;100326;3782;5;11345095644;S
20241028;100326;3782;5;11345095646;S
20241028;100326;3782;5;11345095703;S
20241028;100326;3782;2;11345095704;S
20241028;100327;3782.5;8;11345096090;B
20241028;100327;3782.5;15;11345096091;B
20241028;100327;3782.5;53;11345096092;B
20241028;100327;3782.5;24;11345096093;B
20241028;100328;3782;1;11345096482;S
20241028;100329;3782;1;11345096571;S
20241028;100329;3782.5;5;11345096575;B
20241028;100329;3782.5;5;11345096576;B
20241028;100329;3782;5;11345096748;S
20241028;100329;3782;4;11345096751;S
20241028;100329;3781.5;1;11345096759;S
20241028;100330;3782;1;11345096919;B
20241028;100330;3782;5;11345097019;B
20241028;100331;3782;14;11345097531;B
20241028;100331;3782;26;11345097532;B
20241028;100331;3782;2;11345097533;B
20241028;100331;3782;1;11345097534;B
20241028;100331;3782;7;11345097535;B
20241028;100331;3782.5;1;11345097537;B
20241028;100331;3782.5;40;11345097538;B
20241028;100331;3782.5;13;11345097539;B
20241028;100331;3782.5;11;11345097540;S
20241028;100331;3783;1;11345097541;B
20241028;100331;3783;1;11345097542;B
20241028;100331;3782.5;10;11345097553;S
20241028;100332;3783;1;11345097864;B
20241028;100332;3783;1;11345097921;B
20241028;100332;3782.5;5;11345098020;S
20241028;100332;3782.5;1;11345098021;S
20241028;100332;3782.5;4;11345098022;S
20241028;100333;3782.5;3;11345098147;S
20241028;100333;3783;40;11345098148;B
20241028;100333;3783;40;11345098150;B
20241028;100333;3783;40;11345098151;B
20241028;100333;3783;40;11345098152;B
20241028;100333;3783;12;11345098153;B
20241028;100333;3783;28;11345098154;B
20241028;100333;3782.5;10;11345098190;S
20241028;100333;3782.5;40;11345098191;S
20241028;100333;3782.5;15;11345098192;S
20241028;100333;3782.5;30;11345098193;S
20241028;100333;3782;3;11345098194;S
20241028;100333;3782;2;11345098195;S
20241028;100333;3782.5;1;11345098251;S
20241028;100333;3783;1;11345098487;B
20241028;100334;3782.5;1;11345098608;S
20241028;100334;3782.5;1;11345098892;S
20241028;100335;3782.5;5;11345099209;S
20241028;100335;3782.5;5;11345099210;S
20241028;100335;3783;1;11345099280;B
20241028;100336;3783;8;11345099304;B
20241028;100336;3782.5;30;11345099350;S
20241028;100336;3782.5;5;11345099351;S
20241028;100336;3782.5;1;11345099443;S
20241028;100338;3782.5;5;11345100237;S
20241028;100338;3782.5;5;11345100238;S
20241028;100339;3782.5;23;11345100301;S
20241028;100339;3782.5;15;11345100302;S
20241028;100339;3782.5;9;11345100303;S
20241028;100339;3783;16;11345100307;B
20241028;100339;3782.5;30;11345100393;S
20241028;100339;3783;13;11345100398;B
20241028;100339;3782.5;13;11345100411;S
20241028;100339;3783;1;11345100548;B
