<DATE>;<TIME>;<LAST>;<VOL>;<ID>;<OPER>
20241031;095940;120.02;60;11365306644;B
20241031;095940;120.02;50;11365306645;B
20241031;095940;120.02;40;11365306646;S
20241031;095940;120.02;10;11365306647;S
20241031;095940;120.02;100;11365306648;S
20241031;095940;120.02;750;11365306649;B
20241031;095940;120.02;30;11365306650;S
20241031;095940;120.02;40;11365306651;S
20241031;095940;120.02;470;11365306652;B
20241031;100000;120.02;30;11365310918;S
20241031;100000;120.02;500;11365310919;S
20241031;100000;120;90;11365310920;S
20241031;100000;120;10;11365310921;S
20241031;100000;120;10;11365310922;S
20241031;100000;120;10;11365310923;S
20241031;100000;120;10;11365310924;S
20241031;100000;120;10;11365310925;S
20241031;100000;120;50;11365310926;S
20241031;100000;120;100;11365310927;S
20241031;100000;120;20;11365310928;S
20241031;100000;120;50;11365310929;S
20241031;100000;120;210;11365310930;S
20241031;100002;120.16;500;11365312355;B
20241031;100003;120.16;410;11365312981;B
20241031;100003;120.16;90;11365312982;B
20241031;100003;120.16;750;11365313237;B
20241031;100003;120.16;250;11365313238;B
20241031;100004;120.16;150;11365314104;B
20241031;100004;120.16;10;11365314105;B
20241031;100004;120.18;840;11365314106;B
20241031;100004;120.18;500;11365314139;B
20241031;100007;120.04;10;11365317624;S
20241031;100007;120.04;80;11365317626;S
20241031;100007;120.04;10;11365317627;S
20241031;100007;120.04;70;11365317630;S
20241031;100007;120.18;10;11365319185;B
20241031;100008;120.04;150;11365319771;S
20241031;100008;120.04;90;11365319772;S
20241031;100008;120.04;180;11365319773;S
20241031;100008;120.04;40;11365319774;S
20241031;100008;120.04;100;11365319775;S
20241031;100008;120.04;250;11365319776;S
20241031;100011;120.16;390;11365321750;B
20241031;100011;120.18;610;11365321751;B
20241031;100015;120.18;330;11365323034;B
20241031;100015;120.18;330;11365323045;B
20241031;100015;120.18;330;11365323051;B
20241031;100015;120.18;330;11365323052;B
20241031;100015;120.18;330;11365323054;B
20241031;100015;120.18;330;11365323055;B
20241031;100015;120.18;330;11365323056;B
20241031;100015;120.18;330;11365323057;B
20241031;100015;120.18;330;11365323059;B
20241031;100015;120.18;70;11365323062;B
20241031;100015;120.18;10;11365323063;B
20241031;100015;120.2;330;11365323102;B
20241031;100015;120.2;330;11365323103;B
20241031;100015;120.2;330;11365323104;B
20241031;100015;120.2;330;11365323106;B
20241031;100015;120.2;330;11365323108;B
20241031;100015;120.2;330;11365323109;B
20241031;100015;120.2;20;11365323110;B
20241031;100015;120.2;20;11365323111;B
20241031;100015;120.2;130;11365323112;B
20241031;100015;120.26;10;11365323113;B
20241031;100015;120.4;90;11365323298;B
20241031;100015;120.48;840;11365323299;B
20241031;100015;120.5;70;11365323300;B
20241031;100016;120.5;260;11365323374;B
20241031;100016;120.5;1000;11365323375;B
20241031;100016;120.5;150;11365323376;B
20241031;100016;120.5;300;11365323377;B
20241031;100016;120.52;20;11365323378;B
20241031;100016;120.56;1270;11365323379;B
20241031;100017;120.3;330;11365324240;S
20241031;100017;120.28;40;11365324241;S
20241031;100023;120.62;40;11365326506;B
20241031;100023;120.64;10;11365326507;B
20241031;100023;120.66;150;11365326508;B
20241031;100055;120.62;10;11365337073;B
20241031;100057;120.42;50;11365337600;S
20241031;100057;120.4;30;11365337601;S
20241031;100109;120.58;10;11365341557;B
20241031;100119;120.58;20;11365344038;B
20241031;100119;120.58;10;11365344039;B
20241031;100127;120.46;30;11365346697;S
20241031;100127;120.44;60;11365346698;S
20241031;100135;120.6;10;11365349391;B
20241031;100137;120.5;40;11365349826;S
20241031;100137;120.48;20;11365349827;S
20241031;100137;120.48;40;11365349828;S
20241031;100137;120.48;330;11365349829;S
20241031;100137;120.44;50;11365349830;S
20241031;100137;120.42;50;11365349831;S
20241031;100137;120.38;590;11365349832;S
20241031;100137;120.36;300;11365349833;S
20241031;100137;120.36;300;11365349834;S
20241031;100137;120.36;50;11365349835;S
20241031;100137;120.34;10;11365349836;S
20241031;100137;120.32;50;11365349837;S
20241031;100137;120.32;840;11365349838;S
20241031;100137;120.3;130;11365349839;S
20241031;100138;120.6;10;11365350123;B
20241031;100139;120.58;10;11365350377;B
20241031;100139;120.38;200;11365350450;S
20241031;100140;120.54;10;11365350569;B
20241031;100141;120.52;20;11365351485;B
20241031;100144;120.38;20;11365352080;B
20241031;100156;120.4;10;11365356048;B
20241031;100216;120.42;10;11365360910;B
20241031;100219;120.42;10;11365361637;S
20241031;100219;120.4;10;11365361638;S
20241031;100219;120.4;330;11365361639;S
20241031;100224;120.4;10;11365362993;B
20241031;100241;120.4;20;11365367000;B
20241031;100250;120.42;10;11365368623;S
20241031;100251;120.42;10;11365368887;B
20241031;100251;120.44;50;11365368888;B
20241031;100251;120.44;10;11365368889;B
20241031;100253;120.48;10;11365369156;B
20241031;100254;120.48;280;11365369239;B
20241031;100254;120.5;50;11365369240;B
20241031;100254;120.5;20;11365369241;B
20241031;100254;120.52;40;11365369243;B
20241031;100300;120.5;10;11365370391;S
20241031;100303;120.5;100;11365370967;S
20241031;100304;120.5;200;11365371112;S
20241031;100307;120.5;50;11365371690;S
20241031;100314;120.52;10;11365372934;B
20241031;100319;120.5;30;11365374251;S
20241031;100319;120.5;260;11365374252;S
20241031;100319;120.5;10;11365374253;S
20241031;100319;120.5;10;11365374254;S
20241031;100322;120.44;290;11365374858;S
20241031;100322;120.42;20;11365374859;S
20241031;100322;120.4;230;11365374860;S
20241031;100322;120.4;20;11365374861;S
20241031;100322;120.4;250;11365374862;S
20241031;100322;120.38;10;11365374863;S
20241031;100322;120.38;10;11365374864;S
20241031;100322;120.36;10;11365374865;S
20241031;100322;120.34;10;11365374866;S
20241031;100322;120.32;50;11365374867;S
20241031;100322;120.32;20;11365374868;S
20241031;100322;120.32;60;11365374869;S
20241031;100322;120.32;20;11365374870;S
20241031;100323;120.36;40;11365375047;B
20241031;100323;120.36;10;11365375051;B
20241031;100330;120.5;20;11365376877;B
20241031;100344;120.5;20;11365380361;B
20241031;100348;120.48;10;11365381200;B
20241031;100351;120.46;40;11365382044;B
20241031;100401;120.5;30;11365384177;B
20241031;100401;120.5;50;11365384178;B
20241031;100401;120.5;220;11365384179;S
20241031;100407;120.5;30;11365385863;B
20241031;100407;120.52;20;11365385864;B
20241031;100414;120.46;10;11365387192;S
20241031;100415;120.5;70;11365387568;B
20241031;100426;120.5;10;11365390061;B
20241031;100427;120.48;30;11365390343;B
20241031;100427;120.5;10;11365390344;B
20241031;100440;120.48;40;11365393660;B
20241031;100440;120.48;40;11365393663;B
20241031;100440;120.48;40;11365393665;B
20241031;100442;120.46;40;11365394175;B
20241031;100442;120.46;40;11365394180;B
20241031;100517;120.42;20;11365403665;B
20241031;100517;120.44;240;11365403666;B
20241031;100522;120.46;200;11365404705;S
20241031;100523;120.46;330;11365404882;S
20241031;100524;120.46;10;11365405101;S
20241031;100531;120.48;1000;11365406870;B
20241031;100531;120.5;10;11365406871;B
20241031;100531;120.52;90;11365406872;B
20241031;100531;120.56;330;11365406873;B
20241031;100531;120.6;60;11365406874;B
20241031;100531;120.62;50;11365406875;B
20241031;100531;120.62;100;11365406876;B
20241031;100531;120.62;10;11365406877;B
20241031;100531;120.62;500;11365406878;B
20241031;100531;120.64;100;11365406879;B
20241031;100531;120.66;350;11365406880;B
20241031;100531;120.66;400;11365406881;B
20241031;100531;120.68;590;11365406882;B
20241031;100531;120.7;80;11365406883;B
20241031;100531;120.7;330;11365406884;B
20241031;100536;120.5;30;11365408261;S
20241031;100538;120.66;10;11365408718;B
20241031;100547;120.66;10;11365410806;B
20241031;100547;120.72;30;11365410807;B
20241031;100550;120.68;10;11365411542;B
20241031;100553;120.5;60;11365412368;S
20241031;100557;120.5;50;11365413410;S
20241031;100602;120.7;10;11365414264;B
20241031;100626;120.64;30;11365418927;B
20241031;100626;120.66;120;11365418928;B
20241031;100626;120.68;10;11365418929;B
20241031;100626;120.7;50;11365418930;B
20241031;100626;120.7;30;11365418931;S
20241031;100629;120.7;10;11365419428;S
20241031;100637;120.7;60;11365420727;S
20241031;100643;120.72;10;11365421806;B
20241031;100646;120.72;10;11365422319;B
20241031;100658;120.7;70;11365424148;S
20241031;100659;120.7;10;11365424368;B
20241031;100709;120.56;40;11365426074;S
20241031;100709;120.54;40;11365426075;S
20241031;100709;120.52;20;11365426076;S
20241031;100711;120.68;30;11365426446;B
20241031;100711;120.7;180;11365426447;B
20241031;100725;120.52;40;11365428916;S
20241031;100725;120.5;30;11365428917;S
20241031;100725;120.48;80;11365428918;S
20241031;100738;120.54;500;11365431400;B
20241031;100738;120.66;840;11365431401;B
20241031;100738;120.68;10;11365431402;B
20241031;100738;120.68;330;11365431403;B
20241031;100738;120.7;50;11365431404;B
20241031;100738;120.72;480;11365431405;B
20241031;100738;120.74;10;11365431406;B
20241031;100738;120.76;100;11365431407;B
20241031;100738;120.76;820;11365431408;B
20241031;100738;120.78;590;11365431409;B
20241031;100738;120.8;90;11365431410;B
20241031;100738;120.86;180;11365431411;B
20241031;100738;120.82;80;11365431412;B
20241031;100747;120.54;590;11365432933;S
20241031;100747;120.52;210;11365432934;S
20241031;100821;120.52;10;11365440680;S
20241031;100821;120.48;60;11365440681;S
20241031;100821;120.48;190;11365440682;S
20241031;100821;120.46;200;11365440683;S
20241031;100821;120.46;10;11365440684;S
20241031;100821;120.46;70;11365440685;S
20241031;100821;120.44;10;11365440686;S
20241031;100821;120.44;70;11365440687;S
20241031;100821;120.4;380;11365440688;S
20241031;100837;120.62;410;11365443976;B
20241031;100837;120.64;590;11365443977;B
20241031;100837;120.66;330;11365443978;B
20241031;100837;120.68;10;11365443979;B
20241031;100837;120.68;100;11365443980;B
20241031;100837;120.68;140;11365443981;B
20241031;100841;120.62;10;11365444638;S
20241031;100841;120.66;10;11365444696;B
20241031;100841;120.66;20;11365444697;B
20241031;100841;120.68;220;11365444698;B
20241031;100851;120.66;10;11365446694;B
20241031;100853;120.68;10;11365447099;B
20241031;100921;120.52;30;11365453651;S
20241031;100921;120.5;60;11365453652;S
20241031;100921;120.5;30;11365453653;S
20241031;100921;120.46;30;11365453654;S
20241031;100937;120.66;10;11365457037;B
20241031;100937;120.66;10;11365457038;B
20241031;100940;120.66;90;11365457570;B
20241031;100940;120.66;50;11365457571;B
20241031;100940;120.66;130;11365457572;B
20241031;101003;120.66;10;11365462742;B
20241031;101015;120.52;10;11365464767;S
20241031;101031;120.66;10;11365467618;B
20241031;101037;120.66;10;11365468779;B
20241031;101051;120.68;10;11365471462;B
20241031;101102;120.68;30;11365473457;B
20241031;101148;120.66;10;11365481545;B
20241031;101205;120.66;10;11365484567;B
20241031;101234;120.56;100;11365489407;S
20241031;101234;120.54;130;11365489408;S
20241031;101234;120.54;10;11365489409;S
20241031;101234;120.54;100;11365489410;S
20241031;101234;120.52;440;11365489411;S
20241031;101234;120.5;100;11365489412;S
20241031;101234;120.46;210;11365489413;S
20241031;101234;120.46;620;11365489420;B
20241031;101237;120.42;500;11365489855;S
20241031;101247;120.4;250;11365491355;S
20241031;101247;120.4;50;11365491356;S
20241031;101253;120.4;200;11365492371;S
20241031;101254;120.46;10;11365492449;B
20241031;101255;120.4;700;11365492621;S
20241031;101256;120.4;10;11365492709;S
20241031;101256;120.44;10;11365492726;B
20241031;101333;120.44;340;11365498482;B
20241031;101341;120.4;20;11365499631;S
20241031;101341;120.4;40;11365499632;S
20241031;101348;120.44;50;11365500857;B
20241031;101357;120.4;10;11365501970;S
20241031;101357;120.38;50;11365501971;S
20241031;101357;120.38;700;11365501972;S
20241031;101357;120.36;100;11365501973;S
20241031;101357;120.34;40;11365501974;S
20241031;101357;120.34;50;11365501975;S
20241031;101357;120.34;100;11365501976;S
20241031;101357;120.34;450;11365501977;S
20241031;101357;120.34;840;11365501978;S
20241031;101357;120.32;10;11365501979;S
20241031;101357;120.32;5000;11365501980;S
20241031;101357;120.32;10;11365501981;S
20241031;101357;120.32;50;11365501982;S
20241031;101357;120.32;2000;11365501983;S
20241031;101357;120.32;250;11365502129;B
20241031;101357;120.3;50;11365502133;S
20241031;101358;120.32;10;11365502304;B
20241031;101402;120.3;100;11365502767;S
20241031;101411;120.32;20;11365503991;B
20241031;101414;120.32;310;11365504554;B
20241031;101414;120.4;50;11365504555;B
20241031;101414;120.4;590;11365504556;B
20241031;101414;120.4;10;11365504557;B
20241031;101414;120.4;10;11365504558;B
20241031;101415;120.42;60;11365504766;B
20241031;101415;120.44;190;11365504767;B
20241031;101417;120.44;250;11365505071;B
20241031;101422;120.42;900;11365505617;S
20241031;101422;120.4;1130;11365505618;S
20241031;101433;120.44;10;11365507135;B
20241031;101441;120.4;10;11365508119;S
20241031;101441;120.4;10;11365508140;S
20241031;101458;120.46;10;11365510421;B
20241031;101504;120.42;20;11365511444;S
20241031;101507;120.46;150;11365511850;B
20241031;101508;120.46;1000;11365512030;B
20241031;101510;120.46;10;11365512423;B
20241031;101511;120.46;30;11365512637;B
20241031;101511;120.46;10;11365512818;B
20241031;101512;120.46;1500;11365513028;B
20241031;101513;120.46;10;11365513455;B
20241031;101514;120.42;10;11365513581;S
20241031;101514;120.46;250;11365513693;B
20241031;101517;120.46;40;11365514691;B
20241031;101518;120.46;5000;11365514965;B
20241031;101518;120.46;40;11365515007;B
20241031;101519;120.46;250;11365515410;B
20241031;101525;120.46;10;11365517332;B
20241031;101526;120.46;10;11365517646;B
20241031;101528;120.42;10;11365518459;S
20241031;101529;120.46;20;11365518728;B
20241031;101530;120.46;20;11365519107;B
20241031;101533;120.46;10;11365519772;B
20241031;101535;120.42;10;11365520287;S
20241031;101535;120.42;20;11365520288;S
20241031;101540;120.46;10;11365521737;B
20241031;101543;120.46;10;11365522183;B
20241031;101543;120.46;2000;11365522259;B
20241031;101544;120.46;250;11365522386;B
20241031;101544;120.46;60;11365522408;B
20241031;101544;120.46;250;11365522430;B
20241031;101545;120.46;170;11365522477;B
20241031;101545;120.44;20;11365522643;S
20241031;101546;120.46;880;11365522718;B
20241031;101546;120.46;700;11365522720;B
20241031;101546;120.46;200;11365522721;B
20241031;101546;120.46;2500;11365522808;B
20241031;101547;120.46;170;11365522871;B
20241031;101547;120.46;250;11365522895;B
20241031;101548;120.46;300;11365522942;B
20241031;101548;120.46;500;11365522969;B
20241031;101549;120.46;1660;11365523281;B
20241031;101553;120.48;20;11365523980;S
20241031;101559;120.62;170;11365525013;B
20241031;101559;120.64;50;11365525014;B
20241031;101610;120.6;20;11365527121;B
20241031;101612;120.6;20;11365527530;B
20241031;101623;120.58;10;11365528883;S
20241031;101623;120.54;10;11365528884;S
20241031;101623;120.5;20;11365528885;S
20241031;101623;120.48;250;11365528886;S
20241031;101623;120.48;100;11365528887;S
20241031;101623;120.42;350;11365528888;S
20241031;101623;120.36;250;11365528889;S
20241031;101623;120.36;60;11365528890;S
20241031;101623;120.34;840;11365528891;S
20241031;101623;120.34;110;11365528892;S
20241031;101632;120.52;150;11365530072;B
20241031;101654;120.54;10;11365533024;B
20241031;101659;120.54;100;11365533983;B
20241031;101659;120.42;10;11365533984;S
20241031;101703;120.42;10;11365534673;S
20241031;101713;120.54;10;11365535973;B
20241031;101815;120.54;50;11365545466;B
20241031;101815;120.54;20;11365545467;B
20241031;101815;120.56;100;11365545468;B
20241031;101815;120.56;200;11365545469;B
20241031;101815;120.56;250;11365545470;B
20241031;101815;120.56;160;11365545471;B
20241031;101815;120.58;50;11365545472;B
20241031;101827;120.48;50;11365547085;S
20241031;101827;120.46;100;11365547086;S
20241031;101827;120.46;20;11365547087;S
20241031;101827;120.44;50;11365547088;S
20241031;101827;120.42;10;11365547089;S
20241031;101827;120.4;10;11365547090;S
20241031;101827;120.38;50;11365547091;S
20241031;101827;120.36;60;11365547092;S
20241031;101827;120.36;180;11365547093;S
20241031;101827;120.34;590;11365547094;S
20241031;101827;120.34;750;11365547095;S
20241031;101829;120.34;20;11365547492;B
20241031;101834;120.32;50;11365548181;S
20241031;101904;120.34;10;11365552815;B
20241031;101913;120.34;500;11365554086;B
20241031;101926;120.34;10;11365556032;B
20241031;101955;120.34;120;11365559417;B
20241031;101957;120.34;10;11365559634;B
20241031;102005;120.34;1500;11365560594;B
20241031;102005;120.34;30;11365560596;B
20241031;102005;120.34;1500;11365560627;B
20241031;102006;120.34;1500;11365560770;B
20241031;102006;120.34;250;11365560829;B
20241031;102007;120.34;1500;11365560917;B
20241031;102007;120.34;400;11365560965;B
20241031;102007;120.34;60;11365561037;B
20241031;102008;120.34;500;11365561150;B
20241031;102008;120.34;220;11365561151;B
20241031;102008;120.36;130;11365561153;S
20241031;102008;120.36;100;11365561154;S
20241031;102008;120.34;120;11365561155;S
20241031;102008;120.34;40;11365561156;S
20241031;102008;120.48;50;11365561184;B
20241031;102038;120.36;40;11365575236;S
20241031;102046;120.36;10;11365579493;S
20241031;102046;120.34;50;11365579494;S
20241031;102046;120.34;30;11365579495;S
20241031;102046;120.34;40;11365579496;S
20241031;102046;120.34;60;11365579497;S
20241031;102046;120.34;20;11365579498;S
20241031;102046;120.32;200;11365579499;S
20241031;102046;120.32;590;11365579500;S
20241031;102046;120.32;100;11365579501;S
20241031;102046;120.3;1900;11365579502;S
20241031;102122;120.42;10;11365598103;B
20241031;102138;120.42;20;11365603653;B
20241031;102138;120.42;10;11365603654;B
20241031;102149;120.44;50;11365605678;B
20241031;102149;120.44;250;11365605679;B
20241031;102206;120.48;10;11365608590;S
20241031;102206;120.42;30;11365608591;S
20241031;102206;120.4;10;11365608592;S
20241031;102210;120.48;10;11365609322;B
20241031;102219;120.44;10;11365610563;S
20241031;102237;120.48;10;11365612632;B
20241031;102252;120.44;300;11365614889;B
20241031;102337;120.46;10;11365622340;S
20241031;102337;120.44;10;11365622341;S
20241031;102337;120.44;30;11365622342;S
20241031;102337;120.42;80;11365622343;S
20241031;102337;120.42;30;11365622344;S
20241031;102337;120.4;10;11365622345;S
20241031;102337;120.4;100;11365622346;S
20241031;102400;120.4;100;11365625683;S
20241031;102407;120.48;50;11365626568;B
20241031;102430;120.46;10;11365630164;S
20241031;102430;120.44;10;11365630165;S
20241031;102441;120.4;100;11365631638;S
20241031;102442;120.42;10;11365631849;B
20241031;102444;120.42;10;11365632084;B
20241031;102453;120.4;190;11365633690;S
20241031;102453;120.4;150;11365633691;S
20241031;102454;120.38;10;11365634022;B
20241031;102507;120.38;10;11365635962;B
20241031;102507;120.36;10;11365635963;S
20241031;102511;120.36;10;11365636703;B
20241031;102511;120.36;70;11365636704;B
20241031;102515;120.32;10;11365637162;S
20241031;102515;120.32;50;11365637163;S
20241031;102515;120.32;30;11365637164;S
20241031;102515;120.32;20;11365637165;S
20241031;102515;120.32;100;11365637166;S
20241031;102515;120.32;40;11365637167;S
20241031;102515;120.3;1380;11365637168;S
20241031;102525;120.34;90;11365639022;B
20241031;102525;120.34;100;11365639023;B
20241031;102525;120.36;90;11365639024;B
20241031;102525;120.38;30;11365639025;B
20241031;102525;120.4;110;11365639026;B
20241031;102525;120.4;80;11365639027;B
20241031;102531;120.34;10;11365640152;B
20241031;102602;120.34;50;11365645471;B
20241031;102607;120.32;20;11365646226;S
20241031;102607;120.32;50;11365646227;S
20241031;102607;120.32;30;11365646228;S
20241031;102611;120.34;10;11365646694;B
20241031;102611;120.32;20;11365646729;S
20241031;102611;120.32;10;11365646730;S
20241031;102611;120.3;970;11365646731;S
20241031;102611;120.3;1270;11365646732;S
20241031;102622;120.32;10;11365648409;S
20241031;102622;120.3;4330;11365648410;S
20241031;102622;120.3;1660;11365648411;S
20241031;102622;120.3;200;11365648412;S
20241031;102625;120.3;250;11365648836;S
20241031;102625;120.3;120;11365648838;S
20241031;102625;120.3;270;11365648846;S
20241031;102625;120.3;20;11365648847;S
20241031;102629;120.2;10;11365649355;S
20241031;102629;120.2;10;11365649356;S
20241031;102629;120.2;60;11365649357;S
20241031;102629;120.2;10;11365649358;S
20241031;102629;120.18;40;11365649359;S
20241031;102629;120.18;80;11365649360;S
20241031;102629;120.16;10;11365649361;S
20241031;102629;120.16;270;11365649362;S
20241031;102629;120.16;250;11365649363;S
20241031;102629;120.14;110;11365649364;S
20241031;102629;120.14;140;11365649455;S
20241031;102629;120.14;20;11365649456;S
20241031;102629;120.14;100;11365649457;S
20241031;102629;120.12;240;11365649458;S
20241031;102629;120.12;60;11365649479;S
20241031;102629;120.12;440;11365649480;S
20241031;102636;120.14;100;11365650817;S
20241031;102636;120.14;170;11365650818;S
20241031;102636;120.12;60;11365650819;S
20241031;102636;120.12;250;11365650820;S
20241031;102636;120.12;100;11365650821;S
20241031;102636;120.12;100;11365650822;S
20241031;102637;120.12;750;11365650909;B
20241031;102637;120.12;470;11365650954;B
20241031;102704;120.12;280;11365653614;S
20241031;102704;120.12;50;11365653615;S
20241031;102704;120.12;50;11365653616;S
20241031;102704;120.12;20;11365653617;S
20241031;102704;120.1;100;11365653618;S
20241031;102704;120.1;930;11365653619;S
20241031;102720;120.18;10;11365655547;B
20241031;102722;120.18;20;11365655848;B
20241031;102731;120.18;10;11365656867;B
20241031;102731;120.18;10;11365656875;B
20241031;102731;120.18;10;11365656889;B
20241031;102747;120.16;60;11365658824;B
20241031;102747;120.18;40;11365658825;B
20241031;102806;120.14;10;11365661819;B
20241031;102842;120.14;70;11365665842;B
20241031;102842;120.14;100;11365665843;B
20241031;102853;120.18;70;11365667036;B
20241031;102853;120.18;30;11365667037;B
20241031;102905;120.14;80;11365669499;S
20241031;102905;120.12;200;11365669500;S
20241031;102905;120.12;50;11365669501;S
20241031;102905;120.12;170;11365669502;S
20241031;102916;120.18;10;11365671175;S
20241031;102930;120.2;10;11365672736;B
20241031;102931;120.2;20;11365672912;B
20241031;102931;120.22;40;11365672913;B
20241031;102931;120.22;440;11365672914;B
20241031;102934;120.24;10;11365673427;B
20241031;102938;120.24;240;11365673772;B
20241031;102945;120.24;120;11365674924;S
20241031;102946;120.24;40;11365675141;S
20241031;102955;120.2;10;11365676497;B
20241031;102956;120.2;240;11365676515;B
20241031;102956;120.22;50;11365676516;B
20241031;102956;120.24;100;11365676517;B
20241031;102956;120.26;10;11365676518;B
20241031;103001;120.16;10;11365677074;S
20241031;103001;120.14;250;11365677075;S
20241031;103001;120.14;140;11365677076;S
20241031;103010;120.14;300;11365678328;S
20241031;103010;120.14;10;11365678329;S
20241031;103010;120.12;830;11365678330;S
20241031;103010;120.12;10;11365678331;S
20241031;103010;120.1;570;11365678332;S
20241031;103010;120.1;10;11365678333;S
20241031;103010;120.1;260;11365678334;S
20241031;103034;120.12;10;11365683033;B
20241031;103034;120.14;90;11365683034;B
20241031;103034;120.22;150;11365683035;B
20241031;103036;120.16;10;11365683226;B
20241031;103036;120.22;10;11365683227;B
20241031;103057;120.22;10;11365689085;S
20241031;103057;120.22;40;11365689086;S
20241031;103057;120.2;10;11365689087;S
20241031;103057;120.2;40;11365689088;S
20241031;103057;120.2;100;11365689089;S
20241031;103105;120.2;300;11365692346;B
20241031;103225;120.28;10;11365712984;S
20241031;103225;120.24;10;11365712985;S
20241031;103225;120.22;40;11365712986;S
20241031;103225;120.2;400;11365712987;S
20241031;103225;120.2;200;11365712988;S
20241031;103225;120.2;40;11365712989;S
20241031;103230;120.2;20;11365713727;B
20241031;103232;120.18;10;11365714016;S
20241031;103237;120.16;10;11365714501;S
20241031;103248;120.12;40;11365715871;S
20241031;103301;120.12;200;11365717479;S
20241031;103326;120.12;10;11365721254;S
20241031;103326;120.12;10;11365721255;S
20241031;103336;120.12;10;11365722846;S
20241031;103340;120.14;50;11365723784;B
20241031;103341;120.12;10;11365723872;S
20241031;103344;120.14;10;11365724337;B
20241031;103345;120.12;10;11365724379;S
20241031;103358;120.12;10;11365726560;S
20241031;103404;120.12;200;11365727318;S
20241031;103404;120.12;510;11365727319;S
20241031;103404;120.12;50;11365727320;S
20241031;103421;120.12;10;11365729041;B
20241031;103439;120.12;110;11365731264;B
20241031;103456;120.1;10;11365733233;S
20241031;103509;120.12;250;11365734914;B
20241031;103510;120.12;480;11365735078;B
20241031;103510;120.12;20;11365735079;B
20241031;103512;120.12;10;11365735278;B
20241031;103513;120.12;330;11365735355;B
20241031;103515;120.14;10;11365735580;B
20241031;103520;120.16;240;11365736078;B
20241031;103520;120.18;10;11365736079;B
20241031;103530;120.2;10;11365737500;B
20241031;103532;120.2;50;11365737698;B
20241031;103536;120.18;10;11365738814;S
20241031;103543;120.2;10;11365739823;B
20241031;103556;120.2;10;11365741354;B
20241031;103557;120.2;10;11365741377;B
20241031;103557;120.2;10;11365741396;B
20241031;103601;120.18;10;11365741956;S
20241031;103601;120.18;30;11365741957;S
20241031;103601;120.16;10;11365741958;S
20241031;103613;120.18;10;11365744336;S
20241031;103625;120.18;20;11365746057;B
20241031;103647;120.18;10;11365748884;B
20241031;103648;120.18;10;11365748898;B
20241031;103648;120.18;10;11365748970;B
20241031;103659;120.18;10;11365750900;S
20241031;103659;120.16;170;11365750901;S
20241031;103659;120.16;100;11365750902;S
20241031;103659;120.14;10;11365750903;S
20241031;103659;120.14;10;11365750904;S
20241031;103723;120.16;10;11365754588;S
20241031;103723;120.16;50;11365754589;S
20241031;103723;120.14;40;11365754590;S
20241031;103737;120.18;10;11365756085;B
20241031;103743;120.14;20;11365756824;S
20241031;103756;120.14;180;11365758494;S
20241031;103756;120.14;450;11365758495;S
20241031;103756;120.12;170;11365758496;S
20241031;103756;120.12;250;11365758497;S
20241031;103756;120.12;10;11365758498;S
20241031;103756;120.12;450;11365758499;S
20241031;103756;120.1;90;11365758500;S
20241031;103756;120.1;20;11365758501;S
20241031;103756;120.1;250;11365758502;S
20241031;103756;120.1;30;11365758503;S
20241031;103756;120.1;70;11365758504;S
20241031;103756;120.08;1500;11365758505;S
20241031;103756;120.08;100;11365758506;S
20241031;103756;120.08;20;11365758507;S
20241031;103756;120.08;10;11365758508;S
20241031;103756;120.08;10;11365758509;S
20241031;103756;120.08;100;11365758510;S
20241031;103756;120.08;250;11365758511;S
20241031;103756;120.08;150;11365758512;S
20241031;103756;120.08;100;11365758513;S
20241031;103756;120.06;250;11365758514;S
20241031;103756;120.06;10;11365758515;S
20241031;103756;120.06;50;11365758516;S
20241031;103756;120.06;10;11365758517;S
20241031;103756;120.06;10;11365758518;S
20241031;103756;120.06;10;11365758519;S
20241031;103756;120.06;50;11365758520;S
20241031;103756;120.06;250;11365758521;S
20241031;103756;120.06;5150;11365758522;S
20241031;103756;120.06;700;11365758523;S
20241031;103817;120.16;60;11365761602;B
20241031;103817;120.16;30;11365761603;B
20241031;103822;120.14;10;11365762522;S
20241031;103822;120.12;50;11365762523;S
20241031;103822;120.12;90;11365762524;S
20241031;103829;120.16;10;11365763551;B
20241031;103832;120.14;10;11365764016;S
20241031;103834;120.14;10;11365764326;B
20241031;103843;120.14;10;11365765603;B
20241031;103851;120.14;10;11365766631;B
20241031;103859;120.14;100;11365767627;B
20241031;103927;120.12;10;11365771559;S
20241031;103927;120.12;10;11365771560;S
20241031;103933;120.14;20;11365772093;B
20241031;103936;120.14;50;11365772415;B
20241031;103938;120.12;10;11365772627;S
20241031;103939;120.14;100;11365772719;B
20241031;103956;120.14;10;11365774011;B
20241031;104026;120.12;80;11365777448;S
20241031;104026;120.12;10;11365777449;S
20241031;104032;120.12;20;11365778046;B
20241031;104056;120.12;10;11365780730;B
20241031;104136;120.1;10;11365784481;S
20241031;104136;120.1;10;11365784482;S
20241031;104136;120.1;30;11365784483;S
20241031;104144;120.1;210;11365785135;S
20241031;104144;120.08;10;11365785136;S
20241031;104144;120.08;10;11365785137;S
20241031;104144;120.08;500;11365785138;S
20241031;104144;120.08;40;11365785139;S
20241031;104147;120.12;10;11365785375;B
20241031;104147;120.12;490;11365785376;B
20241031;104245;120.1;40;11365791244;S
20241031;104310;120.1;500;11365794345;B
20241031;104310;120.1;10;11365794346;B
20241031;104310;120.12;290;11365794347;B
20241031;104311;120.12;50;11365794425;B
20241031;104324;120.1;30;11365795953;B
20241031;104326;120.08;50;11365796110;S
20241031;104340;120.08;410;11365797305;S
20241031;104340;120.08;50;11365797306;S
20241031;104340;120.08;210;11365797307;S
20241031;104340;120.08;70;11365797308;S
20241031;104340;120.08;50;11365797309;S
20241031;104345;120.08;10;11365797730;B
20241031;104347;120.08;50;11365798051;B
20241031;104349;120.08;20;11365798270;B
20241031;104351;120.08;20;11365798661;B
20241031;104352;120.08;50;11365798721;B
20241031;104448;120.06;1450;11365805483;S
20241031;104448;120.06;1240;11365805484;S
20241031;104453;120.06;20;11365805947;S
20241031;104458;120.08;20;11365806411;B
20241031;104517;120.08;1000;11365808430;B
20241031;104527;120.08;1000;11365809334;B
20241031;104533;120.08;40;11365810023;B
20241031;104536;120.08;20;11365810458;B
20241031;104537;120.08;980;11365810571;B
20241031;104537;120.08;1520;11365810572;B
20241031;104537;120.08;10;11365810573;B
20241031;104538;120.08;10;11365810658;B
20241031;104541;120.08;1000;11365811082;B
20241031;104548;120.08;10;11365812560;B
20241031;104550;120.08;250;11365812741;B
20241031;104552;120.08;2010;11365813153;B
20241031;104552;120.08;20;11365813154;B
20241031;104553;120.12;50;11365813441;B
20241031;104605;120.12;20;11365815483;B
20241031;104611;120.12;150;11365816738;B
20241031;104629;120.12;60;11365819150;B
20241031;104629;120.12;130;11365819151;B
20241031;104629;120.14;20;11365819152;B
20241031;104630;120.14;100;11365819245;B
20241031;104637;120.14;10;11365820041;B
20241031;104643;120.14;100;11365820801;B
20241031;104649;120.14;270;11365821445;B
20241031;104649;120.14;50;11365821446;B
20241031;104649;120.14;50;11365821447;B
20241031;104649;120.14;10;11365821448;B
20241031;104649;120.14;10;11365821449;B
20241031;104649;120.14;10;11365821450;B
20241031;104649;120.16;100;11365821451;B
20241031;104650;120.16;500;11365821471;B
20241031;104650;120.16;150;11365821511;B
20241031;104650;120.16;350;11365821512;B
20241031;104651;120.18;30;11365821652;B
20241031;104651;120.18;50;11365821653;B
20241031;104651;120.18;20;11365821654;B
20241031;104651;120.18;730;11365821681;B
20241031;104651;120.2;6770;11365821682;B
20241031;104651;120.2;700;11365821683;B
20241031;104652;120.2;100;11365821740;B
20241031;104652;120.2;500;11365821762;B
20241031;104653;120.2;50;11365821928;B
20241031;104654;120.2;1060;11365821980;B
20241031;104654;120.2;10;11365821981;B
20241031;104714;120.18;10;11365824318;S
20241031;104714;120.16;30;11365824319;S
20241031;104714;120.14;350;11365824320;S
20241031;104714;120.14;30;11365824321;S
20241031;104714;120.14;2000;11365824322;S
20241031;104714;120.14;10;11365824323;S
20241031;104714;120.12;10;11365824324;S
20241031;104714;120.12;90;11365824325;S
20241031;104714;120.12;1250;11365824326;S
20241031;104714;120.12;100;11365824327;S
20241031;104714;120.1;10;11365824328;S
20241031;104714;120.1;1000;11365824329;S
20241031;104714;120.08;1440;11365824330;S
20241031;104714;120.08;930;11365824331;S
20241031;104714;120.08;500;11365824332;S
20241031;104714;120.08;10;11365824333;S
20241031;104714;120.06;2230;11365824334;S
20241031;104714;120.06;700;11365824364;S
20241031;104735;120.18;100;11365827251;B
20241031;104735;120.2;10;11365827252;B
20241031;104735;120.2;50;11365827253;B
20241031;104832;120.2;10;11365834525;B
20241031;104837;120.2;40;11365835349;B
20241031;104837;120.2;80;11365835350;B
20241031;104837;120.2;1880;11365835351;S
20241031;104915;120.18;10;11365840553;S
20241031;104915;120.16;10;11365840554;S
20241031;104931;120.16;10;11365842805;B
20241031;104933;120.14;10;11365843097;S
20241031;104933;120.14;150;11365843098;S
20241031;104933;120.12;90;11365843099;S
20241031;104933;120.12;40;11365843100;S
20241031;104933;120.12;2500;11365843101;S
20241031;104933;120.12;150;11365843102;S
20241031;104933;120.1;50;11365843103;S
20241031;104933;120.1;40;11365843104;S
20241031;104933;120.08;750;11365843105;S
20241031;104933;120.08;170;11365843106;S
20241031;104933;120.08;10;11365843107;S
20241031;104933;120.08;30;11365843108;S
20241031;104933;120.08;100;11365843109;S
20241031;104933;120.06;810;11365843110;S
20241031;104933;120.06;50;11365843111;S
20241031;104933;120.06;10;11365843112;S
20241031;104933;120.06;10;11365843113;S
20241031;104933;120.06;100;11365843114;S
20241031;104933;120.06;10;11365843115;S
20241031;104933;120.06;50;11365843116;S
20241031;104933;120.06;500;11365843117;S
20241031;104933;120.06;170;11365843118;S
20241031;104933;120.06;750;11365843119;S
20241031;104933;120.06;50;11365843120;S
20241031;104933;120.06;100;11365843121;S
20241031;104933;120.06;250;11365843122;S
20241031;104933;120.04;2500;11365843123;S
20241031;104933;120.04;100;11365843124;S
20241031;104933;120.04;450;11365843125;S
20241031;104933;120.16;10;11365843146;B
20241031;104945;120.12;10;11365844611;B
20241031;104957;120.06;10;11365845886;S
20241031;104957;120.06;20;11365845887;S
20241031;105007;120.1;10;11365847216;S
20241031;105017;120.1;10;11365848378;S
20241031;105017;120.06;10;11365848379;S
20241031;105017;120.06;10;11365848380;S
20241031;105017;120.06;110;11365848381;S
20241031;105017;120.06;50;11365848382;S
20241031;105020;120.04;50;11365848680;S
20241031;105033;120.06;100;11365850373;B
20241031;105046;120.04;40;11365851883;S
20241031;105124;120.06;10;11365855758;S
20241031;105124;120.06;40;11365855759;S
20241031;105124;120.06;20;11365855760;S
20241031;105144;120.06;60;11365858228;S
20241031;105204;120.12;10;11365860194;B
20241031;105220;120.12;100;11365861690;B
20241031;105220;120.12;170;11365861691;B
20241031;105220;120.12;10;11365861692;B
20241031;105220;120.12;20;11365861693;S
20241031;105242;120.14;100;11365864076;B
20241031;105309;120.14;10;11365869535;B
20241031;105309;120.14;100;11365869536;B
20241031;105309;120.16;80;11365869537;B
20241031;105309;120.16;100;11365869538;B
20241031;105309;120.16;60;11365869539;B
20241031;105328;120.16;40;11365872364;B
20241031;105346;120.12;10;11365874213;S
20241031;105351;120.12;20;11365874766;B
20241031;105358;120.12;170;11365875462;B
20241031;105358;120.14;100;11365875463;B
20241031;105358;120.16;100;11365875464;B
20241031;105358;120.16;100;11365875465;B
20241031;105358;120.16;30;11365875466;B
20241031;105412;120.16;20;11365876843;B
20241031;105414;120.16;50;11365877081;B
20241031;105416;120.18;20;11365877330;B
20241031;105425;120.18;50;11365878592;B
20241031;105432;120.18;10;11365879454;B
20241031;105435;120.18;170;11365879780;B
20241031;105435;120.18;50;11365879781;B
20241031;105435;120.18;50;11365879782;B
20241031;105435;120.18;10;11365879783;B
20241031;105435;120.18;10;11365879784;B
20241031;105451;120.2;250;11365882086;B
20241031;105514;120.2;10;11365884833;B
20241031;105515;120.2;640;11365884878;B
20241031;105538;120.22;50;11365888068;S
20241031;105538;120.22;20;11365888069;S
20241031;105538;120.2;30;11365888070;S
20241031;105548;120.22;20;11365889508;S
20241031;105639;120.24;10;11365896276;B
20241031;105639;120.24;10;11365896277;B
20241031;105639;120.24;50;11365896278;B
20241031;105639;120.24;170;11365896279;B
20241031;105640;120.26;30;11365896435;B
20241031;105703;120.24;10;11365899218;S
20241031;105705;120.26;10;11365899459;B
20241031;105716;120.24;170;11365901066;S
20241031;105716;120.24;500;11365901067;S
20241031;105727;120.26;10;11365902484;B
20241031;105740;120.26;150;11365904305;B
20241031;105741;120.24;10;11365904331;S
20241031;105747;120.24;470;11365905146;S
20241031;105754;120.26;50;11365906262;B
20241031;105754;120.28;20;11365906263;B
20241031;105758;120.28;10;11365906835;B
20241031;105823;120.24;20;11365911134;S
20241031;105834;120.24;150;11365912329;S
20241031;105908;120.24;150;11365916205;S
20241031;105919;120.24;60;11365917355;S
20241031;110055;120.24;150;11365927372;S
20241031;110055;120.24;490;11365927373;S
20241031;110055;120.24;20;11365927374;S
20241031;110055;120.24;50;11365927375;S
20241031;110126;120.22;30;11365931069;S
20241031;110126;120.22;10;11365931070;S
20241031;110127;120.2;10;11365931230;S
20241031;110127;120.18;90;11365931231;S
20241031;110131;120.18;1500;11365931823;S
20241031;110140;120.18;120;11365933388;S
20241031;110140;120.18;50;11365933389;S
20241031;110153;120.14;10;11365935856;S
20241031;110153;120.16;370;11365935885;B
20241031;110153;120.16;100;11365935886;B
20241031;110153;120.18;730;11365935887;B
20241031;110157;120.12;10;11365936470;S
20241031;110157;120.1;10;11365936471;S
20241031;110157;120.1;30;11365936472;S
20241031;110206;120.12;10;11365937955;S
20241031;110206;120.08;10;11365937956;S
20241031;110206;120.08;40;11365937957;S
20241031;110206;120.08;50;11365937958;S
20241031;110206;120.08;50;11365937959;S
20241031;110206;120.08;30;11365937960;S
20241031;110206;120.08;30;11365937961;S
20241031;110206;120.08;10;11365937962;S
20241031;110206;120.08;30;11365937963;S
20241031;110206;120.08;60;11365937964;S
20241031;110206;120.06;20;11365937965;S
20241031;110206;120.06;40;11365937966;S
20241031;110207;120.12;10;11365938176;S
20241031;110211;120.1;10;11365938799;S
20241031;110214;120.1;190;11365939301;S
20241031;110214;120.06;60;11365939302;S
20241031;110214;120.06;20;11365939303;S
20241031;110214;120.06;6850;11365939304;S
20241031;110214;120.06;50;11365939305;S
20241031;110223;120.06;1500;11365940635;B
20241031;110223;120.06;50;11365940680;B
20241031;110228;120.06;250;11365941563;B
20241031;110257;120.04;30;11365945634;S
20241031;110305;120.06;10;11365946836;B
20241031;110333;120.06;10;11365951298;B
20241031;110333;120.06;10;11365951345;B
20241031;110344;120.06;500;11365953216;B
20241031;110347;120.04;10;11365953876;S
20241031;110349;120.06;20;11365954286;B
20241031;110351;120.06;250;11365954682;B
20241031;110354;120.06;10;11365955200;B
20241031;110358;120.04;3490;11365956336;S
20241031;110358;120.04;50;11365956337;S
20241031;110358;120.04;10;11365956338;S
20241031;110358;120.04;100;11365956339;S
20241031;110358;120.04;10;11365956340;S
20241031;110358;120.04;250;11365956341;S
20241031;110358;120.04;1500;11365956342;S
20241031;110358;120.04;1000;11365956343;S
20241031;110358;120.04;10;11365956344;S
20241031;110358;120.04;10;11365956345;S
20241031;110358;120.02;10;11365956346;S
20241031;110358;120.02;10;11365956347;S
20241031;110358;120.02;10;11365956348;S
20241031;110358;120.02;1500;11365956349;S
20241031;110358;120.02;200;11365956350;S
20241031;110358;120.02;80;11365956351;S
20241031;110358;120.02;1760;11365956352;S
20241031;110358;120.02;240;11365956376;S
20241031;110358;120.02;10;11365956377;S
20241031;110358;120.02;10;11365956378;S
20241031;110358;120.02;980;11365956379;S
20241031;110419;120.06;20;11365961334;B
20241031;110434;120.04;10;11365964831;S
20241031;110436;120.04;190;11365965275;S
20241031;110436;120.04;50;11365965276;S
20241031;110436;120.04;150;11365965277;S
20241031;110436;120.04;110;11365965278;S
20241031;110437;120.04;40;11365965671;S
20241031;110437;120.04;60;11365965672;S
20241031;110443;120.04;60;11365967179;S
20241031;110451;120.06;20;11365968975;B
20241031;110509;120.04;280;11365971880;S
20241031;110509;120.04;10;11365971881;S
20241031;110513;120.04;10;11365972378;B
20241031;110529;120.04;50;11365974613;B
20241031;110612;120.02;20;11365982242;S
20241031;110612;120.02;80;11365982243;S
20241031;110615;120.04;10;11365982768;B
20241031;110617;120.04;20;11365983206;B
20241031;110618;120.02;920;11365983397;S
20241031;110618;120.02;250;11365983398;S
20241031;110618;120.02;20;11365983399;S
20241031;110618;120.02;50;11365983400;S
20241031;110618;120.02;10;11365983401;S
20241031;110618;120.02;150;11365983402;S
20241031;110618;120.02;100;11365983403;S
20241031;110618;120.02;10;11365983404;S
20241031;110618;120.02;10;11365983405;S
20241031;110618;120.02;150;11365983406;S
20241031;110618;120.02;50;11365983407;S
20241031;110618;120.02;10;11365983408;S
20241031;110618;120.02;10;11365983409;S
20241031;110618;120.02;10;11365983410;S
20241031;110618;120.02;10;11365983411;S
20241031;110618;120.02;10;11365983412;S
20241031;110618;120.02;10;11365983413;S
20241031;110618;120.02;1000;11365983414;S
20241031;110618;120.02;1000;11365983415;S
20241031;110618;120.02;150;11365983416;S
20241031;110618;120;4070;11365983417;S
20241031;110618;120;3190;11365983459;S
20241031;110618;120;20;11365983465;S
20241031;110618;120;50;11365983466;S
20241031;110618;120.02;50;11365983474;S
20241031;110618;120;170;11365983475;S
20241031;110619;120;700;11365983606;S
20241031;110625;120.02;20;11365984799;S
20241031;110634;120;1130;11365986314;S
20241031;110649;120.02;10;11365989831;B
20241031;110656;120.02;10;11365991189;B
20241031;110710;120;10;11365994126;S
20241031;110713;120.02;10;11365994791;B
20241031;110713;120.02;50;11365994792;B
20241031;110713;120.02;50;11365994793;B
20241031;110713;120.04;320;11365994794;B
20241031;110713;120.04;50;11365994795;B
20241031;110713;120.06;20;11365994796;B
20241031;110718;120.06;10;11365995885;B
20241031;110731;120.06;10;11365998198;B
20241031;110737;120.06;140;11365999470;B
20241031;110737;120.06;20;11365999471;B
20241031;110740;120.06;30;11366000148;B
20241031;110741;120.06;150;11366000387;B
20241031;110821;120.1;10;11366007212;B
20241031;110827;120.1;10;11366008239;B
20241031;110827;120.1;40;11366008240;B
20241031;110834;120.06;10;11366009465;S
20241031;110834;120.06;50;11366009466;S
20241031;110854;120.06;20;11366012613;S
20241031;110929;120.06;80;11366017588;S
20241031;110930;120.06;100;11366017675;S
20241031;110930;120.04;100;11366017676;S
20241031;110933;120.08;50;11366018050;B
20241031;110933;120.1;40;11366018051;B
20241031;110945;120.1;20;11366019383;B
20241031;110954;120.1;10;11366020841;B
20241031;110959;120.1;20;11366021823;B
20241031;111053;120.08;10;11366029766;B
20241031;111054;120.08;20;11366029906;B
20241031;111105;120.04;30;11366031426;S
20241031;111113;120.08;10;11366033504;B
20241031;111125;120.06;10;11366035112;S
20241031;111131;120.08;10;11366035708;B
20241031;111133;120.08;30;11366035996;B
20241031;111133;120.1;390;11366035997;B
20241031;111137;120.1;410;11366036390;B
20241031;111137;120.12;40;11366036391;B
20241031;111137;120.12;50;11366036392;B
20241031;111145;120.12;10;11366037730;B
20241031;111150;120.12;40;11366038347;B
20241031;111152;120.12;10;11366038588;B
20241031;111156;120.06;750;11366041187;S
20241031;111156;120.06;570;11366041188;S
20241031;111156;120.04;20;11366041189;S
20241031;111156;120.04;50;11366041190;S
20241031;111156;120.04;20;11366041191;S
20241031;111156;120.04;10;11366041192;S
20241031;111156;120.04;40;11366041193;S
20241031;111156;120.04;570;11366041194;S
20241031;111156;120.02;100;11366041195;S
20241031;111156;120.02;20;11366041196;S
20241031;111156;120.02;210;11366041197;S
20241031;111156;120.02;1250;11366041198;S
20241031;111156;120.02;10;11366041199;S
20241031;111156;120.02;10;11366041200;S
20241031;111156;120.02;1000;11366041201;S
20241031;111156;120.02;10;11366041202;S
20241031;111156;120.02;200;11366041203;S
20241031;111156;120.02;100;11366041204;S
20241031;111156;120;60;11366041205;S
20241031;111216;120.02;50;11366063162;S
20241031;111220;120.02;200;11366066367;S
20241031;111220;120.02;250;11366066368;S
20241031;111220;120.02;250;11366066369;S
20241031;111220;120;550;11366066370;S
20241031;111229;120.06;10;11366075495;B
20241031;111230;120.02;250;11366075884;S
20241031;111230;120;1000;11366075885;S
20241031;111236;120.02;10;11366081372;S
20241031;111243;120.06;10;11366088681;B
20241031;111250;120.08;40;11366096670;B
20241031;111250;120.1;140;11366096671;B
20241031;111250;120.1;20;11366096672;B
20241031;111254;120.12;10;11366100905;B
20241031;111312;120.08;10;11366119789;B
20241031;111315;120.08;10;11366123321;S
20241031;111328;120.08;100;11366137807;S
20241031;111336;120.1;10;11366146661;B
20241031;111343;120.08;70;11366154152;S
20241031;111343;120.08;30;11366154153;S
20241031;111355;120.1;10;11366167748;B
20241031;111355;120.1;10;11366167749;B
20241031;111355;120.12;30;11366167750;B
20241031;111408;120.1;10;11366182558;B
20241031;111409;120.1;100;11366183867;S
20241031;111419;120.1;100;11366195183;S
20241031;111424;120.12;10;11366200485;B
20241031;111435;120.1;50;11366213229;S
20241031;111436;120.12;60;11366213290;B
20241031;111436;120.12;40;11366213291;B
20241031;111502;120.14;10;11366243410;B
20241031;111502;120.14;150;11366243411;B
20241031;111502;120.14;150;11366243412;B
20241031;111502;120.14;60;11366243413;B
20241031;111502;120.14;10;11366243414;B
20241031;111502;120.14;100;11366243415;B
20241031;111502;120.14;30;11366243416;B
20241031;111502;120.16;1000;11366243417;B
20241031;111502;120.16;10;11366243418;B
20241031;111502;120.16;10;11366243419;B
20241031;111502;120.16;470;11366243420;B
20241031;111519;120.16;90;11366259126;B
20241031;111522;120.1;20;11366261940;S
20241031;111522;120.08;30;11366261941;S
20241031;111548;120.14;50;11366288147;B
20241031;111548;120.16;100;11366288148;B
20241031;111548;120.16;200;11366288149;B
20241031;111552;120.08;260;11366293218;S
20241031;111552;120.08;10;11366293219;S
20241031;111552;120.06;40;11366293220;S
20241031;111552;120.06;40;11366293221;S
20241031;111615;120.14;50;11366317364;B
20241031;111615;120.14;50;11366317365;B
20241031;111633;120.14;10;11366337729;B
20241031;111650;120.14;10;11366356256;B
20241031;111711;120.06;20;11366378792;S
20241031;111711;120.06;30;11366378793;S
20241031;111711;120.06;40;11366378794;S
20241031;111735;120.06;40;11366406192;S
20241031;111735;120.12;10;11366406334;B
20241031;111818;120.12;10;11366450603;B
20241031;111821;120.12;10;11366453334;B
20241031;111900;120.06;10;11366493731;S
20241031;111900;120.06;20;11366493732;S
20241031;111919;120.12;10;11366514803;B
20241031;111921;120.06;30;11366516897;S
20241031;111921;120.06;10;11366516898;S
20241031;111921;120.06;30;11366516899;S
20241031;111922;120.06;250;11366517743;S
20241031;112115;120.1;20;11366642434;B
20241031;112124;120.08;40;11366650310;S
20241031;112133;120.08;20;11366659031;S
20241031;112133;120.06;220;11366659032;S
20241031;112133;120.06;10;11366659033;S
20241031;112133;120.04;3000;11366659034;S
20241031;112133;120.04;100;11366659035;S
20241031;112133;120.04;50;11366659036;S
20241031;112133;120.04;10;11366659037;S
20241031;112133;120.04;20;11366659038;S
20241031;112133;120.04;100;11366659039;S
20241031;112133;120.04;100;11366659040;S
20241031;112133;120.04;100;11366659041;S
20241031;112133;120.04;60;11366659042;S
20241031;112133;120.04;150;11366659043;S
20241031;112133;120.04;30;11366659044;S
20241031;112133;120.04;50;11366659045;S
20241031;112133;120.02;990;11366659046;S
20241031;112133;120.02;20;11366659047;S
20241031;112133;120.02;200;11366659048;S
20241031;112133;120.02;5000;11366659049;S
20241031;112133;120.02;1000;11366659050;S
20241031;112133;120.02;10;11366659051;S
20241031;112133;120.02;100;11366659052;S
20241031;112133;120.02;10;11366659053;S
20241031;112133;120.02;10;11366659054;S
20241031;112133;120.02;10;11366659055;S
20241031;112133;120.02;40;11366659056;S
20241031;112133;120.02;8590;11366659057;S
20241031;112133;120.02;1400;11366659202;S
20241031;112133;120;10;11366659207;S
20241031;112133;120;770;11366659208;S
20241031;112142;120.02;60;11366669920;B
20241031;112159;120.02;60;11366688058;B
20241031;112216;120.02;10;11366706562;B
20241031;112218;120.02;830;11366708734;B
20241031;112224;120.02;1000;11366715380;B
20241031;112224;120;440;11366715608;S
20241031;112247;120;2000;11366740618;S
20241031;112247;120;2800;11366741304;S
20241031;112258;120;80;11366752439;S
20241031;112331;120.02;500;11366790778;B
20241031;112335;120;10;11366794884;S
20241031;112342;120.02;10;11366802323;B
20241031;112353;120.02;90;11366815555;B
20241031;112357;120.02;50;11366821340;B
20241031;112358;120;300;11366822163;S
20241031;112404;120.02;15310;11366828008;B
20241031;112404;120.02;250;11366828009;B
20241031;112404;120.02;430;11366828010;B
20241031;112424;120.08;30;11366847003;B
20241031;112424;120.08;10;11366847004;B
20241031;112424;120.08;100;11366847005;B
20241031;112424;120.1;30;11366847006;B
20241031;112424;120.1;10;11366847007;B
20241031;112424;120.1;20;11366847008;B
20241031;112431;120.08;70;11366855332;S
20241031;112431;120.04;10;11366855333;S
20241031;112431;120.02;90;11366855334;S
20241031;112518;120.1;130;11366910323;B
20241031;112518;120.1;10;11366910324;B
20241031;112518;120.1;3000;11366910325;B
20241031;112528;120.12;10;11366922721;B
20241031;112528;120.12;30;11366922722;B
20241031;112529;120.12;140;11366923844;B
20241031;112529;120.12;10;11366923845;B
20241031;112529;120.14;20;11366923846;B
20241031;112529;120.14;30;11366923847;B
20241031;112529;120.16;50;11366923848;B
20241031;112529;120.16;30;11366923849;B
20241031;112529;120.16;20;11366923850;B
20241031;112529;120.16;500;11366923851;B
20241031;112529;120.18;10;11366923852;B
20241031;112529;120.18;10;11366923853;B
20241031;112556;120.14;10;11366955119;B
20241031;112609;120.16;50;11366970835;B
20241031;112609;120.16;10;11366970836;B
20241031;112639;120.1;90;11367006540;S
20241031;112639;120.08;50;11367006541;S
20241031;112639;120.08;50;11367006542;S
20241031;112639;120.08;50;11367006543;S
20241031;112639;120.08;10;11367006544;S
20241031;112811;120.16;50;11367105785;B
20241031;112811;120.16;20;11367105786;B
20241031;112811;120.16;10;11367105787;B
20241031;112812;120.16;60;11367107086;S
20241031;112812;120.12;20;11367107087;S
20241031;112812;120.1;20;11367107088;S
20241031;112812;120.08;50;11367107089;S
20241031;112812;120.06;50;11367107090;S
20241031;112812;120.06;30;11367107091;S
20241031;112812;120.06;60;11367107092;S
20241031;112812;120.04;40;11367107093;S
20241031;112812;120.04;50;11367107094;S
20241031;112812;120.04;50;11367107095;S
20241031;112812;120.04;50;11367107096;S
20241031;112812;120.04;50;11367107097;S
20241031;112812;120.04;20;11367107098;S
20241031;112812;120.04;20;11367107099;S
20241031;112812;120.04;100;11367107100;S
20241031;112812;120.04;100;11367107101;S
20241031;112812;120.04;100;11367107102;S
20241031;112812;120.04;100;11367107103;S
20241031;112812;120.04;30;11367107104;S
20241031;112849;120.12;10;11367148035;B
20241031;112850;120.12;10;11367148099;B
20241031;112850;120.14;40;11367148100;B
20241031;112850;120.14;10;11367148101;B
20241031;112850;120.14;50;11367148102;B
20241031;112850;120.14;40;11367148103;B
20241031;112850;120.16;30;11367148104;B
20241031;112850;120.16;10;11367148105;B
20241031;112850;120.18;10;11367148106;B
20241031;112850;120.18;30;11367148107;B
20241031;112850;120.18;10;11367148108;B
20241031;112850;120.2;100;11367148109;B
20241031;112850;120.2;10;11367148110;B
20241031;112850;120.2;10;11367148111;B
20241031;112850;120.2;10;11367148112;B
20241031;112850;120.2;50;11367148113;B
20241031;112850;120.2;50;11367148114;B
20241031;112850;120.2;50;11367148115;B
20241031;112850;120.22;480;11367148116;B
20241031;112908;120.22;50;11367149446;B
20241031;112908;120.22;90;11367149447;B
20241031;112908;120.24;40;11367149448;B
20241031;112908;120.24;20;11367149449;B
20241031;112908;120.24;50;11367149450;B
20241031;112908;120.24;20;11367149451;B
20241031;112908;120.24;50;11367149452;B
20241031;112908;120.26;10;11367149453;B
20241031;112908;120.26;560;11367149454;B
20241031;112909;120.26;30;11367149510;B
20241031;112909;120.26;840;11367149511;B
20241031;112909;120.26;110;11367149512;B
20241031;112909;120.28;10;11367149513;B
20241031;112909;120.28;690;11367149532;B
20241031;112914;120.28;310;11367149799;S
20241031;112928;120.26;50;11367150772;B
20241031;112945;120.26;10;11367151935;S
20241031;112945;120.26;10;11367151936;S
20241031;112945;120.26;10;11367151938;S
20241031;112945;120.26;10;11367151939;S
20241031;112945;120.28;10;11367151946;B
20241031;113204;120.22;30;11367164755;B
20241031;113208;120.22;10;11367165228;B
20241031;113254;120.22;10;11367170012;B
20241031;113302;120.22;10;11367170801;B
20241031;113347;120.14;30;11367174675;S
20241031;113409;120.18;10;11367176834;B
20241031;113418;120.14;20;11367177627;S
20241031;113442;120.16;10;11367179581;B
20241031;113455;120.16;80;11367180765;B
20241031;113511;120.16;90;11367182039;B
20241031;113534;120.16;10;11367183782;B
20241031;113551;120.16;60;11367185249;B
20241031;113632;120.18;10;11367188491;B
20241031;113636;120.18;10;11367188757;B
20241031;113636;120.2;10;11367188758;B
20241031;113702;120.18;10;11367190754;B
20241031;113736;120.16;110;11367193639;S
20241031;113736;120.16;800;11367193640;S
20241031;113736;120.14;20;11367193641;S
20241031;113736;120.14;50;11367193642;S
20241031;113736;120.12;1000;11367193643;S
20241031;113736;120.1;10;11367193644;S
20241031;113736;120.1;30;11367193645;S
20241031;113736;120.1;60;11367193646;S
20241031;113736;120.08;50;11367193647;S
20241031;113736;120.08;590;11367193648;S
20241031;113736;120.08;590;11367193649;S
20241031;113736;120.08;50;11367193650;S
20241031;113736;120.08;60;11367193651;S
20241031;113749;120.08;10;11367195321;B
20241031;113850;120.08;1000;11367202535;B
20241031;113850;120.08;500;11367202574;B
20241031;113852;120.08;500;11367202696;B
20241031;113855;120.08;20;11367203191;B
20241031;113928;120.08;10;11367206877;B
20241031;113929;120.06;50;11367206948;S
20241031;113929;120.06;50;11367206949;S
20241031;113929;120.06;10;11367206950;S
20241031;113929;120.06;90;11367206951;S
20241031;113939;120.04;50;11367208007;S
20241031;113943;120.08;10;11367208418;B
20241031;113952;120.08;10;11367209770;B
20241031;113958;120.06;10;11367210244;S
20241031;114004;120.04;20;11367211105;S
20241031;114037;120.08;500;11367213759;B
20241031;114043;120.08;20;11367214248;B
20241031;114047;120.08;10;11367214598;B
20241031;114051;120.04;10;11367215024;S
20241031;114129;120.06;50;11367218272;S
20241031;114129;120.06;350;11367218273;S
20241031;114129;120.04;600;11367218274;S
20241031;114139;120.04;20;11367218862;S
20241031;114205;120.08;10;11367220606;B
20241031;114209;120.04;50;11367220848;S
20241031;114214;120.08;700;11367221243;B
20241031;114239;120.08;10;11367223045;B
20241031;114243;120.04;170;11367223339;S
20241031;114310;120.06;20;11367224948;S
20241031;114333;120.06;10;11367226570;S
20241031;114336;120.06;30;11367226836;S
20241031;114411;120.06;400;11367230102;S
20241031;114448;120.06;40;11367232855;S
20241031;114448;120.06;20;11367232856;S
20241031;114449;120.08;250;11367232872;B
20241031;114449;120.08;250;11367232895;B
20241031;114450;120.08;250;11367232984;B
20241031;114511;120.06;480;11367235891;S
20241031;114511;120.06;10;11367235892;S
20241031;114543;120.06;50;11367237859;B
20241031;114546;120.04;10;11367238032;S
20241031;114557;120.08;10;11367238649;B
20241031;114610;120.08;10;11367239593;B
20241031;114657;120.08;20;11367243151;B
20241031;114705;120.08;10;11367243577;B
20241031;114746;120.08;100;11367246321;B
20241031;114752;120.08;40;11367246788;B
20241031;114826;120.08;10;11367249299;B
20241031;114849;120.06;10;11367250828;S
20241031;114849;120.04;100;11367250829;S
20241031;114849;120.04;100;11367250830;S
20241031;114849;120.04;100;11367250831;S
20241031;114849;120.04;40;11367250832;S
20241031;114910;120.06;10;11367252577;B
20241031;115015;120.06;10;11367256391;B
20241031;115015;120.08;10;11367256392;B
20241031;115025;120.08;100;11367256956;B
20241031;115025;120.08;270;11367256959;B
20241031;115035;120.08;20;11367257696;B
20241031;115051;120.08;10;11367258843;B
20241031;115112;120.06;10;11367260275;S
20241031;115112;120.06;10;11367260276;S
20241031;115112;120.04;20;11367260277;S
20241031;115231;120.06;100;11367266252;B
20241031;115304;120.04;40;11367270283;S
20241031;115304;120.04;100;11367270284;S
20241031;115304;120.04;50;11367270285;S
20241031;115304;120.04;50;11367270286;S
20241031;115304;120.04;10;11367270287;S
20241031;115304;120.04;20;11367270288;S
20241031;115304;120.04;10;11367270289;S
20241031;115304;120.04;40;11367270290;S
20241031;115304;120.04;10;11367270291;S
20241031;115304;120.04;10;11367270292;S
20241031;115304;120.04;10;11367270293;S
20241031;115304;120.04;220;11367270294;S
20241031;115304;120.04;100;11367270295;S
20241031;115304;120.04;10;11367270296;S
20241031;115304;120.04;100;11367270297;S
20241031;115304;120.04;50;11367270298;S
20241031;115304;120.04;50;11367270299;S
20241031;115304;120.04;120;11367270300;S
20241031;115333;120.04;10;11367272936;S
20241031;115335;120.06;10;11367273128;B
20241031;115404;120.04;160;11367275253;S
20241031;115404;120.04;50;11367275254;S
20241031;115404;120.04;50;11367275255;S
20241031;115404;120.04;20;11367275256;S
20241031;115404;120.04;20;11367275257;S
20241031;115404;120.04;180;11367275258;S
20241031;115421;120.04;20;11367276594;S
20241031;115444;120.06;20;11367278379;B
20241031;115449;120.04;210;11367279498;S
20241031;115449;120.04;10;11367279499;S
20241031;115449;120.04;50;11367279500;S
20241031;115449;120.02;1000;11367279501;S
20241031;115449;120.02;30;11367279502;S
20241031;115449;120.02;10;11367279503;S
20241031;115449;120.02;300;11367279504;S
20241031;115449;120.02;3000;11367279505;S
20241031;115449;120.02;10;11367279506;S
20241031;115449;120.02;10;11367279507;S
20241031;115449;120.02;1250;11367279508;S
20241031;115449;120.02;1250;11367279509;S
20241031;115449;120.02;2870;11367279510;S
20241031;115450;120.06;10;11367279669;B
20241031;115516;120.04;10;11367282343;S
20241031;115537;120.02;50;11367285211;S
20241031;115539;120.04;30;11367285383;B
20241031;115546;120.04;10;11367285946;B
20241031;115554;120.02;190;11367286750;S
20241031;115600;120.02;500;11367287131;S
20241031;115617;120.02;780;11367291125;S
20241031;115632;120.04;10;11367293178;B
20241031;115636;120.02;230;11367293719;S
20241031;115646;120.04;10;11367294695;B
20241031;115718;120.02;100;11367298073;S
20241031;115731;120.02;410;11367299111;S
20241031;115750;120.02;10000;11367300584;S
20241031;115751;120.02;10;11367300675;S
20241031;115757;120.02;10000;11367301058;S
20241031;115757;120.02;700;11367301060;S
20241031;115757;120.04;10;11367301093;B
20241031;115800;120.04;10;11367301294;B
20241031;115805;120.02;8850;11367301636;S
20241031;115805;120.02;100;11367301637;S
20241031;115805;120.02;50;11367301638;S
20241031;115805;120.02;10;11367301639;S
20241031;115805;120;990;11367301640;S
20241031;115805;120;4000;11367301647;S
20241031;115811;120;10000;11367302163;S
20241031;115817;120;15000;11367302963;S
20241031;115818;120;4000;11367303076;S
20241031;115819;120;2890;11367303268;S
20241031;115819;120;500;11367303274;S
20241031;115819;120.02;10;11367303275;B
20241031;115819;120.02;100;11367303276;B
20241031;115819;120.04;40;11367303277;B
20241031;115819;120.04;350;11367303278;B
20241031;115819;120;500;11367303297;S
20241031;115819;120;250;11367303338;S
20241031;115820;120;200;11367303548;S
20241031;115821;120;250;11367303846;S
20241031;115821;120;250;11367303960;S
20241031;115822;120;250;11367304010;S
20241031;115822;120;250;11367304066;S
20241031;115824;120;5000;11367304184;S
20241031;115829;120;900;11367304633;S
20241031;115835;120;2400;11367305149;S
20241031;115839;120;10;11367305643;S
20241031;115840;120;1200;11367305723;S
20241031;115843;120;600;11367305919;S
20241031;115843;120;900;11367305956;S
20241031;115847;120;300;11367306315;S
20241031;115849;120;80;11367306536;S
20241031;115905;120.02;10;11367308012;B
20241031;115921;120.02;10;11367309275;B
20241031;115923;120.02;70;11367309448;B
20241031;115925;120.02;10;11367309682;B
20241031;115942;120;2070;11367311177;S
20241031;115944;120;190;11367311266;S
20241031;115950;120;10;11367312147;S
20241031;115953;120;800;11367312433;S
20241031;120012;120;20;11367314185;S
20241031;120033;120.02;10;11367315862;B
20241031;120056;120.02;10;11367317972;B
20241031;120056;120.02;200;11367317973;B
20241031;120102;120.02;200;11367318402;B
20241031;120109;120;10;11367318960;S
20241031;120110;120.02;10;11367319058;B
20241031;120125;120;30;11367320194;S
20241031;120130;120;50;11367320581;S
20241031;120132;120.02;10;11367320677;B
20241031;120203;120.02;10;11367322844;B
20241031;120220;120.02;30;11367323985;B
20241031;120229;120;50;11367324738;S
20241031;120259;120.02;10;11367327708;B
20241031;120334;120.02;600;11367330786;B
20241031;120335;120;1000;11367330849;S
20241031;120336;120;50;11367330925;S
20241031;120359;120;200;11367332763;S
20241031;120405;120.02;10;11367333198;B
20241031;120407;120.02;190;11367333367;B
20241031;120432;120;50;11367335367;S
20241031;120511;120.02;30;11367338105;B
20241031;120536;120;10;11367339790;S
20241031;120541;120;70;11367340232;S
20241031;120618;120;1500;11367342609;S
20241031;120628;120;50;11367343735;S
20241031;120629;120;50;11367343756;S
20241031;120640;120;20;11367344966;S
20241031;120641;120;500;11367345002;S
20241031;120654;120;200;11367346210;S
20241031;120701;120;1000;11367347067;S
20241031;120709;120;500;11367347745;S
20241031;120712;120;20;11367347964;S
20241031;120713;120;3500;11367348006;S
20241031;120713;120;20;11367348026;S
20241031;120733;120;300;11367349745;S
20241031;120741;120.02;3580;11367351347;B
20241031;120741;120.02;50;11367351348;B
20241031;120741;120.02;800;11367351349;B
20241031;120741;120.02;250;11367351350;B
20241031;120741;120.02;250;11367351351;B
20241031;120741;120.02;2070;11367351352;B
20241031;120741;120.02;330;11367351353;B
20241031;120741;120.02;3000;11367351354;B
20241031;120741;120.02;100;11367351355;B
20241031;120741;120.02;50;11367351356;B
20241031;120741;120.02;50;11367351357;B
20241031;120742;120.02;3000;11367351364;S
20241031;120742;120.06;10;11367351539;B
20241031;120742;120.06;150;11367351540;B
20241031;120742;120.06;10;11367351541;B
20241031;120742;120.06;80;11367351542;B
20241031;120743;120.04;500;11367351630;B
20241031;120743;120.06;70;11367351631;B
20241031;120743;120.08;230;11367351632;B
20241031;120743;120.06;590;11367351633;B
20241031;120743;120.08;110;11367351634;B
20241031;120744;120.08;250;11367351774;B
20241031;120745;120.08;250;11367351969;B
20241031;120751;120.08;190;11367353337;B
20241031;120807;120.06;170;11367355777;S
20241031;120807;120.04;60;11367355778;S
20241031;120810;120.08;10;11367356039;B
20241031;120828;120.06;10;11367359314;S
20241031;120830;120.08;20;11367359659;B
20241031;120832;120.08;850;11367359817;B
20241031;120832;120.08;10;11367359818;B
20241031;120832;120.08;330;11367359819;B
20241031;120832;120.08;10;11367359820;B
20241031;120832;120.08;100;11367359821;B
20241031;120836;120.1;20;11367360433;B
20241031;120836;120.1;20;11367360434;B
20241031;120842;120.1;250;11367361082;B
20241031;120843;120.08;250;11367361183;S
20241031;120843;120.08;80;11367361184;S
20241031;120844;120.08;170;11367361294;B
20241031;120844;120.08;80;11367361295;B
20241031;120845;120.1;330;11367361479;B
20241031;120845;120.1;100;11367361480;B
20241031;120942;120.1;10;11367368153;S
20241031;121010;120.1;60;11367371719;S
20241031;121010;120.1;10;11367371720;S
20241031;121010;120.12;1250;11367371752;B
20241031;121031;120.1;10;11367374501;S
20241031;121031;120.1;20;11367374502;S
20241031;121031;120.1;220;11367374503;S
20241031;121107;120.12;10;11367379393;B
20241031;121119;120.1;260;11367381361;S
20241031;121128;120.1;10;11367382265;S
20241031;121135;120.12;10;11367383532;B
20241031;121154;120.12;10;11367387203;B
20241031;121204;120.1;60;11367389265;S
20241031;121204;120.1;10;11367389266;S
20241031;121204;120.1;40;11367389267;S
20241031;121204;120.1;60;11367389268;S
20241031;121204;120.1;240;11367389269;S
20241031;121204;120.1;30;11367389270;S
20241031;121204;120.1;100;11367389271;S
20241031;121204;120.1;60;11367389272;S
20241031;121204;120.1;30;11367389273;S
20241031;121204;120.1;100;11367389274;S
20241031;121204;120.1;60;11367389275;S
20241031;121204;120.1;30;11367389276;S
20241031;121204;120.1;90;11367389277;S
20241031;121208;120.1;1050;11367389623;S
20241031;121208;120.12;10;11367389708;B
20241031;121234;120.1;10;11367394644;S
20241031;121248;120.1;70;11367397573;S
20241031;121248;120.12;50;11367397676;B
20241031;121255;120.1;10;11367399703;S
20241031;121255;120.12;10;11367399755;B
20241031;121315;120.1;10;11367404675;S
20241031;121318;120.1;10;11367405212;S
20241031;121319;120.12;10;11367405529;B
20241031;121337;120.1;100;11367408922;S
20241031;121340;120.12;10;11367409510;B
20241031;121347;120.1;10;11367410611;S
20241031;121355;120.1;20;11367411710;S
20241031;121400;120.1;200;11367412856;S
20241031;121409;120.12;10;11367414104;B
20241031;121416;120.12;10;11367415960;B
20241031;121424;120.12;20;11367418796;B
20241031;121431;120.12;20;11367420455;B
20241031;121441;120.1;200;11367422128;S
20241031;121444;120.1;350;11367422822;S
20241031;121457;120.12;10;11367426206;B
20241031;121503;120.1;20;11367427419;S
20241031;121514;120.1;2000;11367430192;S
20241031;121534;120.1;300;11367434675;S
20241031;121556;120.1;2000;11367438445;S
20241031;121558;120.1;10;11367438663;S
20241031;121605;120.1;10;11367440020;S
20241031;121644;120.1;1000;11367446634;S
20241031;121647;120.12;280;11367447028;B
20241031;121651;120.12;10;11367447547;S
20241031;121718;120.14;10;11367451015;B
20241031;121726;120.14;30;11367451972;B
20241031;121732;120.14;10;11367452924;B
20241031;121736;120.14;10;11367453261;B
20241031;121746;120.12;360;11367454244;S
20241031;121757;120.14;20;11367455431;B
20241031;121812;120.14;10;11367457767;B
20241031;121844;120.14;10;11367462402;B
20241031;121848;120.14;20;11367462835;B
20241031;121849;120.12;380;11367462900;S
20241031;121855;120.12;50;11367463470;S
20241031;121855;120.12;230;11367463509;S
20241031;121857;120.12;250;11367463803;S
20241031;121858;120.12;250;11367463870;S
20241031;121858;120.12;190;11367463914;S
20241031;121858;120.12;40;11367463915;S
20241031;121858;120.12;20;11367463916;S
20241031;121911;120.14;250;11367465348;B
20241031;121911;120.14;50;11367465349;B
20241031;121911;120.14;40;11367465350;B
20241031;121925;120.14;10;11367467076;S
20241031;121927;120.14;100;11367467263;S
20241031;121928;120.16;20;11367467323;B
20241031;121928;120.16;10;11367467383;B
20241031;121950;120.16;10;11367469677;B
20241031;122008;120.16;10;11367471704;B
20241031;122008;120.16;30;11367471705;B
20241031;122008;120.16;50;11367471706;B
20241031;122008;120.16;20;11367471707;B
20241031;122008;120.18;390;11367471708;B
20241031;122012;120.18;10;11367472199;B
20241031;122014;120.18;160;11367472392;B
20241031;122017;120.14;560;11367473052;S
20241031;122024;120.18;20;11367474826;B
20241031;122029;120.14;140;11367476115;S
20241031;122029;120.14;20;11367476116;S
20241031;122038;120.14;30;11367478427;B
20241031;122047;120.14;310;11367480559;B
20241031;122047;120.16;330;11367480560;B
20241031;122047;120.18;670;11367480561;B
20241031;122047;120.2;100;11367480562;B
20241031;122106;120.22;10;11367484929;B
20241031;122141;120.22;10;11367489843;B
20241031;122141;120.22;330;11367489844;B
20241031;122141;120.24;160;11367489845;B
20241031;122142;120.22;20;11367489994;B
20241031;122154;120.22;70;11367491475;B
20241031;122158;120.22;100;11367491877;B
20241031;122214;120.2;50;11367493994;S
20241031;122218;120.2;380;11367494519;S
20241031;122238;120.2;370;11367496915;S
20241031;122238;120.2;10;11367496916;S
20241031;122238;120.2;10;11367496917;S
20241031;122238;120.14;10;11367496918;S
20241031;122238;120.14;100;11367496919;S
20241031;122238;120.12;30;11367496920;S
20241031;122238;120.12;50;11367496921;S
20241031;122238;120.12;530;11367496922;S
20241031;122238;120.12;130;11367496923;S
20241031;122238;120.12;40;11367496924;S
20241031;122238;120.1;6220;11367496925;S
20241031;122238;120.1;20;11367496926;S
20241031;122238;120.1;10;11367496927;S
20241031;122238;120.08;10;11367496928;S
20241031;122257;120.08;50;11367500055;B
20241031;122306;120.06;20;11367501124;S
20241031;122313;120.06;50;11367502200;S
20241031;122313;120.06;200;11367502201;S
20241031;122313;120.06;10;11367502202;S
20241031;122313;120.06;1240;11367502203;S
20241031;122336;120.08;10;11367505362;B
20241031;122341;120.06;300;11367505854;S
20241031;122343;120.08;20;11367505997;B
20241031;122347;120.06;960;11367506516;S
20241031;122347;120.06;10;11367506517;S
20241031;122347;120.04;630;11367506518;S
20241031;122347;120.08;10;11367506546;B
20241031;122347;120.06;10;11367506566;S
20241031;122347;120.04;990;11367506567;S
20241031;122413;120.06;330;11367510912;B
20241031;122414;120.06;270;11367511040;S
20241031;122434;120.06;1400;11367513695;S
20241031;122434;120.04;1380;11367513696;S
20241031;122434;120.04;40;11367513697;S
20241031;122434;120.04;300;11367513698;S
20241031;122434;120.04;270;11367513699;S
20241031;122434;120.02;11470;11367513700;S
20241031;122434;120.02;10;11367513701;S
20241031;122434;120.02;10;11367513702;S
20241031;122434;120.02;10;11367513703;S
20241031;122434;120.02;100;11367513704;S
20241031;122434;120;3010;11367513705;S
20241031;122434;120;700;11367513706;S
20241031;122436;120.06;10;11367513851;B
20241031;122510;120.04;30;11367519463;B
20241031;122510;120.04;10;11367519464;B
20241031;122523;120;10;11367521537;S
20241031;122529;120;2000;11367522182;S
20241031;122532;120;90;11367522449;S
20241031;122538;120.02;20;11367523332;B
20241031;122601;120.02;2640;11367526623;B
20241031;122612;120;1000;11367527802;S
20241031;122629;120;890;11367529853;S
20241031;122636;120;2030;11367530584;S
20241031;122643;120;2000;11367531304;S
20241031;122643;120;500;11367531333;S
20241031;122645;120;110;11367531488;S
20241031;122651;120.02;10;11367532319;B
20241031;122705;120.02;3000;11367533932;B
20241031;122705;120.02;40;11367533933;B
20241031;122705;120.02;80;11367533934;B
20241031;122710;120.02;10;11367534749;B
20241031;122727;120.04;100;11367536597;B
20241031;122727;120.06;150;11367536598;B
20241031;122744;120.04;30;11367538537;S
20241031;122744;120.04;30;11367538538;S
20241031;122744;120.04;140;11367538539;S
20241031;122754;120.04;360;11367539692;S
20241031;122754;120.04;500;11367539693;S
20241031;122754;120.02;11510;11367539694;S
20241031;122805;120.06;40;11367540673;S
20241031;122805;120.02;140;11367540674;S
20241031;122810;120.04;520;11367541100;S
20241031;122858;120.08;10;11367546724;B
20241031;122858;120.1;10;11367546725;B
20241031;122910;120.1;40;11367548422;B
20241031;122910;120.1;30;11367548423;B
20241031;122910;120.1;30;11367548424;B
20241031;122910;120.1;60;11367548425;B
20241031;122910;120.1;20;11367548426;B
20241031;122910;120.1;20;11367548427;B
20241031;122923;120.06;40;11367550114;S
20241031;122940;120.12;10;11367552855;B
20241031;122949;120.12;100;11367554169;B
20241031;123002;120.12;730;11367556305;B
20241031;123002;120.12;50;11367556306;B
20241031;123002;120.12;50;11367556307;B
20241031;123002;120.12;50;11367556308;B
20241031;123002;120.12;120;11367556309;B
20241031;123009;120.12;30;11367557567;B
20241031;123013;120.12;10;11367558073;B
20241031;123015;120.12;170;11367558404;B
20241031;123015;120.12;10;11367558405;B
20241031;123015;120.14;1820;11367558406;B
20241031;123018;120.14;10;11367559010;B
20241031;123031;120.14;50;11367561215;B
20241031;123032;120.1;10;11367561394;S
20241031;123034;120.1;20;11367561594;B
20241031;123047;120.08;200;11367564783;S
20241031;123111;120.06;600;11367572052;S
20241031;123116;120.1;20;11367572839;B
20241031;123116;120.1;10;11367572840;B
20241031;123128;120.12;580;11367575452;B
20241031;123128;120.12;840;11367575453;B
20241031;123128;120.12;100;11367575454;B
20241031;123128;120.12;330;11367575455;B
20241031;123128;120.14;1120;11367575456;B
20241031;123128;120.16;100;11367575457;B
20241031;123128;120.18;50;11367575458;B
20241031;123128;120.18;500;11367575459;B
20241031;123128;120.2;1380;11367575460;B
20241031;123129;120.08;200;11367575706;S
20241031;123134;120.08;390;11367577193;S
20241031;123134;120.06;360;11367577194;S
20241031;123134;120.06;10;11367577195;S
20241031;123134;120.06;50;11367577196;S
20241031;123134;120.06;30;11367577197;S
20241031;123134;120.06;1000;11367577198;S
20241031;123134;120.06;40;11367577199;S
20241031;123134;120.06;40;11367577200;S
20241031;123134;120.06;50;11367577201;S
20241031;123134;120.06;50;11367577202;S
20241031;123134;120.06;200;11367577203;S
20241031;123134;120.06;1500;11367577204;S
20241031;123134;120.06;30;11367577205;S
20241031;123134;120.06;20;11367577206;S
20241031;123134;120.04;16230;11367577207;S
20241031;123144;120.04;700;11367580037;S
20241031;123150;120.06;10;11367581009;B
20241031;123155;120.06;10;11367582105;B
20241031;123200;120.06;100;11367583019;B
20241031;123216;120.04;800;11367586085;S
20241031;123236;120.04;1150;11367588838;S
20241031;123252;120.06;10;11367591584;B
20241031;123258;120.06;70;11367592326;B
20241031;123300;120.06;70;11367592653;S
20241031;123317;120.12;30;11367594841;B
20241031;123317;120.14;90;11367594842;B
20241031;123350;120.14;20;11367600502;B
20241031;123403;120.14;20;11367603427;B
20241031;123407;120.14;10;11367604128;B
20241031;123411;120.08;50;11367604607;S
20241031;123411;120.08;10;11367604608;S
20241031;123411;120.06;190;11367604609;S
20241031;123411;120.06;20;11367604648;S
20241031;123415;120.14;20;11367605487;B
20241031;123429;120.06;320;11367608677;S
20241031;123440;120.12;10;11367609883;B
20241031;123441;120.06;30;11367609977;S
20241031;123454;120.06;150;11367611535;S
20241031;123457;120.06;20;11367611849;S
20241031;123514;120.12;10;11367615734;B
20241031;123541;120.06;130;11367623534;S
20241031;123541;120.06;50;11367623535;S
20241031;123541;120.06;500;11367623536;S
20241031;123541;120.06;10;11367623537;S
20241031;123541;120.06;50;11367623538;S
20241031;123541;120.06;1260;11367623539;S
20241031;123544;120.06;740;11367624321;S
20241031;123544;120.04;260;11367624322;S
20241031;123556;120.08;340;11367627846;B
20241031;123614;120.1;10;11367631277;B
20241031;123629;120.04;2000;11367633411;S
20241031;123630;120.1;20;11367633525;B
20241031;123631;120.1;20;11367633746;B
20241031;123635;120.1;10;11367634546;B
20241031;123656;120.06;10;11367638889;S
20241031;123656;120.06;10;11367638890;S
20241031;123656;120.04;1780;11367638891;S
20241031;123706;120.06;10;11367640879;B
20241031;123733;120.06;10;11367645408;B
20241031;123742;120.04;1560;11367646414;S
20241031;123742;120.04;10;11367646415;S
20241031;123742;120.04;330;11367646416;S
20241031;123749;120.06;10;11367647718;B
20241031;123807;120.04;70;11367649639;S
20241031;123813;120.04;1600;11367650420;S
20241031;123813;120.04;10;11367650421;S
20241031;123813;120.04;40;11367650422;S
20241031;123813;120.04;50;11367650423;S
20241031;123813;120.04;50;11367650424;S
20241031;123813;120.04;30;11367650425;S
20241031;123813;120.04;50;11367650426;S
20241031;123813;120.04;10;11367650427;S
20241031;123813;120.04;10;11367650428;S
20241031;123815;120.04;10;11367650692;B
20241031;123815;120.04;140;11367650771;B
20241031;123815;120.06;60;11367650772;B
20241031;123825;120.08;50;11367652129;S
20241031;123825;120.04;1000;11367652130;S
20241031;123825;120.02;18950;11367652131;S
20241031;123830;120.1;10;11367652722;B
20241031;123845;120.02;50;11367654434;S
20241031;123848;120.02;20;11367654738;S
20241031;123900;120.02;600;11367656779;S
20241031;123913;120.04;10;11367658418;S
20241031;123930;120.06;10;11367661638;B
20241031;123938;120.04;1750;11367662378;S
20241031;123938;120.04;100;11367662581;S
20241031;123938;120.04;70;11367662733;S
20241031;123954;120.04;290;11367664663;S
20241031;123954;120.04;10;11367664685;S
20241031;124019;120.06;40;11367668039;B
20241031;124019;120.06;10;11367668040;B
20241031;124019;120.06;40;11367668041;B
20241031;124019;120.08;200;11367668042;B
20241031;124019;120.08;200;11367668043;B
20241031;124019;120.08;50;11367668044;B
20241031;124019;120.1;40;11367668045;B
20241031;124019;120.1;50;11367668046;B
20241031;124019;120.1;30;11367668047;B
20241031;124019;120.1;50;11367668048;B
20241031;124019;120.1;290;11367668049;B
20241031;124024;120.04;100;11367668692;S
20241031;124028;120.1;10;11367669134;B
20241031;124048;120.06;30;11367671243;S
20241031;124048;120.04;670;11367671244;S
20241031;124048;120.04;110;11367671245;S
20241031;124048;120.04;2640;11367671251;S
20241031;124048;120.04;740;11367671263;S
20241031;124048;120.04;1970;11367671264;S
20241031;124048;120.04;1410;11367671266;S
20241031;124048;120.04;1310;11367671267;S
20241031;124048;120.04;3610;11367671268;S
20241031;124048;120.04;530;11367671276;S
20241031;124048;120.04;570;11367671281;S
20241031;124048;120.04;2240;11367671282;S
20241031;124048;120.04;1450;11367671283;S
20241031;124049;120.04;930;11367671285;S
20241031;124049;120.04;2160;11367671286;S
20241031;124049;120.04;1380;11367671288;S
20241031;124103;120.04;20;11367673208;S
20241031;124106;120.04;1160;11367673727;S
20241031;124109;120.06;10;11367674033;B
20241031;124109;120.04;150;11367674106;S
20241031;124124;120.04;1000;11367677252;S
20241031;124132;120.04;1620;11367678407;S
20241031;124132;120.04;50;11367678408;S
20241031;124132;120.02;330;11367678409;S
20241031;124143;120.04;10;11367679846;S
20241031;124145;120.04;50;11367680248;S
20241031;124156;120.06;10;11367681890;B
20241031;124156;120.06;10;11367681891;B
20241031;124156;120.06;30;11367681892;B
20241031;124202;120.04;40;11367682742;S
20241031;124202;120.04;60;11367682743;S
20241031;124203;120.06;10;11367683007;B
20241031;124205;120.06;10;11367683183;B
20241031;124216;120.06;340;11367684916;B
20241031;124222;120.06;1090;11367685636;B
20241031;124222;120.06;100;11367685637;B
20241031;124222;120.08;10;11367685638;B
20241031;124222;120.08;30;11367685639;B
20241031;124222;120.08;3000;11367685640;B
20241031;124222;120.08;100;11367685641;B
20241031;124222;120.1;1200;11367685642;B
20241031;124222;120.1;200;11367685643;B
20241031;124222;120.12;50;11367685644;B
20241031;124222;120.12;50;11367685645;B
20241031;124222;120.12;330;11367685646;B
20241031;124222;120.12;50;11367685647;B
20241031;124222;120.14;50;11367685648;B
20241031;124222;120.14;1500;11367685649;B
20241031;124222;120.16;10;11367685650;B
20241031;124222;120.18;500;11367685651;B
20241031;124222;120.2;220;11367685652;B
20241031;124222;120.2;50;11367685653;B
20241031;124222;120.2;50;11367685654;B
20241031;124222;120.22;50;11367685655;B
20241031;124222;120.24;50;11367685656;B
20241031;124222;120.24;60;11367685657;B
20241031;124222;120.26;50;11367685658;B
20241031;124222;120.26;50;11367685659;B
20241031;124222;120.26;10;11367685660;B
20241031;124222;120.32;50;11367685661;B
20241031;124222;120.32;400;11367685662;B
20241031;124222;120.32;400;11367685663;B
20241031;124222;120.34;50;11367685664;B
20241031;124222;120.34;240;11367685665;B
20241031;124222;120.32;150;11367685677;B
20241031;124223;120.26;590;11367685799;B
20241031;124223;120.26;840;11367685800;B
20241031;124223;120.28;330;11367685801;B
20241031;124223;120.32;130;11367685802;B
20241031;124223;120.34;350;11367685803;B
20241031;124223;120.34;100;11367685804;B
20241031;124223;120.36;10;11367685805;B
20241031;124223;120.36;10;11367685806;B
20241031;124223;120.36;1060;11367685807;B
20241031;124223;120.38;220;11367685808;B
20241031;124223;120.4;20;11367685809;B
20241031;124223;120.4;150;11367685810;B
20241031;124223;120.4;20;11367685811;B
20241031;124223;120.42;2000;11367685812;B
20241031;124223;120.44;540;11367685813;B
20241031;124223;120.46;500;11367685814;B
20241031;124223;120.5;20;11367685815;B
20241031;124223;120.5;1110;11367685816;B
20241031;124234;120.4;330;11367687108;B
20241031;124234;120.42;840;11367687109;B
20241031;124234;120.42;60;11367687110;S
20241031;124234;120.42;60;11367687111;S
20241031;124234;120.42;60;11367687112;S
20241031;124235;120.42;60;11367687230;S
20241031;124235;120.42;60;11367687231;S
20241031;124236;120.42;50;11367687283;S
20241031;124237;120.42;480;11367687428;S
20241031;124345;120.34;10;11367695378;B
20241031;124347;120.36;40;11367695593;B
20241031;124354;120.36;10;11367696447;B
20241031;124441;120.32;90;11367703977;B
20241031;124454;120.32;240;11367706637;B
20241031;124454;120.32;20;11367706638;B
20241031;124516;120.28;360;11367709707;S
20241031;124516;120.2;60;11367709708;S
20241031;124516;120.18;50;11367709709;S
20241031;124516;120.18;100;11367709710;S
20241031;124516;120.16;100;11367709711;S
20241031;124516;120.14;10;11367709712;S
20241031;124516;120.14;50;11367709713;S
20241031;124516;120.14;270;11367709714;S
20241031;124552;120.24;400;11367713044;S
20241031;124552;120.24;10;11367713045;S
20241031;124552;120.22;50;11367713046;S
20241031;124552;120.2;40;11367713047;S
20241031;124602;120.24;10;11367714033;S
20241031;124611;120.3;10;11367714936;B
20241031;124612;120.24;20;11367715063;S
20241031;124612;120.16;60;11367715064;S
20241031;124612;120.14;10;11367715065;S
20241031;124620;120.16;50;11367715974;S
20241031;124620;120.14;10;11367715975;S
20241031;124620;120.14;300;11367715976;S
20241031;124620;120.14;10;11367715977;S
20241031;124620;120.14;40;11367715978;S
20241031;124620;120.14;100;11367715979;S
20241031;124620;120.14;590;11367715980;S
20241031;124620;120.14;400;11367715981;S
20241031;124620;120.12;50;11367715982;S
20241031;124620;120.12;500;11367715983;S
20241031;124620;120.1;50;11367715984;S
20241031;124620;120.1;10;11367715985;S
20241031;124620;120.1;500;11367715986;S
20241031;124620;120.1;100;11367715987;S
20241031;124620;120.08;50;11367715988;S
20241031;124620;120.08;30;11367715989;S
20241031;124620;120.08;100;11367715990;S
20241031;124620;120.08;170;11367715991;S
20241031;124726;120.2;10;11367723310;B
20241031;124749;120.1;20;11367725619;S
20241031;124750;120.08;10;11367725746;S
20241031;124812;120.1;10;11367728030;S
20241031;124841;120.2;10;11367731040;B
20241031;124850;120.1;10;11367731827;S
20241031;124854;120.08;10;11367732205;S
20241031;124855;120.08;150;11367732235;S
20241031;124922;120.08;40;11367734489;S
20241031;124945;120.1;10;11367736638;B
20241031;124959;120.1;10;11367737908;B
20241031;125008;120.08;510;11367738706;S
20241031;125014;120.08;90;11367739266;S
20241031;125020;120.08;190;11367739682;S
20241031;125020;120.08;10;11367739683;S
20241031;125020;120.08;10;11367739684;S
20241031;125020;120.08;140;11367739685;S
20241031;125046;120.1;30;11367741969;B
20241031;125105;120.1;20;11367743789;B
20241031;125110;120.08;10;11367744344;S
20241031;125110;120.08;80;11367744345;S
20241031;125110;120.08;600;11367744346;S
20241031;125110;120.08;10;11367744347;S
20241031;125110;120.08;40;11367744348;S
20241031;125110;120.08;10;11367744349;S
20241031;125110;120.06;50;11367744350;S
20241031;125110;120.06;250;11367744351;S
20241031;125110;120.06;50;11367744352;S
20241031;125110;120.06;50;11367744353;S
20241031;125110;120.06;1250;11367744354;S
20241031;125110;120.06;500;11367744355;S
20241031;125110;120.06;50;11367744356;S
20241031;125110;120.06;500;11367744357;S
20241031;125110;120.06;3000;11367744358;S
20241031;125110;120.06;10;11367744359;S
20241031;125110;120.04;40;11367744360;S
20241031;125110;120.04;50;11367744361;S
20241031;125110;120.04;30;11367744362;S
20241031;125110;120.04;50;11367744363;S
20241031;125110;120.04;1500;11367744364;S
20241031;125110;120.04;1870;11367744365;S
20241031;125157;120.08;50;11367749407;S
20241031;125225;120.1;10;11367751786;B
20241031;125241;120.1;10;11367753064;B
20241031;125301;120.08;60;11367754694;S
20241031;125301;120.06;60;11367754695;S
20241031;125301;120.06;840;11367754696;S
20241031;125301;120.04;840;11367754697;S
20241031;125307;120.1;10;11367755193;B
20241031;125314;120.1;20;11367756035;B
20241031;125318;120.1;10;11367756339;B
20241031;125329;120.1;10;11367757309;B
20241031;125347;120.08;20;11367759059;S
20241031;125351;120.08;160;11367759399;S
20241031;125407;120.08;20;11367760607;B
20241031;125411;120.06;20;11367761030;S
20241031;125447;120.06;50;11367765044;S
20241031;125447;120.06;100;11367765045;S
20241031;125526;120.06;730;11367768294;S
20241031;125526;120.04;270;11367768295;S
20241031;125527;120.08;10;11367768338;B
20241031;125530;120.04;20;11367768550;S
20241031;125532;120.04;150;11367768736;S
20241031;125558;120.04;1450;11367770808;S
20241031;125558;120.04;150;11367770809;S
20241031;125558;120.04;150;11367770810;S
20241031;125558;120.04;100;11367770811;S
20241031;125558;120.04;50;11367770812;S
20241031;125558;120.04;90;11367770813;S
20241031;125558;120.04;10;11367770814;S
20241031;125605;120.08;20;11367771360;B
20241031;125619;120.08;60;11367772590;B
20241031;125641;120.08;20;11367774561;B
20241031;125641;120.08;80;11367774562;B
20241031;125642;120.08;10;11367774880;B
20241031;125643;120.04;50;11367774931;S
20241031;125646;120.04;10;11367775284;S
20241031;125657;120.08;10;11367776236;B
20241031;125708;120.08;100;11367777210;B
20241031;125708;120.08;50;11367777211;B
20241031;125708;120.1;100;11367777212;B
20241031;125719;120.04;40;11367778237;S
20241031;125719;120.04;50;11367778238;S
20241031;125719;120.04;50;11367778239;S
20241031;125719;120.04;250;11367778240;S
20241031;125719;120.04;10;11367778241;S
20241031;125719;120.04;20;11367778242;S
20241031;125719;120.04;10;11367778243;S
20241031;125719;120.04;10;11367778244;S
20241031;125719;120.02;470;11367778245;S
20241031;125728;120.08;290;11367779177;B
20241031;125731;120.08;10;11367779522;B
20241031;125756;120.04;10;11367781575;S
20241031;125804;120.1;30;11367782307;B
20241031;125840;120.1;10;11367785839;B
20241031;125842;120.06;20;11367786047;S
20241031;125843;120.08;10;11367786130;B
20241031;125913;120.1;60;11367791211;B
20241031;125913;120.1;50;11367791307;B
20241031;125914;120.1;50;11367791423;B
20241031;125919;120.1;50;11367792356;B
20241031;125936;120.08;840;11367795175;S
20241031;125936;120.08;100;11367795176;S
20241031;125936;120.08;300;11367795177;S
20241031;125936;120.06;2000;11367795178;S
20241031;125936;120.06;90;11367795179;S
20241031;125936;120.04;50;11367795180;S
20241031;125936;120.04;100;11367795181;S
20241031;125936;120.04;5910;11367795182;S
20241031;125936;120.06;90;11367795226;S
20241031;125939;120.06;20;11367795685;S
20241031;125942;120.06;10;11367795977;S
20241031;125949;120.08;20;11367796715;B
20241031;130000;120.08;80;11367797963;B
20241031;130000;120.08;50;11367797964;B
20241031;130000;120.08;800;11367797965;B
20241031;130003;120.1;150;11367798538;B
20241031;130003;120.1;1410;11367798539;B
20241031;130003;120.1;50;11367798540;B
20241031;130003;120.12;10;11367798541;B
20241031;130005;120.14;10;11367798601;B
20241031;130011;120.14;140;11367799210;B
20241031;130011;120.14;50;11367799211;B
20241031;130011;120.14;50;11367799212;B
20241031;130011;120.14;60;11367799213;B
20241031;130011;120.16;150;11367799214;B
20241031;130011;120.16;1520;11367799215;B
20241031;130012;120.08;50;11367799441;S
20241031;130029;120.14;40;11367800998;B
20241031;130029;120.14;90;11367800999;B
20241031;130030;120.14;10;11367801166;B
20241031;130031;120.14;10;11367801237;B
20241031;130031;120.14;10;11367801247;B
20241031;130031;120.14;10;11367801258;B
20241031;130032;120.14;10;11367801283;B
20241031;130032;120.14;10;11367801286;B
20241031;130032;120.14;10;11367801296;B
20241031;130043;120.16;20;11367802374;B
20241031;130050;120.16;10;11367803064;B
20241031;130056;120.16;10;11367803647;B
20241031;130126;120.16;500;11367807080;B
20241031;130236;120.16;10;11367816372;B
20241031;130242;120.16;10;11367816897;B
20241031;130251;120.16;100;11367817818;B
20241031;130307;120.14;10;11367819237;B
20241031;130312;120.14;10;11367819656;B
20241031;130315;120.14;20;11367820078;B
20241031;130316;120.14;10;11367820161;B
20241031;130331;120.14;30;11367821695;B
20241031;130404;120.14;10;11367824842;B
20241031;130457;120.1;10;11367830473;B
20241031;130501;120.08;10;11367831296;S
20241031;130501;120.08;10;11367831297;S
20241031;130514;120.06;100;11367833132;S
20241031;130514;120.06;50;11367833133;S
20241031;130514;120.06;50;11367833134;S
20241031;130514;120.06;200;11367833135;S
20241031;130540;120.06;10;11367836978;S
20241031;130550;120.06;350;11367838389;S
20241031;130552;120.1;50;11367838526;B
20241031;130552;120.1;50;11367838527;B
20241031;130552;120.1;10;11367838528;B
20241031;130552;120.1;20;11367838529;B
20241031;130552;120.1;20;11367838530;B
20241031;130552;120.12;60;11367838531;B
20241031;130554;120.06;10;11367838776;S
20241031;130557;120.06;320;11367839222;S
20241031;130611;120.06;260;11367840470;S
20241031;130631;120.08;10;11367842278;B
20241031;130642;120.08;30;11367843360;B
20241031;130646;120.08;10;11367843756;B
20241031;130653;120.06;30;11367844481;S
20241031;130655;120.08;30;11367844661;B
20241031;130748;120.06;320;11367850304;S
20241031;130748;120.06;10;11367850305;S
20241031;130748;120.06;120;11367850306;S
20241031;130750;120.08;10;11367850421;B
20241031;130812;120.08;20;11367852880;B
20241031;130824;120.08;400;11367854707;B
20241031;130824;120.1;50;11367854708;B
20241031;130827;120.12;10;11367854964;B
20241031;130828;120.12;10;11367855082;B
20241031;130828;120.12;10;11367855131;B
20241031;130828;120.12;10;11367855166;B
20241031;130828;120.12;10;11367855189;B
20241031;130829;120.12;10;11367855241;B
20241031;130829;120.12;10;11367855255;B
20241031;130829;120.12;10;11367855279;B
20241031;130829;120.12;10;11367855299;B
20241031;130830;120.12;10;11367855315;B
20241031;130830;120.12;10;11367855350;B
20241031;130830;120.12;10;11367855355;B
20241031;130830;120.12;10;11367855368;B
20241031;130830;120.12;10;11367855421;B
20241031;130831;120.12;10;11367855450;B
20241031;130831;120.12;10;11367855465;B
20241031;130831;120.12;10;11367855469;B
20241031;130831;120.12;10;11367855502;B
20241031;130831;120.12;10;11367855522;B
20241031;130832;120.12;10;11367855527;B
20241031;130832;120.12;10;11367855539;B
20241031;130832;120.12;10;11367855556;B
20241031;130832;120.12;10;11367855562;B
20241031;130832;120.12;10;11367855576;B
20241031;130833;120.12;10;11367855606;B
20241031;130833;120.12;10;11367855659;B
20241031;130834;120.12;10;11367855702;B
20241031;130834;120.12;10;11367855764;B
20241031;130834;120.12;10;11367855772;B
20241031;130835;120.12;10;11367855776;B
20241031;130835;120.12;10;11367855824;B
20241031;130835;120.12;10;11367855834;B
20241031;130836;120.12;10;11367855896;B
20241031;130836;120.12;10;11367855929;B
20241031;130836;120.12;10;11367855961;B
20241031;130836;120.12;10;11367855999;B
20241031;130837;120.12;10;11367856026;B
20241031;130837;120.12;10;11367856027;B
20241031;130837;120.12;10;11367856041;B
20241031;130838;120.12;10;11367856071;B
20241031;130911;120.12;10;11367858926;B
20241031;130915;120.12;40;11367859246;B
20241031;130918;120.12;10;11367859513;B
20241031;131005;120.12;10;11367895676;B
20241031;131012;120.1;10;11367901288;S
20241031;131012;120.08;30;11367901289;S
20241031;131025;120.12;10;11367913393;B
20241031;131047;120.12;10;11367938525;B
20241031;131104;120.12;10;11367958453;B
20241031;131105;120.12;10;11367959459;B
20241031;131129;120.1;120;11367978216;S
20241031;131141;120.1;10;11367979432;B
20241031;131143;120.1;870;11367979661;B
20241031;131143;120.12;20;11367979662;B
20241031;131156;120.12;290;11367981919;B
20241031;131156;120.12;50;11367981920;B
20241031;131156;120.12;10;11367981921;B
20241031;131156;120.12;10;11367981922;B
20241031;131200;120.14;20;11367983641;B
20241031;131200;120.14;50;11367983642;B
20241031;131200;120.14;330;11367983643;B
20241031;131200;120.14;10;11367983644;B
20241031;131209;120.16;2000;11367985521;B
20241031;131209;120.16;140;11367985522;B
20241031;131209;120.2;10;11367985670;B
20241031;131209;120.22;10;11367985671;B
20241031;131209;120.22;250;11367985672;B
20241031;131209;120.22;10;11367985673;B
20241031;131209;120.24;440;11367985674;B
20241031;131209;120.24;280;11367985675;B
20241031;131210;120.16;120;11367985732;S
20241031;131212;120.24;310;11367986121;B
20241031;131212;120.24;50;11367986122;B
20241031;131212;120.26;50;11367986123;B
20241031;131212;120.26;90;11367986124;B
20241031;131229;120.24;10;11367989945;B
20241031;131233;120.26;60;11367990451;B
20241031;131233;120.26;20;11367990452;B
20241031;131301;120.24;10;11367993629;S
20241031;131306;120.24;10;11367994244;B
20241031;131306;120.24;10;11367994273;B
20241031;131307;120.24;10;11367994299;B
20241031;131307;120.24;10;11367994303;B
20241031;131307;120.24;10;11367994314;B
20241031;131322;120.26;20;11367995605;B
20241031;131413;120.26;20;11368000717;B
20241031;131416;120.26;10;11368001522;B
20241031;131430;120.24;10;11368003406;S
20241031;131439;120.22;10;11368004129;B
20241031;131452;120.22;20;11368005511;B
20241031;131452;120.22;40;11368005512;B
20241031;131453;120.22;10;11368005698;B
20241031;131458;120.18;40;11368006529;S
20241031;131458;120.16;40;11368006530;S
20241031;131458;120.16;140;11368006531;S
20241031;131458;120.16;40;11368006532;S
20241031;131458;120.14;10;11368006533;S
20241031;131458;120.12;260;11368006534;S
20241031;131516;120.2;10;11368007894;S
20241031;131526;120.12;40;11368008963;S
20241031;131526;120.12;590;11368008964;S
20241031;131526;120.12;840;11368008965;S
20241031;131527;120.18;10;11368009014;B
20241031;131527;120.2;40;11368009015;B
20241031;131612;120.2;200;11368014082;B
20241031;131612;120.22;370;11368014083;B
20241031;131651;120.22;10;11368022332;S
20241031;131651;120.14;80;11368022333;S
20241031;131651;120.12;10;11368022334;S
20241031;131656;120.18;100;11368022848;S
20241031;131705;120.24;10;11368023867;B
20241031;131722;120.24;120;11368027219;B
20241031;131738;120.24;80;11368030155;B
20241031;131754;120.24;100;11368032171;B
20241031;131806;120.22;40;11368033675;B
20241031;131809;120.22;10;11368034087;B
20241031;131809;120.22;50;11368034088;B
20241031;131809;120.22;40;11368034089;B
20241031;131814;120.22;10;11368034545;B
20241031;131814;120.24;90;11368034546;B
20241031;131814;120.24;40;11368034547;B
20241031;131911;120.2;150;11368042725;B
20241031;131913;120.22;10;11368042925;B
20241031;131959;120.24;40;11368048461;B
20241031;132001;120.24;20;11368048551;B
20241031;132011;120.24;20;11368049580;B
20241031;132011;120.24;10;11368049581;B
20241031;132015;120.26;80;11368050247;B
20241031;132015;120.26;80;11368050248;B
20241031;132015;120.26;10;11368050249;B
20241031;132015;120.26;90;11368050250;B
20241031;132015;120.26;40;11368050251;B
20241031;132015;120.26;10;11368050252;B
20241031;132018;120.26;20;11368050540;B
20241031;132019;120.22;50;11368050694;S
20241031;132024;120.26;930;11368051100;B
20241031;132024;120.28;10;11368051101;B
20241031;132024;120.28;60;11368051102;B
20241031;132029;120.28;70;11368051657;S
20241031;132029;120.26;70;11368051658;S
20241031;132029;120.26;840;11368051659;S
20241031;132035;120.26;140;11368052367;S
20241031;132041;120.24;690;11368052874;S
20241031;132041;120.24;590;11368052875;S
20241031;132106;120.24;100;11368055969;B
20241031;132109;120.24;10;11368056275;B
20241031;132109;120.24;10;11368056328;B
20241031;132109;120.24;10;11368056413;B
20241031;132109;120.24;10;11368056452;B
20241031;132109;120.24;10;11368056462;B
20241031;132110;120.24;10;11368056503;B
20241031;132114;120.26;60;11368056919;B
20241031;132117;120.26;10;11368057103;B
20241031;132135;120.26;10;11368058947;B
20241031;132215;120.26;10;11368063526;B
20241031;132221;120.26;40;11368064094;B
20241031;132229;120.24;10;11368064996;S
20241031;132229;120.2;10;11368064997;S
20241031;132229;120.18;10;11368064998;S
20241031;132229;120.16;10;11368064999;S
20241031;132229;120.16;110;11368065000;S
20241031;132229;120.14;500;11368065001;S
20241031;132229;120.14;60;11368065002;S
20241031;132229;120.14;150;11368065003;S
20241031;132234;120.14;10;11368066415;B
20241031;132235;120.14;290;11368066657;B
20241031;132235;120.14;20;11368066658;B
20241031;132235;120.18;150;11368066659;B
20241031;132235;120.2;150;11368066660;B
20241031;132255;120.2;10;11368069382;S
20241031;132255;120.14;40;11368069383;S
20241031;132319;120.2;10;11368071430;B
20241031;132329;120.2;20;11368072529;B
20241031;132439;120.2;60;11368080493;B
20241031;132439;120.2;370;11368080494;B
20241031;132448;120.2;30;11368081498;B
20241031;132452;120.2;200;11368081944;B
20241031;132520;120.2;490;11368084497;B
20241031;132523;120.18;150;11368084670;S
20241031;132523;120.18;330;11368084671;S
20241031;132523;120.18;20;11368084673;B
20241031;132539;120.14;10;11368086089;S
20241031;132539;120.14;60;11368086090;S
20241031;132549;120.16;20;11368087057;S
20241031;132608;120.12;500;11368088975;S
20241031;132608;120.12;10;11368088976;S
20241031;132608;120.12;10;11368088977;S
20241031;132608;120.1;930;11368088978;S
20241031;132608;120.1;500;11368088979;S
20241031;132610;120.1;10;11368089161;S
20241031;132610;120.1;50;11368089162;S
20241031;132610;120.1;10;11368089163;S
20241031;132610;120.08;50;11368089164;S
20241031;132610;120.08;10;11368089165;S
20241031;132610;120.08;10;11368089166;S
20241031;132610;120.08;50;11368089167;S
20241031;132610;120.08;50;11368089168;S
20241031;132610;120.08;500;11368089169;S
20241031;132610;120.08;250;11368089170;S
20241031;132610;120.08;40;11368089171;S
20241031;132632;120.12;70;11368091609;B
20241031;132632;120.14;30;11368091610;B
20241031;132649;120.08;10;11368093439;S
20241031;132649;120.08;10;11368093440;S
20241031;132649;120.08;10;11368093441;S
20241031;132649;120.08;10;11368093442;S
20241031;132649;120.08;320;11368093443;S
20241031;132649;120.08;480;11368093444;S
20241031;132649;120.08;270;11368093445;S
20241031;132649;120.08;10;11368093446;S
20241031;132803;120.1;20;11368100181;S
20241031;132803;120.06;20;11368100182;S
20241031;132813;120.14;20;11368101078;B
20241031;132813;120.14;50;11368101079;B
20241031;132813;120.14;50;11368101080;B
20241031;132813;120.14;10;11368101081;B
20241031;132813;120.14;30;11368101082;B
20241031;132836;120.14;70;11368103038;B
20241031;132836;120.14;50;11368103039;B
20241031;132836;120.14;470;11368103040;B
20241031;132836;120.14;100;11368103041;B
20241031;132836;120.14;150;11368103042;B
20241031;132836;120.16;10;11368103043;B
20241031;132836;120.16;10;11368103044;B
20241031;132836;120.16;50;11368103045;B
20241031;132836;120.16;50;11368103046;B
20241031;132836;120.16;100;11368103047;B
20241031;132836;120.2;100;11368103048;B
20241031;132836;120.2;10;11368103049;B
20241031;132836;120.2;50;11368103050;B
20241031;132836;120.2;30;11368103051;B
20241031;132836;120.2;100;11368103052;B
20241031;132836;120.22;30;11368103053;B
20241031;132836;120.22;10;11368103054;B
20241031;132836;120.22;250;11368103055;B
20241031;132836;120.22;60;11368103056;B
20241031;132836;120.22;100;11368103057;B
20241031;132836;120.22;100;11368103058;B
20241031;132836;120.22;100;11368103059;B
20241031;132836;120.24;590;11368103060;B
20241031;132836;120.24;10;11368103061;B
