<DATE>;<TIME>;<LAST>;<VOL>;<ID>;<OPER>
20241113;095949;88.2;10;11415562772;S
20241113;095949;88.2;10;11415562773;S
20241113;095949;88.2;10;11415562774;S
20241113;095949;88.2;70;11415562775;S
20241113;100015;88.2;410;11415579147;S
20241113;100015;88.2;10;11415579148;S
20241113;100044;88.2;10;11415586431;S
20241113;100044;88.16;20;11415586432;S
20241113;100044;88.14;10;11415586433;S
20241113;100044;88.14;30;11415586462;S
20241113;100050;88.14;40;11415588577;S
20241113;100155;88.26;10;11415602714;B
20241113;100230;88.28;40;11415611666;B
20241113;100230;88.28;300;11415611667;B
20241113;100230;88.34;300;11415611668;B
20241113;100230;88.36;10;11415611669;B
20241113;100230;88.36;240;11415611670;B
20241113;100230;88.36;290;11415611671;B
20241113;100237;88.42;130;11415613250;B
20241113;100241;88.16;30;11415613821;S
20241113;100241;88.14;30;11415613822;S
20241113;100241;88.12;470;11415613823;S
20241113;100246;88.38;20;11415614650;B
20241113;100259;88.42;20;11415617211;B
20241113;100328;88.24;10;11415625602;S
20241113;100328;88.22;10;11415625603;S
20241113;100343;88.32;220;11415629281;B
20241113;100403;88.3;10;11415633676;S
20241113;100413;88.2;10;11415635805;S
20241113;100413;88.2;300;11415635806;S
20241113;100413;88.18;110;11415635807;S
20241113;100414;88.16;300;11415636047;S
20241113;100414;88.14;20;11415636048;S
20241113;100429;88.32;10;11415639394;S
20241113;100456;88.22;10;11415646243;S
20241113;100505;88.22;70;11415648219;B
20241113;100505;88.22;10;11415648297;S
20241113;100507;88.26;10;11415649091;B
20241113;100510;88.28;10;11415650069;B
20241113;100511;88.28;300;11415650181;B
20241113;100511;88.28;300;11415650182;B
20241113;100512;88.28;300;11415650344;B
20241113;100512;88.28;300;11415650345;B
20241113;100512;88.28;290;11415650347;B
20241113;100514;88.32;190;11415651046;B
20241113;100518;88.32;300;11415652101;S
20241113;100518;88.32;110;11415652102;S
20241113;100521;88.4;10;11415652715;B
20241113;100521;88.42;200;11415652716;B
20241113;100521;88.5;10;11415652717;S
20241113;100521;88.52;300;11415652759;B
20241113;100521;88.52;200;11415652760;B
20241113;100531;88.42;50;11415656118;B
20241113;100545;88.32;420;11415659031;S
20241113;100559;88.3;10;11415661564;S
20241113;100559;88.28;40;11415661565;S
20241113;100620;88.18;10;11415665722;S
20241113;100620;88.18;60;11415665723;S
20241113;100620;88.18;10;11415665724;B
20241113;100622;88.3;10;11415666207;B
20241113;100647;88.3;150;11415671020;S
20241113;100649;88.3;810;11415671387;S
20241113;100655;88.3;40;11415672382;S
20241113;100655;88.3;20;11415672383;S
20241113;100657;88.32;10;11415672698;B
20241113;100657;88.34;10;11415672699;B
20241113;100719;88.3;150;11415675747;S
20241113;100723;88.32;10;11415676302;B
20241113;100723;88.34;20;11415676303;B
20241113;100729;88.24;10;11415677274;S
20241113;100757;88.32;10;11415682896;B
20241113;100812;88.22;270;11415686282;S
20241113;100816;88.34;150;11415687252;B
20241113;100820;88.46;10;11415688323;B
20241113;100820;88.48;700;11415688324;B
20241113;100820;88.5;500;11415688325;B
20241113;100820;88.58;10;11415688326;B
20241113;100820;88.6;300;11415688327;B
20241113;100820;88.64;10;11415688328;B
20241113;100827;88.64;20;11415689952;B
20241113;100827;88.74;80;11415689953;B
20241113;100836;88.52;10;11415691237;S
20241113;100836;88.52;10;11415691238;S
20241113;100836;88.5;10;11415691239;S
20241113;100836;88.5;280;11415691240;B
20241113;100900;88.6;10;11415694854;B
20241113;100900;88.64;10;11415694855;B
20241113;100900;88.66;10;11415694856;B
20241113;100900;88.7;20;11415694857;B
20241113;100901;88.58;10;11415694924;S
20241113;100909;88.5;170;11415696004;S
20241113;100909;88.5;10;11415696005;S
20241113;100909;88.5;10;11415696006;S
20241113;100909;88.48;40;11415696007;S
20241113;100909;88.46;10;11415696008;S
20241113;100909;88.46;260;11415696009;S
20241113;100931;88.52;40;11415699462;B
20241113;100941;88.54;110;11415701006;B
20241113;100952;88.52;10;11415702342;S
20241113;100952;88.46;90;11415702343;S
20241113;101023;88.46;130;11415706814;S
20241113;101023;88.46;30;11415706815;S
20241113;101024;88.46;10;11415706962;B
20241113;101038;88.44;10;11415709117;S
20241113;101106;88.44;10;11415713468;B
20241113;101112;88.42;10;11415714024;S
20241113;101112;88.38;20;11415714025;S
20241113;101112;88.36;300;11415714026;S
20241113;101112;88.36;20;11415714027;S
20241113;101112;88.3;140;11415714028;S
20241113;101117;88.44;10;11415714585;B
20241113;101125;88.42;10;11415715584;B
20241113;101125;88.44;120;11415715585;B
20241113;101125;88.44;60;11415715586;B
20241113;101125;88.46;30;11415715587;B
20241113;101125;88.5;10;11415715593;B
20241113;101127;88.54;10;11415715900;B
20241113;101128;88.54;80;11415715943;B
20241113;101130;88.72;10;11415716236;B
20241113;101130;88.76;80;11415716237;B
20241113;101130;88.78;190;11415716238;B
20241113;101130;88.78;80;11415716239;B
20241113;101130;88.78;190;11415716242;S
20241113;101132;88.8;50;11415716349;B
20241113;101132;88.78;250;11415716483;S
20241113;101133;88.78;40;11415716530;B
20241113;101133;88.8;450;11415716531;B
20241113;101133;88.84;180;11415716532;B
20241113;101133;88.86;10;11415716533;B
20241113;101133;88.88;10;11415716600;B
20241113;101133;88.88;100;11415716601;B
20241113;101133;88.9;10;11415716602;B
20241113;101133;88.92;10;11415716603;B
20241113;101137;88.92;10;11415716903;B
20241113;101137;88.94;10;11415716904;B
20241113;101137;88.96;50;11415716905;B
20241113;101137;88.96;10;11415716906;B
20241113;101137;88.96;50;11415716907;B
20241113;101137;88.98;50;11415716908;B
20241113;101137;88.98;180;11415716909;B
20241113;101137;89;40;11415716910;B
20241113;101137;89;100;11415716911;B
20241113;101137;89;400;11415717013;B
20241113;101137;89;100;11415717014;B
20241113;101137;89;60;11415717015;B
20241113;101137;89;100;11415717016;B
20241113;101137;89;20;11415717017;B
20241113;101156;88.84;10;11415720133;S
20241113;101156;88.84;100;11415720134;S
20241113;101233;88.84;300;11415726095;S
20241113;101237;88.84;20;11415726655;S
20241113;101242;88.84;180;11415727338;S
20241113;101242;88.84;10;11415727339;S
20241113;101246;88.84;10;11415727978;S
20241113;101247;88.86;300;11415728121;B
20241113;101247;88.88;180;11415728122;B
20241113;101247;88.9;300;11415728123;B
20241113;101247;88.9;300;11415728124;B
20241113;101247;88.92;10;11415728125;B
20241113;101247;88.92;10;11415728126;B
20241113;101247;88.94;200;11415728127;B
20241113;101253;88.84;30;11415728851;S
20241113;101301;88.9;40;11415730098;B
20241113;101309;88.9;260;11415731242;B
20241113;101319;88.9;240;11415732991;S
20241113;101319;88.9;2240;11415732992;S
20241113;101319;88.9;10;11415732993;S
20241113;101319;88.88;180;11415732994;S
20241113;101331;88.84;10;11415734931;S
20241113;101331;88.84;20;11415734932;S
20241113;101332;88.78;10;11415735016;B
20241113;101353;88.76;20;11415738547;B
20241113;101405;88.76;30;11415740489;B
20241113;101417;88.76;10;11415741989;B
20241113;101421;88.76;10;11415742442;B
20241113;101427;88.76;100;11415743005;B
20241113;101540;88.58;10;11415757012;S
20241113;101540;88.58;70;11415757013;S
20241113;101540;88.54;180;11415757014;S
20241113;101540;88.52;70;11415757015;S
20241113;101540;88.5;10;11415757016;S
20241113;101540;88.5;70;11415757017;S
20241113;101540;88.44;80;11415757018;S
20241113;101540;88.48;120;11415757043;S
20241113;101541;88.4;30;11415757274;S
20241113;101541;88.38;10;11415757275;S
20241113;101541;88.38;10;11415757276;S
20241113;101543;88.58;990;11415757418;B
20241113;101543;88.58;180;11415757419;B
20241113;101543;88.6;300;11415757420;B
20241113;101543;88.6;300;11415757421;B
20241113;101543;88.64;300;11415757422;B
20241113;101543;88.66;300;11415757423;B
20241113;101543;88.68;300;11415757424;B
20241113;101543;88.74;800;11415757425;B
20241113;101543;88.74;400;11415757426;B
20241113;101543;88.76;100;11415757427;B
20241113;101543;88.76;1950;11415757428;B
20241113;101547;88.82;10;11415758050;S
20241113;101548;88.88;200;11415758258;B
20241113;101548;88.88;30;11415758259;B
20241113;101548;88.9;510;11415758260;B
20241113;101548;88.9;200;11415758261;B
20241113;101548;88.96;60;11415758262;B
20241113;101548;89;300;11415758284;B
20241113;101548;89;50;11415758285;B
20241113;101548;89;10;11415758286;B
20241113;101548;89;640;11415758287;B
20241113;101548;89;150;11415758288;B
20241113;101549;89;210;11415758293;B
20241113;101549;89;180;11415758294;B
20241113;101549;89.06;180;11415758295;B
20241113;101550;89.12;10;11415758515;B
20241113;101550;89.14;300;11415758516;B
20241113;101550;89.16;140;11415758517;B
20241113;101550;89.2;40;11415758518;B
20241113;101550;89.2;1000;11415758519;B
20241113;101550;89.2;70;11415758520;B
20241113;101550;89.2;10;11415758521;B
20241113;101552;89.3;1000;11415758841;B
20241113;101552;89.3;10;11415758842;B
20241113;101552;89.34;10;11415758843;B
20241113;101552;89.36;10;11415758844;B
20241113;101552;89.36;10;11415758845;B
20241113;101552;89.42;300;11415758846;B
20241113;101552;89.42;50;11415758847;B
20241113;101552;89.2;10;11415758848;S
20241113;101552;89.3;30;11415758937;S
20241113;101555;89.3;260;11415759266;S
20241113;101555;89.2;740;11415759267;S
20241113;101618;89.18;550;11415762549;S
20241113;101618;89.18;140;11415762550;S
20241113;101618;89.14;140;11415762551;S
20241113;101618;89.1;470;11415762552;S
20241113;101625;89.08;10;11415763644;S
20241113;101636;89.2;10;11415765492;B
20241113;101640;89.2;10;11415766537;B
20241113;101640;89.2;40;11415766538;B
20241113;101647;89.1;110;11415769107;S
20241113;101715;89.2;20;11415776837;B
20241113;101717;89.1;1000;11415777203;S
20241113;101721;89;100;11415777715;S
20241113;101721;89;300;11415777716;S
20241113;101721;88.96;380;11415777717;S
20241113;101721;88.94;220;11415777718;S
20241113;101721;89.16;1140;11415777764;B
20241113;101721;89.16;1600;11415777765;B
20241113;101721;89.18;300;11415777766;B
20241113;101721;89.2;480;11415777767;B
20241113;101721;89.2;10;11415777768;B
20241113;101721;89.2;900;11415777769;B
20241113;101721;89.24;300;11415777770;B
20241113;101721;89.28;10;11415777771;B
20241113;101721;89.3;10;11415777772;B
20241113;101721;89.3;10;11415777773;B
20241113;101721;89.3;300;11415777774;B
20241113;101721;89.34;10;11415777775;B
20241113;101721;89.34;300;11415777776;B
20241113;101721;89.36;200;11415777777;B
20241113;101721;89.4;300;11415777778;B
20241113;101721;89.4;40;11415777779;B
20241113;101721;89.4;790;11415777780;B
20241113;101721;89.38;170;11415777816;B
20241113;101723;89.18;30;11415778087;S
20241113;101723;89.16;130;11415778088;S
20241113;101725;89.4;30;11415778277;B
20241113;101728;89.22;10;11415778842;S
20241113;101728;89.18;10;11415778843;S
20241113;101730;89.18;70;11415779114;S
20241113;101730;89.16;40;11415779115;S
20241113;101732;89.22;10;11415779598;S
20241113;101736;89.36;10;11415780300;B
20241113;101736;89.36;10;11415780301;B
20241113;101736;89.38;10;11415780302;B
20241113;101736;89.38;230;11415780303;B
20241113;101736;89.38;10;11415780309;B
20241113;101743;89.36;30;11415781432;B
20241113;101743;89.38;180;11415781433;B
20241113;101744;89.22;10;11415781608;S
20241113;101745;89.36;10;11415782040;B
20241113;101745;89.38;780;11415782041;B
20241113;101757;89.22;40;11415787000;S
20241113;101757;89.2;10;11415787120;S
20241113;101758;89.14;10;11415787630;S
20241113;101802;89.16;10;11415789549;B
20241113;101807;89.18;10;11415791150;B
20241113;101814;89.34;10;11415793442;B
20241113;101817;89.24;10;11415794236;S
20241113;101817;89.24;20;11415794237;S
20241113;101823;89.34;20;11415795850;B
20241113;101823;89.36;140;11415795851;B
20241113;101824;89.36;10;11415796175;B
20241113;101824;89.36;10;11415796177;B
20241113;101824;89.36;10;11415796212;B
20241113;101825;89.36;10;11415796222;B
20241113;101825;89.36;10;11415796245;B
20241113;101825;89.36;10;11415796289;B
20241113;101825;89.22;10;11415796302;S
20241113;101825;89.34;10;11415796438;B
20241113;101825;89.34;10;11415796470;B
20241113;101825;89.34;10;11415796539;B
20241113;101826;89.28;10;11415796571;B
20241113;101826;89.2;10;11415796572;S
20241113;101826;89.2;10;11415796573;S
20241113;101826;89.2;10;11415796574;S
20241113;101826;89.28;10;11415796602;B
20241113;101826;89.18;20;11415796603;S
20241113;101826;89.24;10;11415796641;B
20241113;101826;89.28;10;11415796668;B
20241113;101826;89.24;10;11415796711;B
20241113;101827;89.28;10;11415796771;B
20241113;101827;89.24;10;11415796781;B
20241113;101827;89.24;10;11415796806;B
20241113;101827;89.28;10;11415796833;B
20241113;101827;89.16;10;11415796923;S
20241113;101827;89.22;10;11415796956;B
20241113;101828;89.22;10;11415797050;B
20241113;101828;89.22;10;11415797156;B
20241113;101828;89.22;10;11415797179;B
20241113;101829;89.22;10;11415797303;B
20241113;101829;89.22;10;11415797538;B
20241113;101832;89.22;30;11415798524;B
20241113;101834;89.22;210;11415798849;B
20241113;101834;89.22;300;11415798850;B
20241113;101834;89.22;10;11415798851;B
20241113;101834;89.24;10;11415798853;B
20241113;101834;89.24;10;11415798854;B
20241113;101834;89.36;200;11415798928;B
20241113;101835;89.36;680;11415799081;B
20241113;101841;89.34;10;11415800651;B
20241113;101841;89.34;10;11415800652;B
20241113;101841;89.36;980;11415800653;B
20241113;101842;89.36;720;11415800773;B
20241113;101842;89.38;10;11415800774;B
20241113;101842;89.38;60;11415800775;B
20241113;101842;89.4;180;11415800776;B
20241113;101842;89.4;10;11415800777;B
20241113;101842;89.4;20;11415800778;B
20241113;101844;89.4;20;11415801173;B
20241113;101845;89.4;150;11415801238;B
20241113;101845;89.46;50;11415801239;B
20241113;101845;89.48;100;11415801240;B
20241113;101845;89.48;10;11415801241;B
20241113;101845;89.5;10;11415801242;B
20241113;101845;89.5;150;11415801243;B
20241113;101845;89.5;530;11415801244;B
20241113;101854;89.44;10;11415803162;B
20241113;101859;89.5;470;11415803982;B
20241113;101859;89.5;160;11415803983;B
20241113;101900;89.5;30;11415804276;S
20241113;101900;89.52;460;11415804292;B
20241113;101900;89.54;200;11415804293;B
20241113;101900;89.56;90;11415804294;B
20241113;101900;89.58;90;11415804295;B
20241113;101900;89.6;10;11415804296;B
20241113;101900;89.6;150;11415804297;B
20241113;101904;89.6;340;11415805098;B
20241113;101904;89.6;40;11415805099;B
20241113;101904;89.6;120;11415805100;B
20241113;101910;89.46;130;11415806102;S
20241113;101910;89.44;180;11415806103;S
20241113;101910;89.42;10;11415806114;S
20241113;101910;89.4;10;11415806115;S
20241113;101910;89.4;10;11415806116;S
20241113;101915;89.3;30;11415806843;B
20241113;101915;89.32;300;11415806844;B
20241113;101915;89.32;10;11415806845;B
20241113;101916;89.38;30;11415807132;B
20241113;101918;89.38;270;11415807384;B
20241113;101918;89.38;300;11415807385;B
20241113;101918;89.4;170;11415807386;B
20241113;101919;89.42;300;11415807416;S
20241113;101919;89.42;100;11415807417;S
20241113;101920;89.5;50;11415807697;B
20241113;101923;89.6;170;11415808050;B
20241113;101924;89.5;300;11415808270;S
20241113;101924;89.5;10;11415808271;S
20241113;101924;89.48;260;11415808272;S
20241113;101925;89.6;1000;11415808438;B
20241113;101926;89.6;410;11415808600;B
20241113;101926;89.6;10;11415808601;B
20241113;101931;89.52;270;11415809609;S
20241113;101931;89.6;80;11415809758;B
20241113;101931;89.68;20;11415809759;B
20241113;101943;89.5;50;11415811411;S
20241113;101946;89.5;450;11415811680;S
20241113;101946;89.5;20;11415811681;S
20241113;101946;89.5;10;11415811685;S
20241113;101946;89.42;10;11415811686;S
20241113;101946;89.42;20;11415811687;S
20241113;101956;89.28;10;11415812907;B
20241113;101956;89.28;300;11415812908;B
20241113;101956;89.32;300;11415812909;B
20241113;101956;89.36;300;11415812910;B
20241113;101956;89.36;300;11415812911;B
20241113;101956;89.42;300;11415812912;B
20241113;101956;89.42;300;11415812913;B
20241113;101957;89.5;10;11415812940;B
20241113;101957;89.44;10;11415812942;S
20241113;101957;89.44;290;11415812969;S
20241113;101957;89.44;300;11415812970;S
20241113;101957;89.42;410;11415812971;S
20241113;101958;89.44;300;11415813057;S
20241113;101958;89.44;300;11415813058;S
20241113;101958;89.42;3410;11415813059;S
20241113;102000;89.54;10;11415813259;B
20241113;102000;89.54;10;11415813260;B
20241113;102000;89.6;10;11415813261;B
20241113;102000;89.62;200;11415813262;B
20241113;102000;89.66;240;11415813263;B
20241113;102000;89.66;30;11415813264;B
20241113;102002;89.5;10;11415813516;S
20241113;102008;89.66;10;11415814263;B
20241113;102008;89.66;990;11415814264;B
20241113;102013;89.54;100;11415814831;S
20241113;102013;89.5;180;11415814832;S
20241113;102013;89.5;30;11415814833;S
20241113;102013;89.4;400;11415814835;S
20241113;102020;89.22;10;11415816144;B
20241113;102020;89.12;10;11415816273;S
20241113;102025;89.32;10;11415817189;B
20241113;102026;89.62;140;11415817308;B
20241113;102045;89.52;10;11415825610;S
20241113;102045;89.44;300;11415825611;S
20241113;102045;89.44;180;11415825612;S
20241113;102045;89.4;300;11415825613;S
20241113;102045;89.38;60;11415825614;S
20241113;102045;89.36;300;11415825615;S
20241113;102045;89.36;300;11415825616;S
20241113;102045;89.32;120;11415825617;S
20241113;102045;89.3;300;11415825618;S
20241113;102045;89.3;130;11415825619;S
20241113;102051;89.24;10;11415827866;S
20241113;102051;89.24;180;11415827867;S
20241113;102051;89.2;10;11415827868;S
20241113;102051;89.18;10;11415827869;S
20241113;102051;89.14;290;11415827870;S
20241113;102051;89.32;10;11415827986;S
20241113;102051;89.12;90;11415828239;S
20241113;102051;89.12;60;11415828240;S
20241113;102051;89.12;560;11415828241;S
20241113;102051;89.12;180;11415828242;S
20241113;102051;89.1;10;11415828243;S
20241113;102051;89.1;20;11415828244;S
20241113;102059;89.26;10;11415831386;B
20241113;102109;89.42;10;11415835502;B
20241113;102109;89.44;680;11415835503;B
20241113;102109;89.44;10;11415835504;B
20241113;102109;89.44;70;11415835505;B
20241113;102109;89.46;230;11415835506;B
20241113;102126;89.3;70;11415841870;S
20241113;102126;89.3;180;11415841871;S
20241113;102126;89.28;750;11415841872;S
20241113;102132;89.44;10;11415844858;B
20241113;102132;89.44;10;11415844859;B
20241113;102132;89.44;10;11415844860;B
20241113;102132;89.44;10;11415844861;B
20241113;102137;89.3;10;11415847052;S
20241113;102217;89.26;300;11415865803;S
20241113;102217;89.26;180;11415865804;S
20241113;102217;89.26;70;11415865805;S
20241113;102217;89.24;10;11415865806;S
20241113;102217;89.22;440;11415865807;S
20241113;102222;89.34;10;11415867206;S
20241113;102222;89.24;180;11415867207;S
20241113;102225;89.2;300;11415867697;B
20241113;102225;89.2;30;11415867698;B
20241113;102225;89.22;30;11415867699;B
20241113;102225;89.24;120;11415867700;B
20241113;102225;89.24;300;11415867701;B
20241113;102225;89.28;300;11415867702;B
20241113;102225;89.28;180;11415867703;B
20241113;102225;89.3;240;11415867704;B
20241113;102231;89.3;10;11415868699;B
20241113;102231;89.3;300;11415868700;B
20241113;102231;89.34;180;11415868701;B
20241113;102236;89.36;10;11415869361;S
20241113;102240;89.42;10;11415870169;B
20241113;102240;89.42;10;11415870170;B
20241113;102240;89.42;10;11415870171;B
20241113;102240;89.42;450;11415870172;B
20241113;102240;89.44;10;11415870173;B
20241113;102240;89.44;10;11415870174;B
20241113;102240;89.46;450;11415870175;B
20241113;102240;89.5;50;11415870176;B
20241113;102241;89.38;490;11415870324;B
20241113;102308;89.42;10;11415874796;S
20241113;102308;89.4;300;11415874797;S
20241113;102308;89.38;180;11415874798;S
20241113;102308;89.36;300;11415874799;S
20241113;102308;89.36;300;11415874800;S
20241113;102308;89.34;410;11415874801;S
20241113;102319;89.5;10;11415876981;B
20241113;102320;89.4;10;11415877154;S
20241113;102320;89.4;20;11415877155;S
20241113;102349;89.5;30;11415881963;B
20241113;102349;89.5;50;11415881964;B
20241113;102349;89.52;10;11415881965;B
20241113;102349;89.52;630;11415881966;B
20241113;102349;89.52;50;11415881967;B
20241113;102349;89.54;10;11415881968;B
20241113;102349;89.54;10;11415881969;B
20241113;102349;89.56;10;11415881970;B
20241113;102349;89.56;10;11415881971;B
20241113;102349;89.56;10;11415881972;B
20241113;102349;89.6;30;11415881973;B
20241113;102349;89.6;180;11415881974;B
20241113;102349;89.62;10;11415881975;B
20241113;102349;89.64;100;11415881976;B
20241113;102349;89.64;100;11415881977;B
20241113;102407;89.68;10;11415884171;B
20241113;102407;89.68;30;11415884172;B
20241113;102407;89.68;180;11415884173;S
20241113;102412;89.6;10;11415884637;B
20241113;102412;89.64;30;11415884670;B
20241113;102412;89.66;20;11415884671;B
20241113;102418;89.68;40;11415885173;B
20241113;102418;89.7;10;11415885174;B
20241113;102418;89.7;80;11415885175;B
20241113;102418;89.7;1190;11415885176;B
20241113;102418;89.7;40;11415885177;B
20241113;102418;89.72;10;11415885178;B
20241113;102418;89.72;180;11415885179;B
20241113;102418;89.74;120;11415885180;B
20241113;102418;89.74;1140;11415885181;B
20241113;102418;89.76;500;11415885182;B
20241113;102418;89.76;200;11415885183;B
20241113;102418;89.76;200;11415885184;B
20241113;102418;89.78;300;11415885185;B
20241113;102418;89.8;150;11415885186;B
20241113;102418;89.8;40;11415885187;B
20241113;102418;89.82;300;11415885188;B
20241113;102418;89.82;400;11415885189;B
20241113;102418;89.84;10;11415885190;B
20241113;102418;89.84;110;11415885191;B
20241113;102418;89.82;130;11415885204;B
20241113;102418;89.68;30;11415885237;S
20241113;102419;89.68;10;11415885289;S
20241113;102420;89.8;200;11415885376;B
20241113;102420;89.82;20;11415885377;B
20241113;102420;89.82;40;11415885378;B
20241113;102420;89.82;100;11415885379;B
20241113;102420;89.84;310;11415885380;B
20241113;102420;89.84;180;11415885381;B
20241113;102420;89.86;20;11415885382;B
20241113;102420;89.86;220;11415885383;B
20241113;102420;89.86;150;11415885384;B
20241113;102420;89.88;150;11415885385;B
20241113;102420;89.9;50;11415885386;B
20241113;102420;89.9;280;11415885387;B
20241113;102420;89.9;120;11415885388;B
20241113;102420;89.9;10;11415885389;B
20241113;102420;89.9;780;11415885390;B
20241113;102420;89.92;10;11415885391;B
20241113;102420;89.94;300;11415885392;B
20241113;102420;89.96;200;11415885393;B
20241113;102420;89.96;300;11415885394;B
20241113;102420;89.98;100;11415885395;B
20241113;102420;89.98;150;11415885396;B
20241113;102420;89.98;250;11415885397;B
20241113;102420;89.98;200;11415885398;B
20241113;102420;90;10;11415885399;B
20241113;102420;90;1000;11415885400;B
20241113;102420;90;1000;11415885401;B
20241113;102420;90;10;11415885402;B
20241113;102420;90;30;11415885403;B
20241113;102420;90;910;11415885404;B
20241113;102420;90;190;11415885405;B
20241113;102420;90;50;11415885406;B
20241113;102420;90;40;11415885407;B
20241113;102420;90;40;11415885408;B
20241113;102420;90;300;11415885409;B
20241113;102420;90;300;11415885410;B
20241113;102420;90;400;11415885411;S
20241113;102420;90.08;10;11415885413;B
20241113;102420;90.08;200;11415885414;B
20241113;102420;90.08;50;11415885415;B
20241113;102420;90.16;500;11415885416;B
20241113;102420;90.18;20;11415885417;B
20241113;102420;90.18;150;11415885418;B
20241113;102421;90.08;10;11415885497;S
20241113;102425;90.16;50;11415885832;B
20241113;102427;90.16;150;11415886123;B
20241113;102427;90.16;200;11415886124;B
20241113;102427;90.18;110;11415886125;B
20241113;102431;90.18;10;11415886750;B
20241113;102431;90.18;10;11415886751;B
20241113;102431;90.18;100;11415886752;B
20241113;102431;90.18;180;11415886753;B
20241113;102431;90.2;10;11415886754;B
20241113;102431;90.2;300;11415886755;B
20241113;102434;90.2;20;11415887292;S
20241113;102434;90.2;50;11415887294;S
20241113;102436;90.26;150;11415887594;B
20241113;102436;90.2;40;11415887635;S
20241113;102437;90.2;260;11415887729;S
20241113;102444;90.16;10;11415889091;S
20241113;102448;90.18;140;11415889665;B
20241113;102448;90.16;10;11415889666;S
20241113;102449;90.16;10;11415889876;S
20241113;102449;90.18;60;11415889880;B
20241113;102449;90.2;520;11415889881;B
20241113;102449;90.2;10;11415889882;B
20241113;102449;90.26;150;11415889883;B
20241113;102449;90.28;180;11415889884;B
20241113;102449;90.3;100;11415889885;B
20241113;102450;90.18;60;11415889886;S
20241113;102450;90.16;290;11415889887;S
20241113;102450;90.16;60;11415889888;S
20241113;102450;90.12;20;11415889889;S
20241113;102450;90.06;70;11415889890;S
20241113;102450;90.04;120;11415889968;S
20241113;102451;90.22;50;11415890205;B
20241113;102452;90.22;100;11415890294;B
20241113;102452;90.22;200;11415890295;B
20241113;102452;90.24;70;11415890296;B
20241113;102452;90.26;180;11415890297;B
20241113;102452;90.26;60;11415890298;B
20241113;102452;90.28;390;11415890299;B
20241113;102456;90.28;50;11415890772;B
20241113;102458;90;20;11415891130;S
20241113;102501;90;100;11415891656;S
20241113;102501;90;180;11415891657;S
20241113;102501;89.98;20;11415891658;S
20241113;102501;89.98;700;11415891659;S
20241113;102526;90;780;11415895571;S
20241113;102526;90;10;11415895572;S
20241113;102526;89.98;140;11415895573;S
20241113;102531;89.98;20;11415896404;S
20241113;102531;89.96;10;11415896405;S
20241113;102536;90;10;11415897149;S
20241113;102541;90.1;20;11415897869;B
20241113;102543;90;10;11415898103;S
20241113;102545;89.98;250;11415898542;S
20241113;102547;89.98;200;11415898666;B
20241113;102548;89.8;200;11415898876;S
20241113;102548;89.76;300;11415898877;S
20241113;102548;89.76;300;11415898878;S
20241113;102548;89.76;180;11415898879;S
20241113;102548;89.74;100;11415898880;S
20241113;102556;89.82;150;11415900236;B
20241113;102556;89.84;50;11415900237;B
20241113;102606;89.72;10;11415902217;S
20241113;102606;89.72;10;11415902218;S
20241113;102606;89.7;10;11415902219;S
20241113;102606;89.7;10;11415902220;S
20241113;102609;89.82;10;11415902748;B
20241113;102609;89.82;300;11415902749;B
20241113;102609;89.84;90;11415902750;B
20241113;102610;89.9;10;11415902793;B
20241113;102612;89.9;20;11415903129;B
20241113;102616;89.74;10;11415903712;S
20241113;102616;89.74;220;11415903713;S
20241113;102616;89.72;230;11415903714;S
20241113;102620;89.72;80;11415904413;S
20241113;102620;89.7;40;11415904414;S
20241113;102620;89.68;30;11415904415;S
20241113;102627;89.64;310;11415905464;S
20241113;102627;89.62;300;11415905465;S
20241113;102627;89.62;180;11415905466;S
20241113;102627;89.6;100;11415905467;S
20241113;102627;89.58;10;11415905468;S
20241113;102627;89.56;100;11415905469;S
20241113;102631;89.6;700;11415906110;B
20241113;102631;89.64;60;11415906111;B
20241113;102648;89.64;10;11415908210;B
20241113;102659;89.66;10;11415909522;S
20241113;102701;89.64;100;11415909793;S
20241113;102705;89.64;280;11415910140;S
20241113;102705;89.6;180;11415910141;S
20241113;102705;89.56;300;11415910142;S
20241113;102705;89.54;560;11415910143;S
20241113;102705;89.54;300;11415910144;S
20241113;102705;89.52;300;11415910145;S
20241113;102705;89.5;20;11415910146;S
20241113;102705;89.5;2060;11415910147;B
20241113;102724;89.68;10;11415912418;B
20241113;102724;89.68;10;11415912419;B
20241113;102724;89.68;110;11415912420;B
20241113;102724;89.68;1600;11415912421;B
20241113;102724;89.68;10;11415912422;S
20241113;102724;89.7;100;11415912423;B
20241113;102728;89.74;10;11415912927;S
20241113;102728;89.74;120;11415912928;S
20241113;102728;89.72;20;11415912929;S
20241113;102737;89.8;130;11415914251;B
20241113;102754;89.8;420;11415916697;B
20241113;102755;89.9;230;11415916806;B
20241113;102755;89.92;60;11415916807;B
20241113;102755;89.94;60;11415916808;B
20241113;102755;89.98;180;11415916809;B
20241113;102755;90;150;11415916810;B
20241113;102755;90;300;11415916811;B
20241113;102755;90.06;300;11415916812;B
20241113;102755;90.08;170;11415916813;B
20241113;102755;90.08;30;11415916869;B
20241113;102757;89.88;10;11415917315;S
20241113;102801;90.04;10;11415917922;B
20241113;102801;90.04;200;11415917923;B
20241113;102801;90.04;10;11415917924;B
20241113;102801;90.06;100;11415917925;B
20241113;102801;90.06;130;11415917926;B
20241113;102806;90.08;10;11415919025;B
20241113;102814;90.08;70;11415920097;B
20241113;102821;90.08;20;11415920959;B
20241113;102821;90.08;10;11415920960;B
20241113;102821;90.08;30;11415920961;B
20241113;102821;90.1;10;11415920962;B
20241113;102821;90.1;20;11415920963;B
20241113;102830;90.02;30;11415922157;B
20241113;102845;90.02;100;11415924343;B
20241113;102845;90.04;170;11415924344;B
20241113;102849;90;1440;11415924818;B
20241113;102850;90;790;11415924917;B
20241113;102850;90;170;11415924918;B
20241113;102852;89.94;40;11415925377;S
20241113;102854;89.92;20;11415925535;S
20241113;102854;89.92;30;11415925536;S
20241113;102854;89.92;950;11415925537;S
20241113;102854;90;120;11415925648;B
20241113;102854;90.02;50;11415925649;B
20241113;102857;90.02;10;11415926019;B
20241113;102857;90.02;100;11415926064;B
20241113;102912;90;60;11415928026;B
20241113;102912;90;940;11415928027;S
20241113;102914;89.92;30;11415928340;S
20241113;102914;89.9;500;11415928341;S
20241113;102914;89.88;50;11415928342;S
20241113;102914;89.88;300;11415928343;S
20241113;102914;89.84;120;11415928344;S
20241113;102920;89.82;140;11415929024;S
20241113;102930;89.82;100;11415930411;S
20241113;102940;89.82;60;11415931583;S
20241113;102940;89.8;80;11415931584;S
20241113;102940;89.8;60;11415931585;S
20241113;102941;89.82;300;11415931677;S
20241113;102941;89.8;480;11415931678;S
20241113;102942;89.78;30;11415931830;S
20241113;102943;89.8;20;11415931858;B
20241113;102943;89.76;10;11415931866;S
20241113;102947;89.76;100;11415932221;S
20241113;102948;89.76;70;11415932288;S
20241113;102948;89.74;20;11415932289;S
20241113;102948;89.72;300;11415932290;S
20241113;102948;89.72;90;11415932291;S
20241113;102948;89.7;280;11415932292;S
20241113;102948;89.68;240;11415932293;S
20241113;102948;89.7;300;11415932302;S
20241113;102948;89.68;1700;11415932303;S
20241113;102948;89.7;300;11415932359;S
20241113;102948;89.68;1320;11415932360;S
20241113;102948;89.68;10;11415932361;S
20241113;102948;89.66;300;11415932362;S
20241113;102948;89.64;40;11415932363;S
20241113;102948;89.62;380;11415932364;S
20241113;102948;89.6;230;11415932365;S
20241113;102948;89.6;230;11415932366;S
20241113;102948;89.6;120;11415932367;S
20241113;102948;89.58;30;11415932368;S
20241113;102948;89.58;300;11415932369;S
20241113;102948;89.58;300;11415932370;S
20241113;102948;89.58;2000;11415932371;S
20241113;102948;89.54;500;11415932372;S
20241113;102948;89.54;130;11415932373;S
20241113;102948;89.52;10;11415932374;S
20241113;102948;89.52;10;11415932375;S
20241113;102948;89.52;500;11415932376;S
20241113;102948;89.52;10;11415932377;S
20241113;102948;89.52;300;11415932378;S
20241113;102948;89.5;2420;11415932379;S
20241113;102958;89.64;10;11415933272;B
20241113;103002;89.64;70;11415933856;S
20241113;103005;89.64;10;11415934158;S
20241113;103006;89.66;10;11415934239;S
20241113;103010;89.64;200;11415934731;S
20241113;103015;89.64;10;11415935297;S
20241113;103024;89.68;10;11415936455;B
20241113;103024;89.7;190;11415936456;B
20241113;103025;89.78;300;11415936500;B
20241113;103028;89.66;50;11415936905;S
20241113;103050;89.64;1000;11415940632;S
20241113;103051;89.64;1690;11415940839;S
20241113;103051;89.64;170;11415940841;S
20241113;103051;89.64;10;11415940842;S
20241113;103052;89.5;9080;11415941077;S
20241113;103052;89.5;300;11415941078;S
20241113;103052;89.46;300;11415941079;S
20241113;103052;89.46;180;11415941080;S
20241113;103052;89.44;100;11415941081;S
20241113;103052;89.42;40;11415941082;S
20241113;103052;89.4;50;11415941092;S
20241113;103053;89.4;160;11415941105;S
20241113;103056;89.4;100;11415941778;S
20241113;103056;89.34;10;11415941779;S
20241113;103056;89.34;10;11415941780;S
20241113;103056;89.32;170;11415941781;S
20241113;103056;89.3;100;11415941782;S
20241113;103056;89.3;180;11415941783;S
20241113;103056;89.3;170;11415941784;S
20241113;103056;89.28;10;11415941785;S
20241113;103056;89.26;100;11415941786;S
20241113;103056;89.2;100;11415941787;S
20241113;103056;89.18;40;11415941788;S
20241113;103057;89.18;60;11415941904;S
20241113;103057;89.14;180;11415941905;S
20241113;103057;89.12;100;11415941906;S
20241113;103057;89.1;30;11415941907;S
20241113;103057;89.1;200;11415941908;S
20241113;103057;89.1;100;11415941909;S
20241113;103057;89.08;240;11415941910;S
20241113;103057;89.06;130;11415941944;S
20241113;103058;89.1;280;11415942191;B
20241113;103059;89.06;20;11415942395;S
20241113;103101;89.06;50;11415942592;S
20241113;103102;89.1;720;11415942764;B
20241113;103102;89.18;20;11415942784;B
20241113;103103;89.22;60;11415942827;B
20241113;103105;89.26;220;11415943285;B
20241113;103105;89.28;50;11415943286;B
20241113;103105;89.3;300;11415943287;B
20241113;103105;89.3;50;11415943288;B
20241113;103105;89.34;180;11415943289;B
20241113;103105;89.36;200;11415943290;B
20241113;103112;89.32;10;11415944161;B
20241113;103112;89.32;90;11415944162;B
20241113;103115;89.18;60;11415944480;S
20241113;103120;89.18;10;11415945117;S
20241113;103120;89.18;90;11415945118;S
20241113;103124;89.34;10;11415945676;B
20241113;103124;89.36;120;11415945677;B
20241113;103125;89.18;10;11415945762;S
20241113;103125;89.18;180;11415945763;S
20241113;103125;89.18;300;11415945764;S
20241113;103125;89.18;510;11415945765;B
20241113;103126;89.38;10;11415945919;B
20241113;103148;89.16;10;11415948988;S
20241113;103148;89.14;10;11415948989;S
20241113;103148;89.12;10;11415948990;S
20241113;103148;89.12;1140;11415948991;S
20241113;103148;89.12;180;11415948992;S
20241113;103148;89.1;100;11415948993;S
20241113;103229;89.14;10;11415954087;S
20241113;103229;89.12;10;11415954088;S
20241113;103241;89.12;460;11415955267;S
20241113;103245;89.1;720;11415955605;S
20241113;103246;89.3;10;11415955755;B
20241113;103246;89.3;20;11415955756;B
20241113;103248;89.16;10;11415955947;S
20241113;103256;89.16;10;11415956680;S
20241113;103256;89.14;100;11415956681;S
20241113;103256;89.12;20;11415956682;S
20241113;103325;89.14;10;11415960659;S
20241113;103325;89.12;10;11415960660;S
20241113;103325;89.12;10;11415960661;S
20241113;103325;89.1;70;11415960662;S
20241113;103327;89.14;10;11415960934;B
20241113;103334;89.16;80;11415961618;B
20241113;103343;89.16;20;11415962761;B
20241113;103343;89.28;20;11415962762;B
20241113;103348;89.32;10;11415963503;B
20241113;103351;89.32;40;11415963766;B
20241113;103351;89.36;50;11415963767;B
20241113;103351;89.38;300;11415963768;B
20241113;103351;89.38;180;11415963769;B
20241113;103351;89.38;50;11415963770;B
20241113;103351;89.42;300;11415963771;B
20241113;103351;89.42;300;11415963772;B
20241113;103351;89.44;140;11415963773;B
20241113;103351;89.46;40;11415963774;B
20241113;103351;89.46;120;11415963775;B
20241113;103351;89.48;50;11415963776;B
20241113;103351;89.48;300;11415963777;B
20241113;103351;89.48;480;11415963778;S
20241113;103351;89.58;100;11415963789;B
20241113;103351;89.64;70;11415963790;B
20241113;103351;89.5;10;11415963809;S
20241113;103356;89.52;10;11415964342;S
20241113;103406;89.44;130;11415965752;S
20241113;103414;89.42;30;11415966709;B
20241113;103422;89.42;10;11415967651;B
20241113;103426;89.46;1530;11415968282;B
20241113;103426;89.46;180;11415968283;B
20241113;103426;89.46;100;11415968284;B
20241113;103427;89.46;1300;11415968288;S
20241113;103430;89.34;10;11415968787;S
20241113;103431;89.56;10;11415968896;B
20241113;103431;89.58;50;11415968897;B
20241113;103500;89.36;10;11415972890;S
20241113;103500;89.36;90;11415972891;S
20241113;103500;89.36;180;11415972892;S
20241113;103500;89.34;10;11415972893;S
20241113;103500;89.34;10;11415972894;S
20241113;103514;89.34;50;11415974655;S
20241113;103530;89.48;10;11415976209;B
20241113;103535;89.34;440;11415976700;S
20241113;103535;89.34;180;11415976701;S
20241113;103535;89.34;90;11415976702;S
20241113;103544;89.3;10;11415977547;S
20241113;103544;89.28;40;11415977548;S
20241113;103645;89.4;10;11415986990;S
20241113;103909;89.22;300;11416005899;S
20241113;103909;89.22;40;11416005900;S
20241113;103909;89.2;10;11416005901;S
20241113;103909;89.2;60;11416005902;S
20241113;103909;89.18;300;11416005903;S
20241113;103909;89.18;60;11416005904;S
20241113;103909;89.18;20;11416005905;S
20241113;103909;89.2;140;11416005908;S
20241113;103947;89.24;270;11416010286;S
20241113;104055;89.24;10;11416020829;S
20241113;104210;89.26;690;11416029444;S
20241113;104210;89.24;90;11416029445;S
20241113;104210;89.24;20;11416029446;S
20241113;104235;89.34;10;11416032125;B
20241113;104241;89.38;10;11416033029;B
20241113;104246;89.38;10;11416033620;B
20241113;104246;89.38;70;11416033621;B
20241113;104246;89.38;20;11416033622;S
20241113;104304;89.38;10;11416036194;S
20241113;104306;89.38;10;11416036447;S
20241113;104342;89.4;60;11416040563;B
20241113;104342;89.4;500;11416040564;B
20241113;104352;89.5;50;11416041823;B
20241113;104402;89.5;100;11416042821;B
20241113;104420;89.5;100;11416044690;B
20241113;104424;89.5;50;11416045172;B
20241113;104424;89.5;250;11416045173;B
20241113;104454;89.5;20;11416049909;B
20241113;104454;89.54;70;11416049910;B
20241113;104501;89.56;240;11416051071;B
20241113;104501;89.56;170;11416051078;B
20241113;104509;89.52;40;11416052172;B
20241113;104509;89.6;10;11416052257;B
20241113;104509;89.58;100;11416052309;B
20241113;104529;89.6;80;11416054536;B
20241113;104539;89.62;500;11416055568;B
20241113;104559;89.66;300;11416058023;B
20241113;104559;89.68;300;11416058024;B
20241113;104559;89.68;10;11416058025;B
20241113;104559;89.68;30;11416058026;B
20241113;104559;89.7;10;11416058027;B
20241113;104559;89.7;30;11416058028;B
20241113;104559;89.72;10;11416058029;B
20241113;104559;89.72;300;11416058030;B
20241113;104559;89.72;10;11416058031;B
20241113;104616;89.68;100;11416060190;B
20241113;104626;89.68;200;11416061345;B
20241113;104628;89.7;300;11416061642;B
20241113;104645;89.78;10;11416063548;B
20241113;104646;89.78;160;11416063603;S
20241113;104646;89.72;10;11416063626;S
20241113;104653;89.72;10;11416064278;S
20241113;104719;89.72;400;11416067864;S
20241113;104719;89.74;20;11416067874;B
20241113;104719;89.72;360;11416067913;S
20241113;104719;89.72;100;11416067914;S
20241113;104724;89.7;10;11416068701;S
20241113;104724;89.7;10;11416068702;S
20241113;104724;89.7;160;11416068703;S
20241113;104724;89.68;100;11416068704;S
20241113;104724;89.62;50;11416068705;S
20241113;104724;89.58;100;11416068706;S
20241113;104724;89.56;40;11416068707;S
20241113;104724;89.52;300;11416068708;S
20241113;104724;89.48;1050;11416068709;S
20241113;104747;89.62;10;11416071334;B
20241113;104842;89.6;20;11416077469;S
20241113;104849;89.66;100;11416078770;B
20241113;104850;89.68;30;11416078987;B
20241113;104901;89.68;10;11416080513;B
20241113;104901;89.68;10;11416080514;B
20241113;104905;89.68;10;11416080967;B
20241113;104908;89.64;80;11416081321;B
20241113;104912;89.66;30;11416081745;B
20241113;104912;89.68;40;11416081746;B
20241113;104912;89.68;30;11416081747;B
20241113;104927;89.6;30;11416083379;S
20241113;104940;89.62;10;11416084323;B
20241113;104951;89.58;300;11416085334;B
20241113;104951;89.6;300;11416085335;B
20241113;104951;89.6;180;11416085336;B
20241113;104951;89.64;10;11416085337;B
20241113;104951;89.64;10;11416085338;B
20241113;105015;89.58;10;11416087895;B
20241113;105151;89.6;10;11416100946;B
20241113;105227;89.56;10;11416104558;B
20241113;105231;89.52;10;11416104882;S
20241113;105247;89.54;10;11416106051;B
20241113;105302;89.5;10;11416108195;S
20241113;105305;89.5;10;11416108518;S
20241113;105307;89.56;290;11416108837;B
20241113;105307;89.56;40;11416108838;B
20241113;105311;89.58;200;11416109431;B
20241113;105311;89.58;20;11416109432;B
20241113;105311;89.6;60;11416109433;B
20241113;105311;89.62;300;11416109434;B
20241113;105311;89.62;20;11416109435;B
20241113;105318;89.66;50;11416110839;B
20241113;105340;89.58;50;11416117475;S
20241113;105350;89.56;1270;11416118858;S
20241113;105354;89.56;300;11416119416;B
20241113;105354;89.58;50;11416119417;B
20241113;105401;89.5;10;11416120307;S
20241113;105401;89.48;10;11416120308;S
20241113;105538;89.5;250;11416129746;B
20241113;105545;89.42;10;11416130391;S
20241113;105545;89.42;10;11416130392;S
20241113;105545;89.42;10;11416130393;S
20241113;105545;89.42;40;11416130394;S
20241113;105545;89.4;40;11416130395;S
20241113;105545;89.4;30;11416130396;S
20241113;105545;89.4;20;11416130397;S
20241113;105545;89.34;10;11416130398;S
20241113;105545;89.34;10;11416130399;S
20241113;105545;89.34;70;11416130400;S
20241113;105612;89.48;20;11416133207;B
20241113;105623;89.48;10;11416134446;B
20241113;105846;89.38;10;11416151330;S
20241113;105934;89.48;20;11416157285;B
20241113;110013;89.5;350;11416163253;B
20241113;110015;89.5;290;11416163542;B
20241113;110015;89.5;20;11416163543;B
20241113;110039;89.52;10;11416166632;S
20241113;110039;89.5;30;11416166633;S
20241113;110039;89.5;180;11416166634;S
20241113;110040;89.5;270;11416166681;B
20241113;110041;89.5;60;11416166827;B
20241113;110042;89.5;40;11416166929;B
20241113;110105;89.5;500;11416169017;B
20241113;110125;89.5;1000;11416171461;B
20241113;110208;89.5;2530;11416181119;B
20241113;110208;89.5;830;11416181120;B
20241113;110208;89.5;20;11416181123;B
20241113;110219;89.5;80;11416184584;S
20241113;110219;89.5;20;11416184585;S
20241113;110219;89.48;100;11416184586;S
20241113;110219;89.48;180;11416184587;S
20241113;110219;89.48;80;11416184588;S
20241113;110241;89.42;20;11416190253;S
20241113;110244;89.48;110;11416190812;B
20241113;110256;89.48;20;11416194375;B
20241113;110256;89.56;10;11416194376;B
20241113;110256;89.58;70;11416194377;B
20241113;110256;89.6;70;11416194378;B
20241113;110256;89.6;10;11416194379;B
20241113;110334;89.64;60;11416201870;B
20241113;110334;89.64;20;11416201871;B
20241113;110334;89.64;1150;11416201872;B
20241113;110334;89.66;70;11416201873;B
20241113;110334;89.68;60;11416201874;B
20241113;110334;89.68;70;11416201875;B
20241113;110334;89.68;180;11416201876;B
20241113;110334;89.7;300;11416201877;B
20241113;110334;89.7;300;11416201878;B
20241113;110334;89.7;140;11416201879;B
20241113;110447;89.68;10;11416213882;B
20241113;110447;89.7;10;11416213883;B
20241113;110455;89.7;30;11416215441;B
20241113;110540;89.7;50;11416222768;B
20241113;110606;89.7;460;11416226828;B
20241113;110622;89.7;50;11416229279;S
20241113;110722;89.7;490;11416241250;S
20241113;110722;89.72;10;11416241276;B
20241113;110907;89.74;120;11416261320;B
20241113;110939;89.72;10;11416267922;S
20241113;111030;89.74;90;11416279952;B
20241113;111030;89.74;10;11416279953;B
20241113;111030;89.74;10;11416279954;B
20241113;111058;89.74;10;11416287208;S
20241113;111122;89.78;30;11416292726;B
20241113;111122;89.8;70;11416292727;B
20241113;111156;89.8;100;11416301980;B
20241113;111219;89.8;600;11416306652;B
20241113;111221;89.74;80;11416307109;S
20241113;111221;89.74;40;11416307110;S
20241113;111555;89.8;670;11416355918;B
20241113;111616;89.82;10;11416358623;S
20241113;111636;89.82;10;11416362261;S
20241113;111645;89.84;10;11416363621;B
20241113;111646;89.82;150;11416363838;S
20241113;111700;89.82;80;11416366095;S
20241113;111724;89.82;40;11416369909;S
20241113;111727;89.82;120;11416370293;S
20241113;111727;89.8;480;11416370294;S
20241113;111732;89.82;20;11416371452;S
20241113;111741;89.82;10;11416372812;S
20241113;111748;89.82;140;11416373792;S
20241113;111748;89.8;760;11416373793;S
20241113;111807;89.84;10;11416376425;B
20241113;111808;89.82;60;11416376569;S
20241113;111813;89.84;10;11416377118;B
20241113;111850;89.84;10;11416382528;S
20241113;111855;89.84;160;11416383226;S
20241113;111855;89.84;110;11416383227;S
20241113;111855;89.82;110;11416383228;S
20241113;111855;89.8;520;11416383229;S
20241113;111902;89.88;10;11416384087;B
20241113;111912;89.9;10;11416385349;B
20241113;111922;89.9;110;11416386549;B
20241113;111922;89.92;110;11416386550;B
20241113;111939;89.88;100;11416388689;S
20241113;112000;89.84;10;11416391844;B
20241113;112000;89.86;410;11416391845;B
20241113;112000;89.86;140;11416391846;B
20241113;112019;89.82;70;11416396128;S
20241113;112034;89.88;630;11416398502;B
20241113;112050;89.82;30;11416401141;S
20241113;112056;89.8;10;11416402078;S
20241113;112058;89.8;1560;11416402513;S
20241113;112058;89.8;10;11416402514;S
20241113;112127;89.78;90;11416406694;B
20241113;112141;89.76;10;11416408870;S
20241113;112156;89.74;1560;11416411076;S
20241113;112158;89.7;100;11416411202;S
20241113;112159;89.6;10;11416411452;S
20241113;112159;89.6;10;11416411453;S
20241113;112204;89.7;70;11416411982;B
20241113;112204;89.72;180;11416411983;B
20241113;112204;89.72;70;11416411984;B
20241113;112204;89.74;540;11416411985;B
20241113;112232;89.52;10;11416415902;S
20241113;112320;89.52;10;11416421067;S
20241113;112320;89.52;10;11416421068;S
20241113;112320;89.5;10;11416421069;S
20241113;112320;89.52;30;11416421072;S
20241113;112320;89.52;30;11416421073;S
20241113;112320;89.52;30;11416421074;S
20241113;112320;89.52;40;11416421075;S
20241113;112320;89.52;30;11416421082;S
20241113;112320;89.52;30;11416421083;S
20241113;112320;89.52;30;11416421084;S
20241113;112320;89.52;40;11416421085;S
20241113;112320;89.52;30;11416421089;S
20241113;112320;89.52;30;11416421092;S
20241113;112320;89.52;30;11416421093;S
20241113;112320;89.52;40;11416421094;S
20241113;112320;89.52;30;11416421095;S
20241113;112320;89.52;30;11416421099;S
20241113;112320;89.52;30;11416421101;S
20241113;112320;89.52;30;11416421102;S
20241113;112320;89.52;40;11416421103;S
20241113;112320;89.52;30;11416421120;S
20241113;112320;89.52;30;11416421121;S
20241113;112320;89.52;30;11416421122;S
20241113;112320;89.52;40;11416421123;S
20241113;112320;89.52;30;11416421128;S
20241113;112320;89.52;30;11416421129;S
20241113;112320;89.52;30;11416421130;S
20241113;112320;89.52;40;11416421131;S
20241113;112320;89.52;30;11416421133;S
20241113;112320;89.52;30;11416421134;S
20241113;112320;89.52;30;11416421135;S
20241113;112320;89.52;40;11416421136;S
20241113;112320;89.52;30;11416421137;S
20241113;112320;89.52;30;11416421138;S
20241113;112320;89.52;40;11416421139;S
20241113;112320;89.52;30;11416421140;S
20241113;112321;89.52;30;11416421152;S
20241113;112321;89.52;30;11416421153;S
20241113;112321;89.52;40;11416421154;S
20241113;112321;89.52;30;11416421161;S
20241113;112321;89.52;20;11416421162;S
20241113;112321;89.52;40;11416421163;S
20241113;112321;89.52;40;11416421189;S
20241113;112321;89.52;10;11416421196;S
20241113;112348;89.52;10;11416424552;S
20241113;112348;89.52;270;11416424569;S
20241113;112348;89.52;10;11416424570;S
20241113;112348;89.5;1140;11416424571;S
20241113;112348;89.5;110;11416424572;S
20241113;112348;89.5;40;11416424573;S
20241113;112353;89.46;60;11416424988;S
20241113;112409;89.46;40;11416426342;S
20241113;112409;89.44;200;11416426343;S
20241113;112409;89.44;180;11416426344;S
20241113;112409;89.42;300;11416426345;S
20241113;112409;89.42;70;11416426346;S
20241113;112409;89.4;720;11416426347;S
20241113;112409;89.4;70;11416426348;S
20241113;112409;89.38;700;11416426349;S
20241113;112409;89.36;70;11416426350;S
20241113;112410;89.36;230;11416426426;S
20241113;112410;89.36;160;11416426427;S
20241113;112612;89.36;580;11416438652;S
20241113;112630;89.36;310;11416440842;S
20241113;112635;89.34;10;11416442038;S
20241113;112702;89.38;40;11416445491;B
20241113;112753;89.38;100;11416450291;B
20241113;112817;89.4;10;11416452529;B
20241113;112841;89.4;170;11416454645;B
20241113;112846;89.4;120;11416455155;B
20241113;112846;89.4;110;11416455156;B
20241113;113013;89.4;40;11416463080;S
20241113;113034;89.4;10;11416465125;S
20241113;113240;89.46;90;11416476916;B
20241113;113240;89.48;940;11416476917;B
20241113;113405;89.46;100;11416484589;B
20241113;113405;89.48;100;11416484590;B
20241113;113449;89.4;10;11416488342;S
20241113;113508;89.46;110;11416490557;B
20241113;113508;89.48;1390;11416490558;B
20241113;113508;89.48;110;11416490559;B
20241113;113508;89.5;1000;11416490560;B
20241113;113508;89.54;180;11416490561;B
20241113;113508;89.58;300;11416490562;B
20241113;113508;89.6;300;11416490563;B
20241113;113508;89.6;30;11416490564;B
20241113;113531;89.4;20;11416492617;S
20241113;113536;89.4;90;11416493000;S
20241113;113536;89.4;110;11416493001;S
20241113;113944;89.4;490;11416514856;S
20241113;113944;89.4;50;11416514857;S
20241113;113944;89.4;50;11416514858;S
20241113;113944;89.4;10;11416514859;S
20241113;113946;89.4;20;11416514934;S
20241113;114030;89.42;20;11416518960;B
20241113;114030;89.44;10;11416518961;B
20241113;114102;89.34;10;11416521830;S
20241113;114105;89.44;10;11416522050;B
20241113;114114;89.34;10;11416522639;S
20241113;114114;89.34;10;11416522640;S
20241113;114114;89.34;60;11416522641;S
20241113;114300;89.44;60;11416531408;B
20241113;114300;89.46;20;11416531409;B
20241113;114300;89.46;10;11416531410;B
20241113;114718;89.36;10;11416564343;S
20241113;114722;89.46;10;11416564744;B
20241113;114754;89.34;260;11416567401;S
20241113;114754;89.34;290;11416567402;S
20241113;114754;89.34;20;11416567403;S
20241113;114754;89.34;30;11416567404;S
20241113;114754;89.32;30;11416567405;S
20241113;114754;89.32;300;11416567406;S
20241113;114754;89.3;30;11416567407;S
20241113;114754;89.3;40;11416567408;S
20241113;114755;89.32;160;11416567430;S
20241113;114755;89.3;70;11416567518;S
20241113;114755;89.28;10;11416567519;S
20241113;114755;89.28;300;11416567520;S
20241113;114755;89.28;300;11416567521;S
20241113;114755;89.28;30;11416567522;S
20241113;114755;89.26;10;11416567523;S
20241113;114755;89.26;180;11416567524;S
20241113;114755;89.26;30;11416567525;S
20241113;114755;89.24;20;11416567526;S
20241113;114755;89.24;10;11416567527;S
20241113;114755;89.24;240;11416567528;S
20241113;114813;89.24;10;11416569449;S
20241113;114813;89.22;1140;11416569450;S
20241113;114813;89.22;300;11416569451;S
20241113;114813;89.22;180;11416569452;S
20241113;114813;89.22;30;11416569453;S
20241113;114813;89.2;20;11416569454;S
20241113;114813;89.2;10;11416569455;S
20241113;114813;89.2;20;11416569456;S
20241113;114813;89.2;200;11416569457;S
20241113;114813;89.2;200;11416569458;S
20241113;114813;89.2;30;11416569459;S
20241113;114813;89.18;300;11416569460;S
20241113;114813;89.18;300;11416569461;S
20241113;114813;89.16;50;11416569462;S
20241113;114813;89.14;50;11416569463;S
20241113;114813;89.12;300;11416569464;S
20241113;114813;89.1;110;11416569465;S
20241113;114813;89.1;50;11416569466;S
20241113;114813;89.1;10;11416569467;S
20241113;114813;89.1;10;11416569468;S
20241113;114813;89.1;80;11416569469;S
20241113;114813;89.1;600;11416569470;S
20241113;114830;89.08;50;11416571341;S
20241113;114830;89.08;300;11416571342;S
20241113;114830;89.08;300;11416571343;S
20241113;114830;89.06;80;11416571344;S
20241113;114830;89.06;570;11416571345;S
20241113;114830;89.04;100;11416571346;S
20241113;114830;89.04;150;11416571347;S
20241113;114830;89.04;300;11416571348;S
20241113;114830;89.04;180;11416571349;S
20241113;114830;89.02;420;11416571350;S
20241113;114830;89.02;10;11416571351;S
20241113;114830;89.02;720;11416571352;S
20241113;114830;89;1000;11416571353;S
20241113;114830;89;10;11416571354;S
20241113;114830;89;10;11416571355;S
20241113;114830;89;10;11416571356;S
20241113;114830;89;100;11416571357;S
20241113;114830;89;10;11416571358;S
20241113;114830;89;10;11416571359;S
20241113;114830;89;300;11416571360;S
20241113;114830;89;300;11416571361;S
20241113;114830;89;10;11416571362;S
20241113;114830;88.98;10;11416571363;S
20241113;114830;88.96;10;11416571364;S
20241113;114830;88.92;300;11416571365;S
20241113;114830;88.9;240;11416571366;S
20241113;114830;88.88;10;11416571367;S
20241113;114830;88.86;10;11416571368;S
20241113;114830;88.86;300;11416571369;S
20241113;114830;88.84;180;11416571370;S
20241113;114831;89;60;11416571383;S
20241113;114831;89;130;11416571394;S
20241113;114922;89.02;10;11416577920;B
20241113;114922;89.04;10;11416577921;B
20241113;114925;89.04;20;11416578151;B
20241113;114939;89.04;10;11416579383;B
20241113;114944;89.04;10;11416580239;B
20241113;114948;89.04;190;11416581531;B
20241113;115006;89.04;10;11416586096;S
20241113;115035;89.04;290;11416589691;B
20241113;115042;89;10;11416590333;S
20241113;115042;89;10;11416590334;S
20241113;115047;89.04;100;11416590788;B
20241113;115059;89.04;1000;11416592495;B
20241113;115100;89.04;600;11416592625;B
20241113;115101;89.06;50;11416592789;S
20241113;115101;89.04;10;11416592790;S
20241113;115109;89.14;600;11416593471;B
20241113;115124;89.24;240;11416595479;B
20241113;115124;89.24;30;11416595480;B
20241113;115124;89.26;10;11416595481;B
20241113;115124;89.26;30;11416595482;B
20241113;115124;89.26;170;11416595483;B
20241113;115127;89.16;20;11416595748;S
20241113;115127;89.14;40;11416595749;S
20241113;115130;89.28;10;11416595918;B
20241113;115130;89.28;20;11416595919;B
20241113;115130;89.3;300;11416595920;B
20241113;115130;89.3;20;11416595921;B
20241113;115130;89.32;150;11416595922;B
20241113;115137;89.3;300;11416596589;B
20241113;115137;89.32;20;11416596590;B
20241113;115137;89.34;10;11416596591;B
20241113;115137;89.34;20;11416596592;B
20241113;115137;89.34;180;11416596593;B
20241113;115137;89.36;10;11416596594;B
20241113;115137;89.36;300;11416596595;B
20241113;115137;89.36;30;11416596596;B
20241113;115137;89.38;130;11416596597;B
20241113;115200;89.36;300;11416598870;B
20241113;115200;89.38;300;11416598871;B
20241113;115200;89.38;40;11416598872;B
20241113;115200;89.38;180;11416598873;B
20241113;115200;89.4;180;11416598874;B
20241113;115200;89.42;160;11416598876;B
20241113;115203;89.38;10;11416599152;B
20241113;115203;89.38;360;11416599153;B
20241113;115203;89.38;10;11416599154;B
20241113;115203;89.42;300;11416599155;B
20241113;115203;89.42;180;11416599156;B
20241113;115203;89.44;140;11416599157;B
20241113;115206;89.42;1000;11416599377;B
20241113;115210;89.44;440;11416599697;B
20241113;115210;89.46;560;11416599698;B
20241113;115220;89.46;90;11416600399;B
20241113;115236;89.46;140;11416601575;B
20241113;115236;89.46;50;11416601576;B
20241113;115236;89.48;70;11416601577;B
20241113;115236;89.5;90;11416601578;B
20241113;115236;89.5;20;11416601579;B
20241113;115236;89.5;200;11416601580;B
20241113;115236;89.5;70;11416601581;B
20241113;115236;89.52;180;11416601582;B
20241113;115236;89.56;180;11416601583;B
20241113;115248;89.58;10;11416602714;B
20241113;115305;89.56;90;11416604204;B
20241113;115305;89.56;410;11416604205;B
20241113;115314;89.42;10;11416605020;S
20241113;115318;89.42;10;11416605532;S
20241113;115356;89.4;10;11416608952;S
20241113;115425;89.42;10;11416611497;B
20241113;115427;89.4;40;11416611618;S
20241113;115455;89.38;10;11416616488;S
20241113;115742;89.46;40;11416640456;S
20241113;115742;89.46;100;11416640457;S
20241113;115751;89.5;10;11416642088;B
20241113;115751;89.58;40;11416642089;B
20241113;115751;89.6;60;11416642090;B
20241113;115751;89.6;150;11416642091;B
20241113;115751;89.6;40;11416642092;B
20241113;115751;89.68;10;11416642093;B
20241113;115751;89.7;690;11416642094;B
20241113;115756;89.7;10;11416642861;B
20241113;115825;89.72;10;11416651153;B
20241113;115825;89.74;480;11416651154;B
20241113;115825;89.76;20;11416651155;B
20241113;115825;89.78;20;11416651156;B
20241113;115825;89.8;300;11416651157;B
20241113;115825;89.8;180;11416651158;B
20241113;115825;89.84;30;11416651159;B
20241113;115825;89.84;60;11416651160;B
20241113;115825;89.86;300;11416651161;B
20241113;115825;89.86;100;11416651162;B
20241113;115826;89.86;230;11416651266;B
20241113;115947;89.82;50;11416673495;B
20241113;115947;89.84;10;11416673496;B
20241113;115947;89.84;680;11416673497;B
20241113;115947;89.84;50;11416673498;B
20241113;115947;89.84;10;11416673499;B
20241113;115947;89.86;300;11416673500;B
20241113;115947;89.86;300;11416673501;B
20241113;115947;89.86;10;11416673502;B
20241113;115947;89.86;10;11416673503;B
20241113;115947;89.86;180;11416673504;B
20241113;115947;89.88;10;11416673505;B
20241113;115947;89.88;50;11416673506;B
20241113;115947;89.9;200;11416673507;B
20241113;115947;89.9;140;11416673508;B
20241113;115958;89.88;340;11416677036;B
20241113;115958;89.88;180;11416677037;B
20241113;115958;89.9;160;11416677038;B
20241113;115958;89.9;200;11416677039;B
20241113;115958;89.9;50;11416677040;B
20241113;115958;89.9;260;11416677041;S
20241113;120222;89.88;10;11416704291;B
20241113;120249;89.78;10;11416707166;S
20241113;120253;89.78;10;11416707515;S
20241113;120258;89.78;30;11416708040;S
20241113;120258;89.78;500;11416708041;S
20241113;120354;89.76;210;11416716675;S
20241113;120359;89.76;10;11416717226;B
20241113;120417;89.64;10;11416721278;S
20241113;120430;89.64;10;11416726258;S
20241113;120430;89.64;30;11416726259;S
20241113;120714;89.52;1140;11416752167;S
20241113;120714;89.52;1600;11416752168;S
20241113;120714;89.5;300;11416752169;S
20241113;120714;89.5;300;11416752170;S
20241113;120714;89.5;1360;11416752171;S
20241113;120714;89.46;10;11416752172;S
20241113;120714;89.4;210;11416752199;S
20241113;120747;89.4;10;11416760485;S
20241113;120806;89.6;10;11416762843;B
20241113;120853;89.4;10;11416775413;S
20241113;120853;89.4;50;11416775414;S
20241113;120853;89.4;670;11416775415;S
20241113;120853;89.4;10;11416775416;S
20241113;120853;89.4;20;11416775417;S
20241113;120856;89.38;10;11416776420;S
20241113;121010;89.54;50;11416821410;B
20241113;121010;89.56;50;11416821411;B
20241113;121056;89.5;20;11416873255;B
20241113;121104;89.5;10;11416881638;B
20241113;121117;89.4;10;11416895974;S
20241113;121117;89.38;260;11416895975;S
20241113;121117;89.38;730;11416895976;S
20241113;121121;89.5;30;11416900713;B
20241113;121127;89.5;20;11416907238;B
20241113;121137;89.5;10;11416919198;B
20241113;121146;89.4;60;11416930514;S
20241113;121347;89.4;30;11417058827;B
20241113;121433;89.52;550;11417110276;B
20241113;121437;89.52;10;11417115177;B
20241113;121710;89.42;50;11417284192;S
20241113;121710;89.42;170;11417284193;S
20241113;121710;89.4;1280;11417284194;S
20241113;121731;89.42;10;11417309155;S
20241113;121746;89.4;10;11417326219;S
20241113;121814;89.42;170;11417358583;S
20241113;121814;89.4;230;11417358584;S
20241113;121900;89.5;50;11417410621;B
20241113;121900;89.5;20;11417410789;B
20241113;121900;89.5;20;11417410790;B
20241113;121900;89.5;10;11417410794;S
20241113;122002;89.5;50;11417472506;S
20241113;122136;89.5;100;11417587694;B
20241113;122137;89.5;930;11417588996;B
20241113;122137;89.52;10;11417589004;B
20241113;122229;89.52;50;11417649850;B
20241113;122326;89.52;380;11417707181;B
20241113;122407;89.54;30;11417748511;S
20241113;122450;89.54;10;11417790623;S
20241113;122450;89.52;10;11417790679;S
20241113;122451;89.52;10;11417790696;S
20241113;122451;89.52;10;11417790713;S
20241113;122543;89.6;300;11417840169;B
20241113;122551;89.62;300;11417847562;B
20241113;122551;89.64;250;11417847567;B
20241113;122600;89.64;50;11417855877;B
20241113;122728;89.74;50;11417878640;B
20241113;122747;89.74;10;11417880783;B
20241113;122800;89.66;20;11417881696;S
20241113;122805;89.64;50;11417882436;S
20241113;122805;89.62;10;11417882437;S
20241113;123030;89.64;30;11417899293;S
20241113;123116;89.68;10;11417904210;S
20241113;123144;89.72;50;11417906695;B
20241113;123144;89.74;150;11417906696;B
20241113;123206;89.74;20;11417909821;B
20241113;123206;89.74;10;11417909822;B
20241113;123206;89.76;70;11417909823;B
20241113;123226;89.66;50;11417915658;S
20241113;123242;89.76;10;11417918662;B
20241113;123242;89.76;90;11417918663;B
20241113;123308;89.74;100;11417922106;B
20241113;123322;89.76;10;11417924428;B
20241113;123356;89.68;10;11417928600;S
20241113;123429;89.78;90;11417932353;B
20241113;123429;89.8;100;11417932354;B
20241113;123429;89.8;20;11417932355;B
20241113;123429;89.82;40;11417932356;B
20241113;123454;89.82;10;11417935351;B
20241113;123645;89.78;20;11417947249;B
20241113;123646;89.78;10;11417947315;B
20241113;123813;89.66;10;11417955218;S
20241113;123818;89.76;10;11417955667;B
20241113;123915;89.66;240;11417961115;S
20241113;123915;89.66;300;11417961116;S
20241113;123915;89.66;20;11417961117;S
20241113;123915;89.66;40;11417961118;B
20241113;123934;89.66;40;11417962834;S
20241113;123943;89.72;50;11417963760;B
20241113;123953;89.72;50;11417964794;B
20241113;124112;89.72;50;11417971552;S
20241113;124159;89.68;20;11417975720;B
20241113;124302;89.7;50;11417981908;B
20241113;124358;89.68;90;11417986692;B
20241113;124358;89.7;120;11417986693;B
20241113;124358;89.7;90;11417986694;B
20241113;124500;89.72;10;11417991609;B
20241113;124524;89.72;70;11417993967;B
20241113;124612;89.72;710;11417998443;B
20241113;124625;89.68;80;11417999384;B
20241113;124625;89.7;140;11417999385;B
20241113;124625;89.72;2210;11417999386;B
20241113;124625;89.72;140;11417999387;B
20241113;124628;89.72;10;11417999737;S
20241113;124734;89.72;30;11418006279;B
20241113;124744;89.72;2680;11418007048;S
20241113;124744;89.68;60;11418007049;S
20241113;124744;89.66;60;11418007050;S
20241113;124744;89.64;180;11418007051;S
20241113;124744;89.62;120;11418007052;S
20241113;124744;89.62;300;11418007053;S
20241113;124744;89.6;240;11418007054;S
20241113;124745;89.72;10;11418007075;B
20241113;124758;89.72;20;11418008241;B
20241113;124813;89.6;10;11418009526;S
20241113;124845;89.72;10;11418013420;B
20241113;125130;89.72;10;11418030229;B
20241113;125157;89.72;10;11418033384;B
20241113;125157;89.72;10;11418033385;B
20241113;125201;89.72;10;11418033666;B
20241113;125201;89.74;100;11418033667;B
20241113;125201;89.74;10;11418033668;B
20241113;125258;89.64;10;11418039341;S
20241113;125456;89.64;10;11418051055;S
20241113;125524;89.64;30;11418053673;S
20241113;125524;89.62;30;11418053674;S
20241113;125524;89.6;240;11418053675;S
20241113;125606;89.6;370;11418057101;S
20241113;125634;89.7;100;11418059602;B
20241113;125651;89.6;10;11418061174;S
20241113;125706;89.68;20;11418062724;B
20241113;125814;89.6;2230;11418069016;S
20241113;125814;89.6;10;11418069017;S
20241113;125814;89.54;200;11418069018;S
20241113;125814;89.52;60;11418069019;S
20241113;130109;89.64;10;11418085508;B
20241113;130109;89.52;10;11418085522;S
20241113;130112;89.52;10;11418085747;S
20241113;130728;89.52;110;11418120202;S
20241113;130728;89.52;10;11418120203;S
20241113;130728;89.52;10;11418120204;S
20241113;130728;89.52;10;11418120205;S
20241113;130758;89.5;80;11418123077;S
20241113;130758;89.5;20;11418123078;S
20241113;131054;89.5;10;11418136171;S
20241113;131104;89.48;10;11418136737;S
20241113;131106;89.44;10;11418136881;S
20241113;131220;89.44;10;11418143994;S
20241113;131256;89.44;30;11418147284;S
20241113;131256;89.4;1960;11418147285;S
20241113;131256;89.4;390;11418147286;S
20241113;131256;89.4;30;11418147287;S
20241113;131256;89.4;10;11418147288;S
20241113;131256;89.4;10;11418147289;S
20241113;131326;89.44;10;11418150006;B
20241113;131336;89.34;10;11418150757;S
20241113;131336;89.34;90;11418150758;S
20241113;131445;89.32;10;11418155899;S
20241113;131445;89.3;50;11418155900;S
20241113;131704;89.34;100;11418166644;B
20241113;131810;89.28;10;11418172388;S
20241113;131810;89.28;10;11418172417;S
20241113;131810;89.22;20;11418172418;S
20241113;131810;89.2;10;11418172419;S
20241113;131810;89.2;100;11418172420;S
20241113;131828;89.24;20;11418173831;B
20241113;131828;89.24;10;11418173832;B
20241113;131828;89.26;70;11418173833;B
20241113;131905;89.1;30;11418176565;S
20241113;132035;89.12;10;11418184169;S
20241113;132144;89.18;10;11418190338;B
20241113;132144;89.2;160;11418190339;B
20241113;132856;89.12;300;11418224392;S
20241113;132856;89.12;30;11418224393;S
20241113;132856;89.1;120;11418224394;S
20241113;132856;89.1;30;11418224395;S
20241113;132856;89.1;60;11418224396;S
20241113;132856;89.1;390;11418224397;S
20241113;132856;89.08;70;11418224398;S
20241113;132938;89.1;20;11418229050;S
20241113;133019;89.1;10;11418235200;S
20241113;133019;89.1;30;11418235201;S
20241113;133019;89.08;230;11418235202;S
20241113;133019;89.08;10;11418235203;S
20241113;133019;89.08;30;11418235204;S
20241113;133019;89.06;180;11418235205;S
20241113;133019;89.04;300;11418235206;S
20241113;133019;89.04;240;11418235207;S
20241113;133019;89.02;300;11418235208;S
20241113;133019;89;90;11418235209;S
20241113;133019;89;10;11418235210;S
20241113;133019;89;70;11418235211;S
20241113;133019;89;100;11418235212;S
20241113;133019;89;1000;11418235213;S
20241113;133019;89;10;11418235214;S
20241113;133019;89;10;11418235215;S
20241113;133019;88.98;300;11418235216;S
20241113;133019;88.96;10;11418235217;S
20241113;133019;88.94;2050;11418235218;S
20241113;133019;88.92;300;11418235219;S
20241113;133019;88.9;100;11418235220;S
20241113;133019;88.88;10;11418235221;S
20241113;133019;88.86;30;11418235222;S
20241113;133019;88.86;300;11418235223;S
20241113;133019;88.86;300;11418235224;S
20241113;133019;88.86;300;11418235225;S
20241113;133019;88.84;10;11418235226;S
20241113;133019;88.82;50;11418235227;S
20241113;133019;88.82;1140;11418235228;S
20241113;133019;88.8;100;11418235229;S
20241113;133019;88.8;10;11418235230;S
20241113;133019;88.8;30;11418235231;S
20241113;133019;88.8;200;11418235232;S
20241113;133019;88.8;340;11418235233;S
20241113;133019;88.8;500;11418235234;S
20241113;133019;88.8;300;11418235235;S
20241113;133019;88.78;210;11418235236;S
20241113;133019;88.78;10;11418235237;S
20241113;133019;88.76;2280;11418235238;S
20241113;133019;88.76;300;11418235276;S
20241113;133019;88.76;180;11418235277;S
20241113;133019;88.9;30;11418235294;B
20241113;133112;88.92;10;11418241936;B
20241113;133117;88.92;30;11418242423;B
20241113;133131;88.9;10;11418244024;S
20241113;133131;88.9;80;11418244025;S
20241113;133155;88.92;20;11418246386;B
20241113;133234;88.92;50;11418251321;B
20241113;133251;88.92;180;11418253453;B
20241113;133251;88.98;1390;11418253454;B
20241113;133305;88.98;40;11418254909;B
20241113;133324;88.92;10;11418256850;S
20241113;133452;88.98;20;11418266097;B
20241113;133553;88.92;80;11418271257;S
20241113;133553;88.92;60;11418271258;S
20241113;133604;88.92;130;11418272001;S
20241113;133604;88.9;1860;11418272002;S
20241113;133604;88.9;100;11418272003;S
20241113;133617;88.92;110;11418273482;S
20241113;133624;88.92;100;11418274028;S
20241113;133632;88.9;300;11418274788;S
20241113;133755;88.98;80;11418281803;B
20241113;133900;88.9;10;11418286771;S
20241113;133900;88.88;40;11418286772;S
20241113;133937;88.8;30;11418289222;S
20241113;134035;88.8;10;11418294745;B
20241113;134042;88.78;10;11418295142;S
20241113;134042;88.74;300;11418295143;S
20241113;134042;88.74;50;11418295144;S
20241113;134042;88.72;50;11418295145;S
20241113;134042;88.7;20;11418295146;S
20241113;134042;88.7;100;11418295147;S
20241113;134042;88.7;50;11418295148;S
20241113;134042;88.68;20;11418295149;S
20241113;134042;88.68;180;11418295150;S
20241113;134042;88.62;10;11418295151;S
20241113;134042;88.62;300;11418295152;S
20241113;134042;88.6;10;11418295153;S
20241113;134042;88.6;400;11418295154;S
20241113;134104;88.7;10;11418296763;S
20241113;134121;88.7;10;11418297872;S
20241113;134150;88.6;100;11418299733;S
20241113;134150;88.6;30;11418299734;S
20241113;134232;88.6;140;11418302321;B
20241113;134245;88.68;30;11418303034;B
20241113;134257;88.68;20;11418303736;S
20241113;134258;88.6;210;11418303769;S
20241113;134258;88.6;20;11418303770;S
20241113;134258;88.6;30;11418303771;S
20241113;134258;88.58;10;11418303772;S
20241113;134258;88.58;150;11418303773;S
20241113;134258;88.58;80;11418303774;S
20241113;134323;88.58;120;11418305995;S
20241113;134332;88.6;10;11418306797;S
20241113;134351;88.6;990;11418308755;B
20241113;134711;88.66;30;11418323529;B
20241113;134736;88.56;10;11418325682;S
20241113;134808;88.56;20;11418328845;S
20241113;134808;88.56;10;11418328846;S
20241113;134810;88.56;20;11418329035;B
20241113;134812;88.56;290;11418329313;B
20241113;134812;88.6;40;11418329314;B
20241113;134829;88.6;10;11418331045;S
20241113;134843;88.6;10;11418332691;S
20241113;134923;88.66;10;11418336208;B
20241113;134923;88.66;30;11418336209;B
20241113;134923;88.68;160;11418336210;B
20241113;134941;88.68;20;11418338217;B
20241113;134948;88.6;100;11418338766;S
20241113;135001;88.56;30;11418339851;S
20241113;135001;88.54;50;11418339852;S
20241113;135001;88.54;100;11418339853;S
20241113;135001;88.54;30;11418339854;S
20241113;135001;88.52;300;11418339855;S
20241113;135001;88.52;200;11418339856;S
20241113;135001;88.52;10;11418339857;S
20241113;135001;88.52;630;11418339858;S
20241113;135001;88.52;30;11418339859;S
20241113;135001;88.5;30;11418339860;S
20241113;135001;88.48;10;11418339861;S
20241113;135001;88.48;200;11418339862;S
20241113;135001;88.48;180;11418339863;S
20241113;135001;88.46;300;11418339864;S
20241113;135038;88.62;10;11418343303;B
20241113;135038;88.62;90;11418343304;B
20241113;135055;88.68;10;11418344392;B
20241113;135120;88.62;40;11418346506;S
20241113;135120;88.54;10;11418346507;S
20241113;135120;88.54;10;11418346508;S
20241113;135120;88.54;10;11418346509;S
20241113;135120;88.54;10;11418346510;S
20241113;135120;88.54;10;11418346511;S
20241113;135120;88.52;800;11418346512;S
20241113;135120;88.52;180;11418346513;S
20241113;135120;88.5;10;11418346514;S
20241113;135120;88.48;10;11418346515;S
20241113;135120;88.48;650;11418346516;S
20241113;135123;88.58;10;11418346676;B
20241113;135123;88.58;10;11418346677;B
20241113;135123;88.6;90;11418346678;B
20241113;135123;88.62;180;11418346679;B
20241113;135123;88.62;90;11418346680;B
20241113;135123;88.66;20;11418346681;B
20241113;135214;88.6;10;11418350028;B
20241113;135214;88.6;10;11418350029;B
20241113;135214;88.6;10;11418350030;B
20241113;135214;88.6;10;11418350031;B
20241113;135214;88.6;10;11418350032;B
20241113;135223;88.64;110;11418350612;B
20241113;135223;88.66;180;11418350613;B
20241113;135223;88.66;1600;11418350614;B
20241113;135223;88.66;110;11418350615;B
20241113;135323;88.7;590;11418357216;B
20241113;135332;88.72;40;11418358403;B
20241113;135332;88.74;210;11418358404;B
20241113;135332;88.74;250;11418358433;B
20241113;135335;88.74;40;11418358676;B
20241113;135335;88.74;20;11418358677;B
20241113;135435;88.78;140;11418364566;B
20241113;135435;88.8;110;11418364567;B
20241113;135442;88.62;10;11418364986;S
20241113;135459;88.78;1140;11418366075;B
20241113;135459;88.8;150;11418366076;B
20241113;135459;88.8;300;11418366077;B
20241113;135459;88.8;300;11418366078;B
20241113;135459;88.8;120;11418366079;B
20241113;135459;88.8;150;11418366080;B
20241113;135459;88.84;240;11418366081;B
20241113;135529;88.76;150;11418368448;B
20241113;135529;88.82;150;11418368449;B
20241113;135529;88.84;60;11418368450;B
20241113;135529;88.84;140;11418368451;S
20241113;135549;88.86;150;11418370234;B
20241113;135549;88.88;10;11418370235;B
20241113;135549;88.88;150;11418370236;B
20241113;135549;88.9;300;11418370237;B
20241113;135549;88.9;300;11418370238;B
20241113;135549;88.9;300;11418370239;B
20241113;135549;88.94;10;11418370240;B
20241113;135549;88.94;280;11418370241;B
20241113;135603;88.86;100;11418371535;B
20241113;135603;88.92;300;11418371536;B
20241113;135603;88.94;100;11418371537;B
20241113;135624;88.94;10;11418372883;B
20241113;135630;88.94;30;11418373389;S
20241113;135638;88.96;10;11418373944;B
20241113;135700;88.98;10;11418375635;B
20241113;135833;88.96;30;11418382091;S
20241113;135933;88.98;10;11418387517;B
20241113;135941;88.98;10;11418388044;B
20241113;135941;88.98;250;11418388164;B
20241113;135941;88.98;240;11418388165;B
20241113;135944;88.94;10;11418388315;S
20241113;135953;88.94;10;11418388811;S
20241113;140033;88.98;20;11418391607;B
20241113;140058;88.94;440;11418393485;S
20241113;140058;88.94;110;11418393486;S
20241113;140058;88.92;110;11418393487;S
20241113;140349;88.82;10;11418405650;S
20241113;140625;88.84;220;11418422065;S
20241113;140706;88.84;40;11418424977;S
20241113;140754;88.9;40;11418427961;B
20241113;140812;88.84;120;11418429105;S
20241113;140921;88.84;10;11418439533;S
20241113;141201;88.82;100;11418453430;S
20241113;141201;88.8;30;11418453431;S
20241113;141201;88.8;100;11418453432;S
20241113;141201;88.8;20;11418453433;S
20241113;141216;88.78;20;11418454913;S
20241113;141235;88.72;600;11418456396;S
20241113;141256;88.62;150;11418457906;S
20241113;141326;88.62;730;11418460829;S
20241113;141326;88.62;10;11418460830;S
20241113;141426;88.62;250;11418471362;B
20241113;141628;88.62;10;11418487784;B
20241113;141814;88.6;20;11418505271;S
20241113;141825;88.62;10;11418506447;B
20241113;141911;88.56;10;11418510428;S
20241113;141911;88.56;10;11418510429;S
20241113;141911;88.56;400;11418510430;S
20241113;141911;88.56;30;11418510431;S
20241113;141925;88.6;30;11418511344;B
20241113;141925;88.62;350;11418511345;B
20241113;141927;88.62;500;11418511397;B
20241113;141931;88.62;30;11418511654;B
20241113;142044;88.62;10;11418518386;S
20241113;142105;88.6;10;11418521680;S
20241113;142106;88.76;10;11418521832;B
20241113;142120;88.62;50;11418524146;S
20241113;142120;88.62;10;11418524147;S
20241113;142134;88.68;100;11418526793;S
20241113;142257;88.88;10;11418537004;B
20241113;142351;88.74;10;11418548087;S
20241113;142351;88.74;290;11418548088;S
20241113;142351;88.74;210;11418548089;S
20241113;142441;88.74;40;11418553414;S
20241113;142441;88.74;160;11418553415;S
20241113;142534;88.86;100;11418557687;B
20241113;142534;88.88;400;11418557688;B
20241113;142749;88.82;500;11418573138;S
20241113;142814;88.82;10;11418577089;B
20241113;142817;88.88;100;11418577381;B
20241113;142821;88.9;10;11418577759;B
20241113;142826;88.8;1000;11418578054;S
20241113;143032;88.9;290;11418588667;B
20241113;143032;88.9;300;11418588668;B
20241113;143032;88.94;10;11418588669;B
20241113;143032;88.94;180;11418588670;B
20241113;143032;88.96;20;11418588671;B
20241113;143032;88.96;300;11418588672;B
20241113;143032;88.98;500;11418588673;B
20241113;143032;88.98;10;11418588674;B
20241113;143032;88.98;100;11418588675;B
20241113;143032;88.98;200;11418588676;B
20241113;143032;89;10;11418588677;B
20241113;143032;89;210;11418588678;B
20241113;143032;89;10;11418588679;B
20241113;143032;89;100;11418588680;B
20241113;143032;89;500;11418588681;B
20241113;143032;89;1000;11418588682;B
20241113;143032;89;180;11418588683;B
20241113;143032;89;400;11418588684;B
20241113;143032;89.02;420;11418588685;B
20241113;143032;89.02;420;11418588686;B
20241113;143032;89.02;300;11418588687;B
20241113;143032;89.06;300;11418588688;B
20241113;143032;89.06;150;11418588689;B
20241113;143032;89.06;300;11418588690;B
20241113;143032;89.08;2050;11418588691;B
20241113;143032;89.1;240;11418588692;B
20241113;143032;89.12;300;11418588693;B
20241113;143032;89.12;30;11418588694;B
20241113;143032;89.12;300;11418588695;B
20241113;143032;89.14;300;11418588696;B
20241113;143032;89.2;90;11418588697;B
20241113;143032;89.2;10;11418588698;B
20241113;143032;89.2;10;11418588699;B
20241113;143032;89.2;300;11418588700;B
20241113;143032;89.2;300;11418588701;B
20241113;143032;89.24;500;11418588702;B
20241113;143032;89.26;30;11418588703;B
20241113;143032;89.26;300;11418588704;B
20241113;143032;89.28;10;11418588705;B
20241113;143032;89.32;1140;11418588706;B
20241113;143032;89.34;300;11418588707;B
20241113;143032;89.36;90;11418588708;B
20241113;143032;89.42;210;11418588709;B
20241113;143032;89.42;160;11418588710;B
20241113;143032;89;10;11418588711;S
20241113;143033;89.08;10;11418588837;S
20241113;143033;89.04;80;11418588866;S
20241113;143045;89.28;100;11418589986;B
20241113;143129;89.28;120;11418593503;B
20241113;143129;89.28;50;11418593504;B
20241113;143211;89.26;150;11418597034;B
20241113;143235;89.26;10;11418598737;S
20241113;143239;89.26;10;11418599006;S
20241113;143241;89.28;150;11418599042;B
20241113;143241;89.28;20;11418599043;B
20241113;143339;89.26;170;11418603055;S
20241113;143413;89.28;10;11418605595;B
20241113;143451;89.28;10;11418608513;B
20241113;143451;89.32;10;11418608514;B
20241113;143451;89.34;10;11418608515;B
20241113;143451;89.36;40;11418608516;B
20241113;143636;89.36;10;11418618853;B
20241113;143651;89.36;20;11418622858;B
20241113;143704;89.36;180;11418624027;B
20241113;143704;89.44;210;11418624028;B
20241113;143726;89.42;10;11418625473;B
20241113;143726;89.44;150;11418625474;B
20241113;143748;89.44;10;11418628387;S
20241113;143756;89.46;300;11418630597;B
20241113;143756;89.46;150;11418630598;B
20241113;143817;89.48;10;11418632526;S
20241113;143817;89.46;120;11418632527;S
20241113;143817;89.44;90;11418632528;S
20241113;143836;89.52;40;11418633572;B
20241113;143836;89.54;150;11418633573;B
20241113;143836;89.54;40;11418633574;B
20241113;143836;89.56;870;11418633575;B
20241113;143910;89.44;50;11418636744;S
20241113;143949;89.56;40;11418640342;B
20241113;143958;89.56;10;11418641208;B
20241113;144040;89.44;60;11418644002;S
20241113;144046;89.56;10;11418644397;B
20241113;144105;89.56;130;11418645676;B
20241113;144105;89.56;300;11418645677;B
20241113;144105;89.58;10;11418645718;B
20241113;144112;89.56;300;11418646475;S
20241113;144112;89.56;270;11418646476;S
20241113;144133;89.58;130;11418648072;B
20241113;144133;89.58;90;11418648073;B
20241113;144149;89.56;150;11418649005;B
20241113;144151;89.56;10;11418649096;S
20241113;144205;89.56;230;11418650181;S
20241113;144205;89.58;410;11418650225;B
20241113;144210;89.6;10;11418650554;B
20241113;144235;89.56;100;11418652010;S
20241113;144306;89.6;10;11418654287;B
20241113;144349;89.6;20;11418656901;B
20241113;144436;89.48;10;11418661013;S
20241113;144528;89.38;1140;11418665134;S
20241113;144528;89.38;180;11418665135;S
20241113;144528;89.38;10;11418665136;S
20241113;144626;89.36;10;11418668337;S
20241113;144652;89.36;10;11418669840;S
20241113;144653;89.34;100;11418669862;S
20241113;144653;89.28;130;11418669863;S
20241113;144653;89.28;170;11418669864;S
20241113;144703;89.24;130;11418670481;S
20241113;144704;89.28;10;11418670516;B
20241113;144732;89.24;50;11418672178;S
20241113;144735;89.24;30;11418672314;S
20241113;144737;89.24;10;11418672441;S
20241113;144840;89.26;10;11418677474;B
20241113;145023;89.22;50;11418684840;B
20241113;145026;89.22;210;11418685116;S
20241113;145035;89.24;140;11418685645;B
20241113;145035;89.24;50;11418685646;B
20241113;145055;89.28;620;11418686840;B
20241113;145055;89.28;100;11418686843;B
20241113;145107;89.22;50;11418687502;S
20241113;145132;89.28;10;11418688993;B
20241113;145300;89.28;20;11418694513;B
20241113;145334;89.28;850;11418696675;B
20241113;145334;89.28;430;11418696676;B
20241113;145436;89.4;10;11418735389;B
20241113;145436;89.4;10;11418735390;B
20241113;145436;89.4;30;11418735391;B
20241113;145454;89.4;10;11418751910;B
20241113;145538;89.4;160;11418791890;B
20241113;145538;89.48;180;11418791891;B
20241113;145538;89.5;180;11418791892;B
20241113;145538;89.54;710;11418791893;B
20241113;145538;89.56;300;11418791894;B
20241113;145538;89.58;300;11418791895;B
20241113;145538;89.6;50;11418791896;B
20241113;145538;89.6;60;11418791897;B
20241113;145538;89.6;110;11418791898;B
20241113;145538;89.6;250;11418791899;B
20241113;145538;89.6;20;11418791900;B
20241113;145538;89.6;300;11418791901;B
20241113;145538;89.62;110;11418791902;B
20241113;145538;89.62;2050;11418791903;B
20241113;145538;89.64;300;11418791904;B
20241113;145538;89.64;300;11418791905;B
20241113;145538;89.66;300;11418791906;B
20241113;145538;89.68;10;11418791907;B
20241113;145538;89.7;110;11418791908;B
20241113;145538;89.7;50;11418791909;B
20241113;145538;89.7;330;11418791910;B
20241113;145539;89.7;170;11418792228;B
20241113;145539;89.7;20;11418792229;B
20241113;145602;89.66;30;11418812443;S
20241113;145602;89.6;60;11418812444;S
20241113;145602;89.58;1210;11418812445;S
20241113;145636;89.58;840;11418839404;S
20241113;145636;89.5;80;11418839405;S
20241113;145636;89.4;70;11418839406;S
20241113;145636;89.4;140;11418839411;S
20241113;145758;89.4;100;11418844058;S
20241113;145913;89.38;300;11418850700;S
20241113;145913;89.36;300;11418850701;S
20241113;145913;89.36;180;11418850702;S
20241113;145913;89.34;100;11418850703;S
20241113;145913;89.32;100;11418850704;S
20241113;145913;89.3;3750;11418850705;S
20241113;145913;89.28;300;11418850706;S
20241113;145913;89.28;10;11418850707;S
20241113;145913;89.28;300;11418850708;S
20241113;145913;89.26;400;11418850709;S
20241113;145913;89.24;2050;11418850710;S
20241113;145913;89.22;190;11418850711;S
20241113;145913;89.22;300;11418850712;S
20241113;145913;89.2;380;11418850713;S
20241113;145913;89.18;300;11418850714;S
20241113;145913;89.18;300;11418850715;S
20241113;145913;89.18;500;11418850716;S
20241113;145913;89.16;240;11418850717;S
20241113;145913;89.12;290;11418850718;S
20241113;145913;89.12;300;11418850719;S
20241113;145913;89.1;10;11418850720;S
20241113;145913;89.1;10;11418850721;S
20241113;145913;89.1;20;11418850722;S
20241113;145913;89.1;20;11418850723;S
20241113;145913;89.1;110;11418850724;S
20241113;145913;89.08;230;11418850725;S
20241113;145913;89.08;220;11418850726;S
20241113;145913;89.06;240;11418850727;S
20241113;145913;89.04;1530;11418850728;S
20241113;145913;89.26;80;11418850731;B
20241113;145913;89.28;1280;11418850732;B
20241113;145949;89.24;240;11418854594;B
20241113;145949;89.24;30;11418854595;B
20241113;145949;89.26;100;11418854596;B
20241113;150024;89.26;20;11418858839;B
20241113;150024;89.28;770;11418858840;B
20241113;150024;89.28;20;11418858841;B
20241113;150024;89.3;180;11418858842;B
20241113;150024;89.36;310;11418858843;B
20241113;150024;89.38;300;11418858844;B
20241113;150024;89.4;300;11418858845;B
20241113;150024;89.4;400;11418858846;B
20241113;150024;89.42;300;11418858847;B
20241113;150024;89.44;2050;11418858848;B
20241113;150024;89.5;170;11418858849;B
20241113;150024;89.52;300;11418858850;B
20241113;150024;89.52;300;11418858851;B
20241113;150024;89.56;300;11418858852;B
20241113;150024;89.6;150;11418858853;B
20241113;150024;89.62;300;11418858854;B
20241113;150024;89.64;300;11418858855;B
20241113;150024;89.68;10;11418858856;B
20241113;150024;89.68;1140;11418858857;B
20241113;150024;89.7;70;11418858858;B
20241113;150025;89.5;10;11418858874;S
20241113;150125;89.44;20;11418862526;S
20241113;150249;89.58;10;11418868219;B
20241113;150249;89.6;90;11418868220;B
20241113;150323;89.56;20;11418870713;B
20241113;150323;89.58;540;11418870714;B
20241113;150326;89.58;300;11418870951;B
20241113;150334;89.58;10;11418871372;B
20241113;150336;89.44;10;11418871532;S
20241113;150336;89.42;40;11418871533;S
20241113;150338;89.42;1560;11418871688;S
20241113;150338;89.42;20;11418871689;S
20241113;150338;89.4;30;11418871690;S
20241113;150428;89.4;10;11418877062;S
20241113;150512;89.4;40;11418880999;S
20241113;150627;89.4;300;11418887204;S
20241113;150638;89.4;690;11418887969;S
20241113;150646;89.4;10;11418888729;S
20241113;150650;89.46;20;11418888965;B
20241113;150716;89.4;970;11418891710;S
20241113;150716;89.4;90;11418891711;S
20241113;150716;89.4;10;11418891712;S
20241113;150716;89.36;130;11418891713;S
20241113;150716;89.34;130;11418891714;S
20241113;150716;89.3;180;11418891715;S
20241113;150716;89.28;10;11418891716;S
20241113;150716;89.22;300;11418891717;S
20241113;150716;89.22;180;11418891718;S
20241113;150746;89.14;10;11418893628;S
20241113;150940;89.34;10;11418903477;S
20241113;150959;89.36;10;11418904617;B
20241113;150959;89.38;10;11418904618;B
20241113;150959;89.4;10;11418904619;B
20241113;151213;89.24;1140;11418912974;S
20241113;151213;89.22;550;11418912975;S
20241113;151213;89.22;180;11418912976;S
20241113;151213;89.2;130;11418912977;S
20241113;151455;89.14;10;11418924344;S
20241113;151455;89.14;100;11418924345;S
20241113;151455;89.12;300;11418924346;S
20241113;151455;89.12;10;11418924347;S
20241113;151455;89.1;10;11418924348;S
20241113;151455;89.1;150;11418924349;S
20241113;151455;89.1;300;11418924350;S
20241113;151455;89.1;120;11418924351;S
20241113;151455;89.1;60;11418924356;S
20241113;151455;89.1;70;11418924357;S
20241113;152012;89.04;520;11418947514;S
20241113;152012;89.02;240;11418947515;S
20241113;152012;89.02;180;11418947516;S
20241113;152012;89;300;11418947517;S
20241113;152012;89;70;11418947518;S
20241113;152012;88.98;300;11418947519;S
20241113;152012;88.94;10;11418947520;S
20241113;152012;88.94;400;11418947521;S
20241113;152012;88.92;50;11418947522;S
20241113;152012;88.92;190;11418947523;S
20241113;152236;89.08;20;11418957026;B
20241113;152236;89.1;20;11418957027;B
20241113;152300;88.96;10;11418958445;S
20241113;152705;89;20;11418985872;S
20241113;152908;89.16;10;11418995323;B
20241113;152950;89.16;10;11418998098;B
20241113;153213;89.16;20;11419040441;B
20241113;153215;89.16;20;11419042504;B
20241113;153404;89.16;70;11419120406;B
20241113;153414;89;50;11419127639;S
20241113;153414;88.96;50;11419127640;S
20241113;153636;88.98;110;11419163754;S
20241113;153636;88.96;10;11419163755;S
20241113;153636;88.92;10;11419163756;S
20241113;153636;88.92;90;11419163757;S
20241113;153636;88.9;80;11419163758;S
20241113;153705;89;10;11419165816;B
20241113;153934;89;10;11419175048;S
20241113;154151;89.14;20;11419183717;B
20241113;154158;89;10;11419184011;S
20241113;154457;89;20;11419206211;S
20241113;154459;88.9;10;11419206448;S
20241113;154459;88.88;10;11419206449;S
20241113;154652;88.88;10;11419217520;S
20241113;154652;88.88;130;11419217521;S
20241113;154652;88.88;20;11419217522;S
20241113;154652;88.88;40;11419217523;S
20241113;154703;88.86;90;11419218426;S
20241113;154703;88.86;20;11419218427;S
20241113;154746;88.88;30;11419221937;S
20241113;154841;88.92;50;11419226006;S
20241113;154841;88.92;180;11419226007;S
20241113;154841;88.9;300;11419226008;S
20241113;154841;88.88;1570;11419226009;S
20241113;154841;88.88;50;11419226010;S
20241113;154841;88.86;1200;11419226049;S
20241113;154841;88.8;160;11419226050;S
20241113;154841;88.78;280;11419226051;S
20241113;154841;88.78;20;11419226081;S
20241113;154841;88.74;90;11419226082;S
20241113;154930;88.82;100;11419229738;S
20241113;154930;88.76;70;11419229739;S
20241113;154930;88.74;10;11419229740;S
20241113;154930;88.74;70;11419229741;S
20241113;154931;88.74;30;11419229793;B
20241113;155031;88.72;10;11419234764;S
20241113;155031;88.7;100;11419234765;S
20241113;155031;88.7;200;11419234766;S
20241113;155148;88.7;500;11419239954;B
20241113;155148;88.68;30;11419239955;S
20241113;155148;88.68;10;11419239956;S
20241113;155148;88.68;360;11419239957;S
20241113;155200;88.68;40;11419240746;S
20241113;155220;88.68;1960;11419241805;B
20241113;155220;88.7;1500;11419241806;B
20241113;155220;88.7;1890;11419241807;B
20241113;155220;88.7;110;11419241808;B
20241113;155220;88.7;60;11419241809;B
20241113;155228;88.68;20;11419242216;B
20241113;155320;88.66;10;11419245527;S
20241113;155334;88.68;1000;11419246386;B
20241113;155406;88.68;250;11419248463;B
20241113;155407;88.68;250;11419248482;B
20241113;155407;88.68;250;11419248494;B
20241113;155407;88.68;230;11419248495;B
20241113;155408;88.68;250;11419248537;B
20241113;155408;88.68;250;11419248555;B
20241113;155702;88.62;30;11419259417;S
20241113;155704;88.68;30;11419259526;B
20241113;155706;88.68;10;11419259591;B
20241113;155730;88.68;330;11419260981;B
20241113;155751;88.62;10;11419262270;S
20241113;155751;88.6;10;11419262271;S
20241113;155751;88.6;10;11419262272;S
20241113;155751;88.6;10;11419262273;S
20241113;155751;88.58;500;11419262274;S
20241113;155751;88.58;10;11419262275;S
20241113;155751;88.56;10;11419262276;S
20241113;155751;88.56;70;11419262277;S
20241113;155751;88.56;30;11419262292;S
20241113;155751;88.54;50;11419262293;S
20241113;155751;88.52;50;11419262294;S
20241113;155751;88.52;170;11419262295;S
20241113;155830;88.52;40;11419264833;S
20241113;155904;88.64;180;11419266898;B
20241113;155904;88.64;10;11419266899;B
20241113;155904;88.66;340;11419266900;B
20241113;155933;88.66;10;11419270027;B
20241113;155959;88.64;10;11419271422;B
20241113;155959;88.68;10;11419271423;B
20241113;155959;88.68;20;11419271425;B
20241113;155959;88.68;20;11419271426;B
20241113;160326;88.72;20;11419298864;B
20241113;160400;88.66;140;11419301908;S
20241113;160400;88.64;410;11419301909;S
20241113;160514;88.66;10;11419307062;S
20241113;160552;88.74;90;11419309217;B
20241113;160738;88.66;10;11419315274;S
20241113;160839;88.72;50;11419319500;B
20241113;160839;88.72;10;11419319501;B
20241113;160839;88.74;360;11419319502;B
20241113;160839;88.74;420;11419319503;B
20241113;160849;88.72;10;11419320725;S
20241113;160850;88.72;410;11419320803;B
20241113;160850;88.74;590;11419320804;B
20241113;160914;88.74;200;11419322534;B
20241113;160915;88.74;200;11419322544;B
20241113;160915;88.74;200;11419322562;B
20241113;160915;88.74;60;11419322563;B
20241113;160918;88.74;200;11419322913;B
20241113;160918;88.74;80;11419322914;B
20241113;160918;88.74;320;11419322915;B
20241113;160918;88.76;250;11419322967;B
20241113;160919;88.78;250;11419323043;B
20241113;160920;88.78;200;11419323172;B
20241113;160921;88.78;200;11419323192;B
20241113;160921;88.78;250;11419323240;B
20241113;160953;88.78;10;11419325924;B
20241113;161048;88.78;390;11419338473;B
20241113;161122;88.86;50;11419342420;B
20241113;161148;88.86;200;11419344302;B
20241113;161238;88.88;2850;11419360974;B
20241113;161238;88.88;290;11419360975;B
20241113;161303;88.94;10;11419379934;B
20241113;161653;89;20;11419499463;B
20241113;161803;89;100;11419503702;B
20241113;161835;89;20;11419505698;B
20241113;161835;89;40;11419505699;B
20241113;161847;89;10;11419506574;B
20241113;161940;89;90;11419512062;B
20241113;161940;89;10;11419512063;B
20241113;162209;89;10;11419542069;B
20241113;162214;88.94;10;11419542305;S
20241113;162317;88.94;10;11419547910;S
20241113;162558;88.94;50;11419559749;S
20241113;162904;89;20;11419576046;B
20241113;162936;89;10;11419578488;B
20241113;162954;89;30;11419580632;B
20241113;163029;89;10;11419583861;B
20241113;163029;89;10;11419583862;B
20241113;163227;88.96;30;11419596604;S
20241113;163315;89;100;11419602096;B
20241113;163328;89;50;11419603164;B
20241113;163328;89;150;11419603165;B
20241113;163423;88.96;200;11419606872;S
20241113;163431;88.96;800;11419607394;S
20241113;163431;88.96;60;11419607395;S
20241113;163431;88.94;40;11419607396;S
20241113;163431;88.94;20;11419607397;S
20241113;163431;88.94;60;11419607398;S
20241113;163431;88.9;10;11419607399;S
20241113;163431;88.9;10;11419607400;S
20241113;163433;88.9;10;11419607665;S
20241113;163435;88.9;30;11419607790;S
20241113;163539;88.98;160;11419614017;B
20241113;163552;88.9;40;11419615476;S
20241113;163602;88.96;10;11419616765;B
20241113;163602;88.98;40;11419616766;B
20241113;163602;88.98;50;11419616767;B
20241113;163602;89;1230;11419616768;B
20241113;163602;89;50;11419616769;B
20241113;163602;89.02;140;11419616770;B
20241113;163602;89.02;140;11419616771;B
20241113;163602;89.02;310;11419616772;B
20241113;163602;89.04;30;11419616773;B
20241113;163612;88.94;80;11419617336;S
20241113;163612;88.92;80;11419617337;S
20241113;163612;88.92;130;11419617338;S
20241113;163633;89.02;30;11419619826;B
20241113;163906;89;1000;11419632716;B
20241113;163914;89;100;11419633195;B
20241113;163930;89;1000;11419634248;B
20241113;164014;89;20;11419637491;B
20241113;164014;89;80;11419637492;B
20241113;164052;89;110;11419641303;B
20241113;164241;89;10;11419650167;B
20241113;164432;88.98;50;11419659950;B
20241113;164432;89;40;11419659951;B
20241113;164517;89;30;11419662928;B
20241113;164610;88.98;10;11419690364;S
20241113;164655;89;40;11419701665;B
20241113;164743;89;10;11419706495;B
20241113;164818;88.94;10;11419711878;S
20241113;164820;89;120;11419712101;B
20241113;165003;88.94;10;11419726627;S
20241113;165003;88.94;250;11419726634;S
20241113;165017;88.94;20;11419727807;S
20241113;165058;88.98;20;11419731345;S
20241113;165535;89;100;11419754439;S
20241113;165535;88.98;1080;11419754440;S
20241113;165535;88.94;510;11419754441;S
20241113;165535;88.94;310;11419754442;S
20241113;165536;89;10;11419754538;B
20241113;165539;88.94;120;11419754737;S
20241113;165626;88.96;20;11419758186;S
20241113;165626;88.94;180;11419758187;S
20241113;165725;88.94;10;11419767179;S
20241113;165843;88.94;310;11419773844;S
20241113;165846;88.96;410;11419773994;S
20241113;165850;88.98;250;11419774354;B
20241113;165850;88.98;50;11419774355;B
20241113;170055;88.94;70;11419785728;S
20241113;170059;88.9;100;11419786031;S
20241113;170131;88.9;1320;11419787999;B
20241113;170131;88.94;680;11419788000;B
20241113;170200;88.94;10;11419790151;B
20241113;170321;88.86;10;11419797010;S
20241113;170322;88.8;20;11419797095;S
20241113;170322;88.78;160;11419797096;S
20241113;170322;88.72;230;11419797097;S
20241113;170425;88.86;10;11419802065;B
20241113;170454;88.86;30;11419804370;B
20241113;170554;88.78;200;11419809331;S
20241113;170558;88.86;10;11419809578;B
20241113;170719;88.86;50;11419817170;B
20241113;170810;88.86;780;11419820478;B
20241113;170810;88.86;210;11419820479;S
20241113;171300;88.88;220;11419841104;S
20241113;171300;88.86;3710;11419841105;S
20241113;171300;88.86;10;11419841106;S
20241113;171300;88.86;4090;11419841107;S
20241113;171300;88.86;220;11419841108;S
20241113;171300;88.86;180;11419841109;S
20241113;171331;88.82;10;11419843117;B
20241113;171414;88.82;10;11419845872;B
20241113;171414;88.84;270;11419845873;B
20241113;171414;88.86;540;11419845874;B
20241113;171608;88.82;10;11419854170;B
20241113;171608;88.82;170;11419854171;B
20241113;171608;88.84;200;11419854172;B
20241113;171608;88.84;180;11419854173;B
20241113;171608;88.86;2890;11419854174;B
20241113;171632;88.86;810;11419857166;B
20241113;171649;88.86;20;11419865552;B
20241113;171906;88.86;10;11419925011;B
20241113;171922;88.78;10;11419926056;S
20241113;172041;88.74;10;11419932361;S
20241113;172102;88.84;10;11419934805;B
20241113;172432;88.82;10;11419947882;B
20241113;172508;88.74;100;11419949886;S
20241113;172508;88.74;180;11419949887;S
20241113;172552;88.76;120;11419952863;B
20241113;172616;88.78;200;11419954379;B
20241113;172747;88.74;200;11419960500;S
20241113;172747;88.72;300;11419960501;S
20241113;172747;88.7;20;11419960502;S
20241113;172839;88.78;50;11419963622;B
20241113;172926;88.78;100;11419966412;B
20241113;173104;88.78;10;11419972815;B
20241113;173202;88.78;660;11419976644;B
20241113;173210;88.78;20;11419977042;B
20241113;173303;88.78;200;11419980670;B
20241113;173335;88.78;500;11419982376;B
20241113;173639;88.78;250;11419996306;B
20241113;173640;88.78;250;11419996322;B
20241113;173640;88.78;250;11419996351;B
20241113;173654;88.76;180;11419997893;B
20241113;173654;88.78;70;11419997894;B
20241113;173654;88.78;250;11419997908;B
20241113;173654;88.78;250;11419997918;B
20241113;173655;88.78;500;11419997966;B
20241113;173656;88.78;500;11419997975;B
20241113;173659;88.78;250;11419998295;B
20241113;173659;88.78;250;11419998306;B
20241113;173659;88.78;250;11419998314;B
20241113;173700;88.78;250;11419998450;B
20241113;173702;88.78;20;11419998690;B
20241113;173731;88.78;10;11420001690;B
20241113;173919;88.72;10;11420013681;S
20241113;173959;88.74;1520;11420016284;S
20241113;173959;88.74;610;11420016285;S
20241113;173959;88.72;50;11420016286;S
20241113;173959;88.72;10;11420016287;S
20241113;173959;88.72;10;11420016288;S
20241113;173959;88.72;300;11420016289;S
20241113;173959;88.72;10;11420016290;S
20241113;173959;88.72;550;11420016291;S
20241113;174019;88.72;500;11420017707;B
20241113;174037;88.76;10;11420018944;S
20241113;174037;88.74;10;11420018945;S
20241113;174037;88.72;1880;11420018946;S
20241113;174330;88.76;10;11420031705;S
20241113;174330;88.76;10;11420031706;S
20241113;174418;88.78;10;11420034737;B
20241113;174423;88.78;1000;11420034983;B
20241113;174447;88.78;200;11420036711;B
20241113;174504;88.78;150;11420039545;B
20241113;174522;88.76;10;11420051437;S
20241113;174739;88.78;10;11420073817;B
20241113;174739;88.78;10;11420073826;B
20241113;174739;88.78;10;11420073828;B
20241113;174739;88.78;10;11420073847;B
20241113;174739;88.78;10;11420073851;B
20241113;174740;88.78;10;11420073873;B
20241113;174740;88.78;10;11420073878;B
20241113;174740;88.78;10;11420073889;B
20241113;174740;88.78;10;11420073895;B
20241113;174740;88.78;10;11420073904;B
20241113;174741;88.78;10;11420073909;B
20241113;174741;88.78;10;11420073917;B
20241113;174741;88.78;10;11420073931;B
20241113;174741;88.78;10;11420073940;B
20241113;174741;88.78;10;11420073946;B
20241113;174742;88.78;10;11420073952;B
20241113;174742;88.78;10;11420073966;B
20241113;174742;88.78;10;11420073989;B
20241113;174742;88.78;10;11420074030;B
20241113;174742;88.78;10;11420074035;B
20241113;174743;88.78;10;11420074047;B
20241113;174743;88.78;10;11420074066;B
20241113;174743;88.78;10;11420074069;B
20241113;174743;88.78;10;11420074094;B
20241113;174743;88.78;10;11420074101;B
20241113;174744;88.78;10;11420074111;B
20241113;174744;88.78;10;11420074121;B
20241113;174744;88.78;10;11420074131;B
20241113;174744;88.78;10;11420074160;B
20241113;174744;88.78;10;11420074185;B
20241113;174745;88.78;10;11420074190;B
20241113;174745;88.78;10;11420074210;B
20241113;174745;88.78;10;11420074247;B
20241113;174746;88.78;10;11420074264;B
20241113;174746;88.78;10;11420074278;B
20241113;175037;88.78;20;11420084902;B
20241113;175129;88.76;10;11420088646;S
20241113;175129;88.74;10;11420088647;S
20241113;175129;88.74;120;11420088648;S
20241113;175129;88.72;180;11420088649;S
20241113;175154;88.78;20;11420090091;B
20241113;175219;88.78;2390;11420091563;B
20241113;175232;88.78;10;11420092353;B
20241113;175232;88.78;10;11420092359;B
20241113;175232;88.78;10;11420092366;B
20241113;175232;88.78;10;11420092383;B
20241113;175233;88.78;10;11420092443;B
20241113;175233;88.78;10;11420092450;B
20241113;175234;88.78;10;11420092467;B
20241113;175234;88.78;10;11420092476;B
20241113;175234;88.78;10;11420092485;B
20241113;175234;88.78;10;11420092491;B
20241113;175234;88.78;10;11420092528;B
20241113;175234;88.78;10;11420092533;B
20241113;175235;88.78;10;11420092578;B
20241113;175235;88.78;10;11420092580;B
20241113;175235;88.78;10;11420092583;B
20241113;175237;88.78;10;11420092745;B
20241113;175237;88.78;10;11420092762;B
20241113;175237;88.78;10;11420092780;B
20241113;175247;88.76;10;11420093469;S
20241113;175453;88.78;20;11420102941;B
20241113;175502;88.76;10;11420103420;S
20241113;175502;88.76;10;11420103421;S
20241113;175502;88.76;40;11420103422;S
20241113;175510;88.78;500;11420104181;B
20241113;175519;88.78;200;11420104721;B
20241113;175519;88.78;10;11420104766;B
20241113;175519;88.78;10;11420104785;B
20241113;175519;88.78;10;11420104802;B
20241113;175520;88.78;10;11420104812;B
20241113;175520;88.78;10;11420104818;B
20241113;175520;88.78;10;11420104823;B
20241113;175520;88.78;10;11420104829;B
20241113;175520;88.78;10;11420104842;B
20241113;175521;88.78;10;11420104907;B
20241113;175521;88.78;10;11420104928;B
20241113;175521;88.78;10;11420104931;B
20241113;175521;88.78;10;11420104939;B
20241113;175525;88.76;20;11420105326;S
20241113;175526;88.78;10;11420105358;B
20241113;175526;88.78;10;11420105370;B
20241113;175526;88.78;10;11420105381;B
20241113;175527;88.78;10;11420105418;B
20241113;175528;88.78;10;11420105484;B
20241113;175624;88.76;140;11420109208;S
20241113;175624;88.74;10;11420109209;S
20241113;175624;88.74;10;11420109210;S
20241113;175624;88.74;80;11420109211;S
20241113;175624;88.72;10;11420109212;S
