<DATE>;<TIME>;<LAST>;<VOL>;<ID>;<OPER>
20241014;095943;4150;7;11291470926;S
20241014;095943;4150;1;11291470927;B
20241014;095943;4150;3;11291470928;S
20241014;095943;4150;2;11291470929;S
20241014;095943;4150;2;11291470930;S
20241014;095943;4150;10;11291470931;S
20241014;095943;4150;5;11291470932;S
20241014;095943;4150;4;11291470933;S
20241014;095943;4150;20;11291470934;S
20241014;095943;4150;10;11291470935;S
20241014;095943;4150;2;11291470936;B
20241014;095943;4150;1;11291470937;B
20241014;095943;4150;2;11291470938;B
20241014;095943;4150;1;11291470939;S
20241014;095943;4150;239;11291470940;S
20241014;095943;4150;2;11291470941;S
20241014;095943;4150;100;11291470942;S
20241014;095943;4150;1;11291470943;S
20241014;095943;4150;45;11291470944;B
20241014;095943;4150;1;11291470945;S
20241014;095943;4150;30;11291470946;S
20241014;095943;4150;44;11291470947;S
20241014;100000;4150;20;11291478819;S
20241014;100001;4151;1;11291479844;B
20241014;100003;4150;9;11291481004;S
20241014;100005;4150;2;11291483396;S
20241014;100005;4152;1;11291486207;B
20241014;100005;4150;1;11291486215;S
20241014;100006;4150;1;11291487275;S
20241014;100006;4153;1;11291487354;B
20241014;100006;4150;1;11291488057;S
20241014;100006;4153;1;11291488060;B
20241014;100006;4150;1;11291488487;S
20241014;100007;4150;26;11291491252;S
20241014;100007;4150;2;11291491400;S
20241014;100007;4150;1;11291491406;S
20241014;100007;4153;1;11291491412;B
20241014;100007;4153;1;11291491417;B
20241014;100007;4150;20;11291491438;S
20241014;100007;4150;2;11291491877;S
20241014;100008;4150;1;11291495974;S
20241014;100008;4150;1;11291496603;S
20241014;100009;4150;1;11291498098;S
20241014;100009;4150;1;11291498139;S
20241014;100010;4150;100;11291501676;S
20241014;100010;4150;2;11291501836;S
20241014;100010;4150;50;11291502291;S
20241014;100010;4150;1;11291503806;S
20241014;100011;4152;1;11291505867;B
20241014;100012;4150;1;11291508126;S
20241014;100012;4150;1;11291508128;S
20241014;100012;4150;1;11291508130;S
20241014;100012;4150;4;11291509213;S
20241014;100012;4150;1;11291509216;S
20241014;100013;4150;1;11291510797;S
20241014;100015;4150;2;11291514751;S
20241014;100015;4150;1;11291514754;S
20241014;100022;4151;2;11291517620;B
20241014;100025;4150;2;11291518359;S
20241014;100027;4150;31;11291519260;S
20241014;100027;4150;10;11291519261;S
20241014;100027;4148;6;11291519262;S
20241014;100027;4147;1;11291519263;S
20241014;100028;4150;5;11291519492;B
20241014;100028;4151;1;11291519493;B
20241014;100028;4151;3;11291519494;B
20241014;100036;4150;4;11291523050;B
20241014;100036;4151;5;11291523051;B
20241014;100041;4151;1;11291524754;B
20241014;100044;4150;4;11291525947;B
20241014;100044;4151;8;11291525948;B
20241014;100044;4151;4;11291525949;B
20241014;100044;4151;4;11291525950;B
20241014;100044;4151;1;11291525951;B
20241014;100044;4152;37;11291525952;B
20241014;100044;4154;6;11291525953;B
20241014;100044;4154;10;11291525954;B
20241014;100044;4155;49;11291525955;B
20241014;100044;4155;16;11291525956;B
20241014;100044;4156;40;11291525957;B
20241014;100044;4156;10;11291525958;B
20241014;100044;4159;22;11291525959;B
20241014;100044;4159;5;11291525960;B
20241014;100044;4162;40;11291525961;B
20241014;100044;4165;5;11291525962;B
20241014;100044;4166;50;11291525963;B
20241014;100044;4167;22;11291525964;B
20241014;100044;4167;10;11291525965;B
20241014;100044;4167;1;11291525966;B
20241014;100044;4170;10;11291525967;B
20241014;100044;4170;20;11291525968;B
20241014;100044;4170;25;11291525969;B
20241014;100044;4170;2;11291525970;B
20241014;100044;4170;10;11291525971;B
20241014;100044;4171;100;11291525972;B
20241014;100044;4174;1;11291525973;B
20241014;100044;4175;22;11291525974;B
20241014;100044;4175;40;11291525975;B
20241014;100044;4175;5;11291525976;B
20241014;100044;4175;1;11291525977;B
20241014;100044;4175;5;11291525978;B
20241014;100044;4175;1;11291525979;B
20241014;100044;4177;145;11291525980;B
20241014;100044;4177;1;11291525981;B
20241014;100044;4180;20;11291525982;B
20241014;100044;4181;12;11291525983;B
20241014;100044;4182;58;11291525984;B
20241014;100044;4183;22;11291525985;B
20241014;100044;4183;40;11291525986;B
20241014;100044;4184;40;11291525987;B
20241014;100044;4184;1;11291525988;B
20241014;100044;4184;50;11291525989;B
20241014;100044;4185;1;11291525990;B
20241014;100044;4185;475;11291525991;B
20241014;100044;4185;1;11291525992;B
20241014;100044;4185;20;11291525993;B
20241014;100044;4187;1;11291525994;B
20241014;100044;4188;100;11291525995;B
20241014;100044;4188;14;11291525996;B
20241014;100044;4188;2;11291525997;B
20241014;100044;4189;1;11291525998;B
20241014;100044;4189;1;11291525999;B
20241014;100044;4189;3;11291526000;B
20241014;100044;4189;100;11291526001;B
20241014;100044;4189;1;11291526002;B
20241014;100044;4189;5;11291526003;B
20241014;100044;4189;23;11291526004;B
20241014;100045;4150;13;11291526357;S
20241014;100045;4149;7;11291526358;S
20241014;100046;4154;5;11291526611;B
20241014;100046;4154;2;11291526612;B
20241014;100046;4155;13;11291526613;B
20241014;100046;4155;2;11291526644;B
20241014;100046;4155;2;11291526744;B
20241014;100046;4155;17;11291526745;B
20241014;100046;4155;2;11291526786;B
20241014;100046;4155;2;11291526841;B
20241014;100046;4155;2;11291526881;B
20241014;100046;4155;20;11291526884;B
20241014;100046;4155;39;11291526887;B
20241014;100048;4158;10;11291527247;S
20241014;100059;4160;6;11291530601;B
20241014;100102;4161;1;11291531737;B
20241014;100114;4158;1;11291534987;B
20241014;100115;4159;1;11291535248;B
20241014;100124;4153;1;11291538060;S
20241014;100125;4150;10;11291538116;S
20241014;100125;4150;10;11291538245;S
20241014;100125;4149;1;11291538246;S
20241014;100125;4148;6;11291538247;S
20241014;100125;4148;1;11291538248;S
20241014;100126;4148;4;11291538413;B
20241014;100126;4147;4;11291538596;S
20241014;100126;4147;1;11291538597;S
20241014;100126;4147;1;11291538598;S
20241014;100126;4147;3;11291538599;S
20241014;100126;4147;2;11291538600;S
20241014;100126;4147;1;11291538601;S
20241014;100126;4146;4;11291538602;S
20241014;100131;4155;13;11291539807;B
20241014;100131;4156;4;11291539808;B
20241014;100131;4156;24;11291539809;B
20241014;100133;4158;8;11291540240;B
20241014;100133;4159;1;11291540241;B
20241014;100142;4157;15;11291542508;B
20241014;100142;4157;5;11291542564;B
20241014;100142;4158;1;11291542565;B
20241014;100142;4159;4;11291542566;B
20241014;100142;4159;1;11291542567;B
20241014;100142;4159;2;11291542568;B
20241014;100142;4159;4;11291542569;B
20241014;100144;4158;1;11291542905;B
20241014;100144;4159;46;11291542906;B
20241014;100145;4159;7;11291543051;S
20241014;100146;4160;5;11291543493;B
20241014;100146;4161;15;11291543494;B
20241014;100147;4159;5;11291543878;S
20241014;100152;4161;11;11291545317;B
20241014;100157;4161;20;11291546942;B
20241014;100157;4161;3;11291546943;B
20241014;100157;4161;2;11291546944;B
20241014;100200;4159;5;11291547818;S
20241014;100200;4161;100;11291547853;B
20241014;100203;4161;1;11291548637;B
20241014;100211;4159;10;11291551262;S
20241014;100215;4161;25;11291552518;B
20241014;100217;4161;2;11291552945;B
20241014;100218;4159;1;11291553207;S
20241014;100227;4161;1;11291556105;B
20241014;100228;4159;1;11291556286;S
20241014;100236;4159;20;11291558708;S
20241014;100239;4160;1;11291559381;B
20241014;100244;4159;3;11291560537;S
20241014;100244;4159;2;11291560538;S
20241014;100244;4159;2;11291560539;S
20241014;100244;4159;2;11291560540;S
20241014;100244;4160;3;11291560639;B
20241014;100245;4156;1;11291560704;S
20241014;100245;4160;50;11291560706;B
20241014;100246;4160;1;11291561113;B
20241014;100256;4156;8;11291562946;S
20241014;100258;4156;1;11291563478;B
20241014;100302;4159;1;11291564221;B
20241014;100311;4152;1;11291566463;S
20241014;100313;4158;1;11291566872;B
20241014;100313;4159;9;11291566873;B
20241014;100327;4153;2;11291570630;S
20241014;100327;4152;1;11291570631;S
20241014;100328;4158;1;11291570890;B
20241014;100328;4158;1;11291570891;B
20241014;100348;4158;250;11291576120;S
20241014;100351;4158;2;11291576932;S
20241014;100354;4158;10;11291578382;S
20241014;100403;4159;1;11291580650;B
20241014;100409;4159;1;11291582059;B
20241014;100411;4159;1;11291582419;B
20241014;100412;4159;2;11291582600;B
20241014;100412;4159;15;11291582601;B
20241014;100412;4159;6;11291582602;B
20241014;100412;4160;101;11291582603;B
20241014;100415;4159;1;11291583425;B
20241014;100420;4158;3;11291584374;S
20241014;100421;4160;9;11291584506;B
20241014;100425;4158;20;11291585315;S
20241014;100425;4158;1;11291585316;S
20241014;100427;4160;30;11291585818;B
20241014;100434;4160;100;11291587388;B
20241014;100436;4160;1;11291587739;B
20241014;100436;4160;34;11291587754;B
20241014;100446;4160;1;11291590239;B
20241014;100451;4160;17;11291591546;B
20241014;100453;4160;1;11291592100;B
20241014;100456;4156;1;11291592782;S
20241014;100508;4155;2;11291595669;S
20241014;100508;4155;1;11291595761;S
20241014;100517;4159;1;11291598089;B
20241014;100517;4159;1;11291598090;B
20241014;100531;4159;4;11291601280;B
20241014;100536;4155;1;11291602439;S
20241014;100539;4155;1;11291603064;S
20241014;100539;4155;2;11291603065;S
20241014;100539;4155;1;11291603066;S
20241014;100539;4155;5;11291603067;S
20241014;100539;4154;5;11291603068;S
20241014;100539;4154;9;11291603069;S
20241014;100552;4156;2;11291605785;B
20241014;100552;4157;5;11291605786;B
20241014;100552;4157;1;11291605787;B
20241014;100552;4158;9;11291605788;B
20241014;100552;4159;15;11291605789;B
20241014;100552;4159;68;11291605790;B
20241014;100618;4155;5;11291612216;S
20241014;100618;4155;2;11291612217;S
20241014;100618;4155;2;11291612218;S
20241014;100632;4156;7;11291616479;S
20241014;100632;4155;8;11291616480;S
20241014;100639;4158;10;11291618512;B
20241014;100639;4159;30;11291618513;B
20241014;100642;4156;1;11291619245;S
20241014;100658;4155;6;11291623244;S
20241014;100658;4154;6;11291623245;S
20241014;100658;4153;6;11291623246;S
20241014;100658;4153;12;11291623247;S
20241014;100708;4153;1;11291625692;S
20241014;100712;4156;5;11291626478;B
20241014;100715;4156;5;11291627161;S
20241014;100715;4156;10;11291627172;S
20241014;100717;4158;2;11291627504;B
20241014;100718;4158;16;11291627916;B
20241014;100722;4156;2;11291628716;S
20241014;100740;4157;5;11291633158;B
20241014;100740;4158;7;11291633159;B
20241014;100740;4158;1;11291633160;B
20241014;100740;4158;12;11291633161;B
20241014;100740;4158;2;11291633162;B
20241014;100740;4159;45;11291633163;B
20241014;100758;4159;5;11291637097;B
20241014;100802;4157;10;11291638057;S
20241014;100813;4157;4;11291640558;S
20241014;100816;4157;3;11291641165;B
20241014;100817;4156;4;11291641396;S
20241014;100825;4156;1;11291643189;S
20241014;100828;4156;10;11291643991;S
20241014;100829;4156;10;11291644078;S
20241014;100836;4157;5;11291645811;B
20241014;100840;4157;1;11291646590;B
20241014;100842;4157;1;11291647013;B
20241014;100844;4156;5;11291647461;S
20241014;100848;4157;6;11291648326;B
20241014;100848;4158;4;11291648327;B
20241014;100855;4158;6;11291649890;B
20241014;100855;4159;31;11291649891;B
20241014;100855;4156;2;11291649987;S
20241014;100916;4159;70;11291656040;B
20241014;100916;4159;1;11291656041;B
20241014;100927;4159;1;11291659300;B
20241014;100927;4159;4;11291659301;B
20241014;100928;4159;1;11291659722;B
20241014;100934;4158;2;11291661337;S
20241014;100934;4158;25;11291661338;S
20241014;100934;4156;1;11291661347;S
20241014;100946;4157;2;11291665496;B
20241014;100952;4157;3;11291667099;B
20241014;100952;4157;10;11291667100;B
20241014;100952;4158;2;11291667101;B
20241014;100958;4158;1;11291668367;B
20241014;100958;4158;20;11291668368;B
20241014;101001;4158;1;11291669032;B
20241014;101006;4158;1;11291670340;B
20241014;101019;4158;1;11291673509;B
20241014;101030;4157;25;11291676146;B
20241014;101030;4158;476;11291676147;B
20241014;101040;4156;5;11291678903;S
20241014;101040;4156;1;11291678904;S
20241014;101046;4157;5;11291681106;B
20241014;101046;4157;5;11291681107;B
20241014;101046;4157;10;11291681108;B
20241014;101052;4157;5;11291682709;B
20241014;101055;4157;1;11291683357;B
20241014;101057;4157;1;11291683733;B
20241014;101059;4157;1;11291684146;B
20241014;101100;4156;10;11291684491;S
20241014;101100;4156;2;11291684492;S
20241014;101100;4156;5;11291684493;S
20241014;101100;4156;3;11291684494;S
20241014;101102;4157;1;11291684834;B
20241014;101103;4156;1;11291685041;S
20241014;101114;4156;9;11291687369;S
20241014;101114;4156;21;11291687370;S
20241014;101139;4155;10;11291693164;S
20241014;101139;4155;4;11291693165;S
20241014;101139;4155;1;11291693166;S
20241014;101139;4154;2;11291693167;S
20241014;101139;4154;49;11291693168;S
20241014;101143;4154;1;11291694352;S
20241014;101143;4154;1;11291694353;S
20241014;101156;4154;10;11291698524;B
20241014;101158;4155;35;11291699047;B
20241014;101158;4156;11;11291699048;B
20241014;101158;4156;1;11291699049;B
20241014;101158;4156;13;11291699050;B
20241014;101158;4157;6;11291699051;B
20241014;101158;4157;63;11291699052;B
20241014;101200;4154;1;11291699514;S
20241014;101201;4156;1;11291699765;B
20241014;101211;4156;2;11291702716;B
20241014;101216;4156;1;11291703946;B
20241014;101217;4156;2;11291704256;B
20241014;101217;4156;1;11291704257;B
20241014;101217;4156;1;11291704258;B
20241014;101219;4156;1;11291704607;B
20241014;101223;4154;3;11291705731;S
20241014;101228;4156;15;11291707580;B
20241014;101228;4156;3;11291707581;B
20241014;101239;4154;13;11291710153;S
20241014;101239;4153;3;11291710154;S
20241014;101239;4153;14;11291710155;S
20241014;101241;4154;1;11291710701;B
20241014;101241;4156;3;11291710702;B
20241014;101250;4156;10;11291712348;B
20241014;101255;4156;1;11291713527;B
20241014;101311;4156;3;11291717171;B
20241014;101320;4155;1;11291718962;B
20241014;101320;4154;2;11291719144;S
20241014;101320;4154;11;11291719145;S
20241014;101323;4154;2;11291719683;S
20241014;101323;4153;15;11291719684;S
20241014;101326;4153;1;11291720375;S
20241014;101326;4152;1;11291720376;S
20241014;101328;4156;13;11291720797;B
20241014;101328;4156;1;11291720798;B
20241014;101328;4157;38;11291720799;B
20241014;101328;4157;3;11291720800;B
20241014;101332;4157;2;11291721673;B
20241014;101332;4157;3;11291721674;B
20241014;101338;4157;11;11291723098;B
20241014;101348;4157;1;11291725671;B
20241014;101355;4157;75;11291727375;B
20241014;101406;4154;1;11291729849;S
20241014;101406;4153;9;11291729850;S
20241014;101408;4156;9;11291730446;B
20241014;101408;4157;55;11291730447;B
20241014;101415;4157;12;11291731932;B
20241014;101424;4153;8;11291733671;S
20241014;101425;4156;8;11291733877;B
20241014;101425;4157;2;11291733878;B
20241014;101426;4157;4;11291734083;B
20241014;101432;4153;1;11291735459;S
20241014;101447;4153;13;11291739166;S
20241014;101447;4152;9;11291739167;S
20241014;101447;4152;1;11291739168;S
20241014;101447;4152;12;11291739169;S
20241014;101447;4151;5;11291739170;S
20241014;101447;4151;32;11291739171;S
20241014;101447;4151;1;11291739172;S
20241014;101447;4151;5;11291739173;S
20241014;101447;4151;3;11291739174;S
20241014;101447;4150;20;11291739175;S
20241014;101447;4150;5;11291739176;S
20241014;101447;4150;5;11291739177;S
20241014;101447;4150;15;11291739178;S
20241014;101447;4150;48;11291739179;S
20241014;101447;4150;5;11291739180;S
20241014;101447;4150;4;11291739181;S
20241014;101447;4150;1;11291739182;S
20241014;101447;4150;1;11291739183;S
20241014;101447;4150;1;11291739184;S
20241014;101447;4150;1;11291739185;S
20241014;101447;4150;1;11291739186;S
20241014;101447;4150;24;11291739187;S
20241014;101447;4150;30;11291739188;S
20241014;101447;4150;40;11291739189;S
20241014;101447;4150;30;11291739190;S
20241014;101448;4149;10;11291739259;S
20241014;101448;4149;5;11291739260;S
20241014;101448;4149;3;11291739346;B
20241014;101448;4149;9;11291739347;B
20241014;101448;4150;138;11291739348;B
20241014;101448;4150;19;11291739538;B
20241014;101456;4150;1;11291741696;B
20241014;101502;4150;1;11291743453;B
20241014;101508;4148;1;11291745857;S
20241014;101509;4150;1;11291745993;B
20241014;101511;4150;9;11291746915;B
20241014;101511;4150;1;11291747314;B
20241014;101514;4150;1;11291748496;B
20241014;101517;4150;1;11291749838;B
20241014;101518;4150;26;11291750382;B
20241014;101518;4150;3;11291750521;B
20241014;101519;4147;5;11291750857;S
20241014;101519;4147;23;11291750858;S
20241014;101520;4149;1;11291751135;B
20241014;101520;4149;1;11291751212;B
20241014;101520;4149;1;11291751282;B
20241014;101521;4148;1;11291751751;S
20241014;101522;4149;1;11291752135;B
20241014;101524;4149;1;11291752815;B
20241014;101524;4149;9;11291752869;B
20241014;101524;4150;2;11291752870;B
20241014;101524;4150;1;11291752928;B
20241014;101525;4150;1;11291753399;B
20241014;101526;4148;13;11291753800;S
20241014;101526;4147;23;11291753801;S
20241014;101526;4147;6;11291753802;S
20241014;101526;4146;3;11291753803;S
20241014;101527;4149;1;11291754674;B
20241014;101529;4149;3;11291755389;B
20241014;101529;4149;1;11291755434;B
20241014;101531;4149;2;11291756317;B
20241014;101532;4149;1;11291756523;B
20241014;101532;4147;3;11291756954;S
20241014;101533;4149;2;11291757208;B
20241014;101534;4149;8;11291757420;B
20241014;101535;4149;1;11291757684;B
20241014;101535;4150;21;11291757685;B
20241014;101536;4149;1;11291758452;B
20241014;101537;4149;1;11291758469;B
20241014;101537;4150;2;11291758516;B
20241014;101537;4147;1;11291758586;S
20241014;101538;4149;1;11291758769;B
20241014;101538;4147;12;11291758943;S
20241014;101539;4149;1;11291759133;B
20241014;101539;4149;2;11291759306;B
20241014;101540;4149;1;11291759427;B
20241014;101540;4149;1;11291759580;B
20241014;101540;4149;1;11291759670;B
20241014;101541;4149;7;11291759874;B
20241014;101541;4149;1;11291759875;B
20241014;101542;4150;6;11291760017;B
20241014;101542;4150;1;11291760065;B
20241014;101544;4149;1;11291760920;S
20241014;101544;4147;1;11291760921;S
20241014;101546;4149;1;11291761819;B
20241014;101546;4150;1;11291762036;B
20241014;101552;4150;1;11291764399;B
20241014;101553;4150;1;11291764638;B
20241014;101554;4150;13;11291764858;B
20241014;101556;4150;1;11291765492;B
20241014;101600;4150;1;11291766784;B
20241014;101604;4150;1;11291768078;B
20241014;101604;4147;1;11291768157;S
20241014;101604;4147;12;11291768491;S
20241014;101604;4147;9;11291768492;S
20241014;101607;4146;1;11291769313;S
20241014;101611;4149;1;11291770793;B
20241014;101613;4147;1;11291771515;S
20241014;101613;4146;12;11291771516;S
20241014;101613;4146;1;11291771517;S
20241014;101613;4146;10;11291771518;S
20241014;101613;4146;1;11291771519;S
20241014;101617;4149;2;11291772728;B
20241014;101618;4146;1;11291772854;S
20241014;101620;4146;1;11291773601;S
20241014;101624;4145;1;11291774774;S
20241014;101627;4147;1;11291775653;B
20241014;101627;4148;5;11291775654;B
20241014;101629;4146;5;11291776392;S
20241014;101629;4145;1;11291776393;S
20241014;101629;4145;3;11291776394;S
20241014;101636;4148;1;11291778225;B
20241014;101640;4148;1;11291779722;B
20241014;101641;4146;1;11291779811;S
20241014;101641;4148;2;11291779907;B
20241014;101656;4146;2;11291783788;S
20241014;101656;4145;4;11291783789;S
20241014;101658;4146;1;11291784255;B
20241014;101704;4146;1;11291785748;B
20241014;101705;4145;1;11291786118;S
20241014;101709;4145;12;11291786976;S
20241014;101709;4145;1;11291786977;S
20241014;101710;4144;2;11291787199;S
20241014;101710;4144;10;11291787200;S
20241014;101710;4144;2;11291787201;S
20241014;101710;4143;1;11291787202;S
20241014;101710;4143;10;11291787203;S
20241014;101710;4143;4;11291787204;S
20241014;101710;4143;5;11291787205;S
20241014;101710;4143;4;11291787206;S
20241014;101710;4142;1;11291787207;S
20241014;101710;4142;1;11291787208;S
20241014;101710;4142;4;11291787213;S
20241014;101710;4142;1;11291787214;S
20241014;101716;4142;9;11291788831;S
20241014;101716;4142;1;11291788832;S
20241014;101716;4142;1;11291788833;S
20241014;101716;4142;13;11291788834;S
20241014;101716;4141;27;11291788835;S
20241014;101719;4143;1;11291790142;B
20241014;101721;4144;1;11291790560;B
20241014;101726;4144;1;11291792071;B
20241014;101726;4144;1;11291792094;B
20241014;101730;4142;1;11291793232;S
20241014;101737;4142;1;11291795746;S
20241014;101738;4141;3;11291796225;S
20241014;101740;4141;1;11291796822;S
20241014;101742;4143;1;11291797269;B
20241014;101749;4143;1;11291799386;B
20241014;101749;4143;3;11291799387;B
20241014;101749;4144;9;11291799388;B
20241014;101753;4141;1;11291800563;S
20241014;101753;4143;1;11291800611;B
20241014;101758;4142;1;11291801971;S
20241014;101800;4141;1;11291802514;S
20241014;101805;4141;67;11291804054;S
20241014;101805;4141;1;11291804055;S
20241014;101805;4141;27;11291804056;S
20241014;101805;4143;1;11291804127;B
20241014;101811;4141;13;11291805711;S
20241014;101811;4141;1;11291805712;S
20241014;101811;4141;1;11291805713;S
20241014;101811;4141;1;11291805714;S
20241014;101811;4141;24;11291805715;S
20241014;101811;4141;1;11291805716;S
20241014;101811;4141;4;11291805717;S
20241014;101811;4140;1;11291805718;S
20241014;101811;4140;8;11291805719;S
20241014;101811;4140;1;11291805720;S
20241014;101811;4140;1;11291805721;S
20241014;101811;4140;2;11291805722;S
20241014;101811;4140;100;11291805723;S
20241014;101811;4140;2;11291805724;S
20241014;101811;4140;5;11291805725;S
20241014;101811;4140;3;11291805726;S
20241014;101811;4140;2;11291805727;S
20241014;101811;4140;36;11291805728;S
20241014;101811;4140;1;11291805729;S
20241014;101811;4140;2;11291805730;S
20241014;101811;4140;1;11291805731;S
20241014;101811;4140;1;11291805732;S
20241014;101811;4140;1;11291805733;S
20241014;101811;4140;1;11291805734;S
20241014;101811;4140;1;11291805735;S
20241014;101811;4140;1;11291805736;S
20241014;101811;4140;1;11291805737;S
20241014;101811;4140;1;11291805738;S
20241014;101811;4140;48;11291805739;S
20241014;101811;4140;32;11291805740;S
20241014;101811;4140;20;11291805741;S
20241014;101811;4140;5;11291805742;S
20241014;101811;4140;2;11291805743;S
20241014;101811;4140;4;11291805744;S
20241014;101811;4140;10;11291805745;S
20241014;101811;4140;1;11291805746;S
20241014;101811;4140;1;11291805747;S
20241014;101811;4140;1;11291805748;S
20241014;101811;4140;9;11291805749;S
20241014;101811;4139;2;11291805790;S
20241014;101811;4139;10;11291805791;S
20241014;101811;4139;1;11291805827;B
20241014;101811;4139;10;11291805851;B
20241014;101811;4139;10;11291805853;B
20241014;101811;4139;2;11291805922;B
20241014;101812;4139;1;11291806004;B
20241014;101812;4139;1;11291806072;B
20241014;101816;4139;1;11291807545;B
20241014;101818;4139;1;11291808057;B
20241014;101820;4139;1;11291808873;B
20241014;101820;4138;1;11291808874;S
20241014;101820;4138;1;11291808877;S
20241014;101820;4138;9;11291808899;S
20241014;101820;4137;1;11291808900;S
20241014;101820;4137;3;11291808901;S
20241014;101820;4137;5;11291808902;S
20241014;101820;4136;10;11291808903;S
20241014;101820;4135;1;11291808904;S
20241014;101820;4135;1;11291808905;S
20241014;101820;4136;5;11291809020;S
20241014;101820;4135;2;11291809021;S
20241014;101820;4135;1;11291809022;S
20241014;101820;4135;5;11291809023;S
20241014;101820;4135;1;11291809024;S
20241014;101820;4133;1;11291809025;S
20241014;101820;4138;5;11291809072;B
20241014;101820;4133;1;11291809107;S
20241014;101820;4133;1;11291809114;S
20241014;101820;4133;3;11291809115;S
20241014;101820;4133;10;11291809116;S
20241014;101820;4133;10;11291809117;S
20241014;101820;4132;12;11291809118;S
20241014;101820;4132;2;11291809119;S
20241014;101820;4132;1;11291809120;S
20241014;101820;4132;5;11291809121;S
20241014;101820;4132;5;11291809122;S
20241014;101821;4138;8;11291809161;B
20241014;101821;4139;2;11291809162;B
20241014;101822;4135;2;11291809504;S
20241014;101822;4135;2998;11291809525;S
20241014;101822;4133;2;11291809526;S
20241014;101822;4133;35;11291809527;S
20241014;101822;4132;35;11291809528;S
20241014;101822;4131;5;11291809529;S
20241014;101822;4131;1;11291809530;S
20241014;101822;4131;1;11291809531;S
20241014;101822;4131;1;11291809532;S
20241014;101822;4131;1;11291809533;S
20241014;101822;4131;10;11291809534;S
20241014;101822;4131;1;11291809535;S
20241014;101822;4131;1;11291809536;S
20241014;101822;4131;1;11291809537;S
20241014;101822;4131;5;11291809538;S
20241014;101822;4131;12;11291809539;S
20241014;101822;4131;12;11291809540;S
20241014;101822;4131;3;11291809541;S
20241014;101822;4130;2;11291809542;S
20241014;101822;4130;109;11291809543;S
20241014;101822;4130;100;11291809544;S
20241014;101822;4130;20;11291809545;S
20241014;101822;4130;1;11291809546;S
20241014;101822;4130;10;11291809547;S
20241014;101822;4130;2;11291809548;S
20241014;101822;4130;1;11291809549;S
20241014;101822;4130;1;11291809550;S
20241014;101822;4130;1;11291809551;S
20241014;101822;4130;20;11291809552;S
20241014;101822;4130;10;11291809553;S
20241014;101822;4130;7;11291809554;S
20241014;101822;4130;30;11291809555;S
20241014;101822;4127;5;11291809556;S
20241014;101822;4127;10;11291809557;S
20241014;101822;4127;4;11291809558;S
20241014;101822;4126;10;11291809559;S
20241014;101822;4126;4;11291809560;S
20241014;101822;4125;25;11291809561;S
20241014;101822;4125;1;11291809562;S
20241014;101822;4125;1;11291809563;S
20241014;101822;4124;36;11291809564;S
20241014;101822;4123;1;11291809565;S
20241014;101822;4123;3;11291809566;S
20241014;101822;4123;10;11291809567;S
20241014;101822;4123;5;11291809568;S
20241014;101822;4122;3;11291809569;S
20241014;101822;4122;12;11291809570;S
20241014;101822;4122;20;11291809571;S
20241014;101822;4121;20;11291809572;S
20241014;101822;4121;1;11291809573;S
20241014;101822;4121;5;11291809574;S
20241014;101822;4120;2;11291809575;S
20241014;101822;4120;100;11291809576;S
20241014;101822;4120;2;11291809577;S
20241014;101822;4120;10;11291809578;S
20241014;101822;4120;14;11291809579;S
20241014;101822;4120;24;11291809580;S
20241014;101822;4120;10;11291809581;S
20241014;101822;4120;10;11291809582;S
20241014;101822;4119;25;11291809583;S
20241014;101822;4118;1;11291809584;S
20241014;101822;4134;2;11291809632;B
20241014;101822;4135;8;11291809633;B
20241014;101822;4121;7;11291809652;S
20241014;101823;4131;9;11291809674;S
20241014;101823;4131;200;11291809844;S
20241014;101823;4131;60;11291810085;S
20241014;101823;4131;6;11291810090;S
20241014;101825;4131;20;11291810410;S
20241014;101825;4131;5;11291810412;S
20241014;101829;4128;1;11291811488;B
20241014;101830;4128;10;11291811788;B
20241014;101831;4122;1;11291812140;S
20241014;101832;4123;1;11291812445;S
20241014;101833;4123;1;11291812555;S
20241014;101833;4128;3;11291812631;B
20241014;101837;4127;1;11291813758;B
20241014;101837;4128;2;11291813759;B
20241014;101837;4128;3;11291813760;B
20241014;101837;4129;1;11291813761;B
20241014;101837;4129;1;11291813845;B
20241014;101837;4129;2;11291813939;B
20241014;101839;4125;1;11291814299;S
20241014;101841;4124;1;11291814763;S
20241014;101841;4123;4;11291814764;S
20241014;101842;4123;1;11291814922;S
20241014;101843;4127;1;11291815260;B
20241014;101844;4123;1;11291815652;S
20241014;101844;4122;1;11291815653;S
20241014;101846;4122;1;11291816278;S
20241014;101847;4126;1;11291816383;B
20241014;101848;4122;1;11291816799;S
20241014;101849;4122;18;11291816870;S
20241014;101849;4122;2;11291816871;S
20241014;101849;4123;1;11291817195;S
20241014;101850;4122;1;11291817220;S
20241014;101852;4123;1;11291817967;S
20241014;101853;4123;1;11291818085;S
20241014;101853;4123;1;11291818170;S
20241014;101853;4125;10;11291818192;B
20241014;101853;4122;7;11291818233;S
20241014;101855;4122;1;11291818849;S
20241014;101857;4122;1;11291819115;S
20241014;101900;4122;1;11291820022;S
20241014;101901;4123;1;11291820534;B
20241014;101902;4123;1;11291820844;B
20241014;101902;4123;1;11291820863;B
20241014;101902;4122;1;11291820915;S
20241014;101903;4123;1;11291821010;B
20241014;101903;4122;1;11291821189;S
20241014;101903;4122;1;11291821216;S
20241014;101905;4123;5;11291821778;B
20241014;101906;4122;13;11291822127;S
20241014;101907;4123;1;11291822261;B
20241014;101907;4123;5;11291822291;B
20241014;101908;4123;26;11291822729;B
20241014;101909;4123;9;11291822780;B
20241014;101909;4123;1;11291822781;B
20241014;101909;4122;1;11291822815;S
20241014;101910;4122;20;11291823091;S
20241014;101910;4122;10;11291823092;S
20241014;101910;4122;1;11291823093;S
20241014;101910;4120;5;11291823094;S
20241014;101910;4119;10;11291823095;S
20241014;101910;4118;5;11291823096;S
20241014;101910;4118;10;11291823097;S
20241014;101910;4118;6;11291823098;S
20241014;101910;4118;23;11291823099;S
20241014;101910;4123;2;11291823102;B
20241014;101911;4118;1;11291823314;S
20241014;101911;4118;1;11291823364;S
20241014;101912;4122;1;11291823604;B
20241014;101912;4117;1;11291823753;S
20241014;101913;4120;1;11291823964;S
20241014;101913;4124;1;11291824162;B
20241014;101914;4120;1;11291824495;S
20241014;101914;4119;3;11291824496;S
20241014;101914;4118;3;11291824497;S
20241014;101914;4118;1;11291824498;S
20241014;101914;4118;1;11291824499;S
20241014;101915;4118;1;11291824685;S
20241014;101918;4119;1;11291825567;S
20241014;101918;4119;1;11291825754;S
20241014;101918;4119;1;11291825755;S
20241014;101918;4118;3;11291825756;S
20241014;101918;4118;5;11291825757;S
20241014;101920;4122;1;11291826351;B
20241014;101921;4118;1;11291826425;S
20241014;101923;4119;1;11291827140;S
20241014;101923;4118;4;11291827141;S
20241014;101923;4118;1;11291827142;S
20241014;101923;4118;1;11291827143;S
20241014;101923;4117;3;11291827144;S
20241014;101923;4117;32;11291827239;S
20241014;101924;4117;1;11291827502;S
20241014;101924;4117;1;11291827691;S
20241014;101925;4117;3;11291827910;S
20241014;101925;4117;2;11291827911;S
20241014;101925;4117;1;11291827912;S
20241014;101925;4117;4;11291827913;S
20241014;101926;4117;1;11291828224;S
20241014;101926;4117;1;11291828309;S
20241014;101926;4117;1;11291828324;S
20241014;101928;4118;1;11291828874;S
20241014;101929;4119;1;11291829210;B
20241014;101929;4119;1;11291829211;B
20241014;101929;4119;1;11291829212;B
20241014;101930;4117;1;11291829268;S
20241014;101930;4117;1;11291829282;S
20241014;101930;4117;1;11291829365;S
20241014;101931;4117;1;11291829654;S
20241014;101932;4119;1;11291829802;B
20241014;101932;4119;7;11291829959;B
20241014;101933;4120;2;11291830435;B
20241014;101934;4119;1;11291830518;S
20241014;101934;4119;2;11291830664;S
20241014;101935;4120;9;11291830837;B
20241014;101937;4119;15;11291831453;S
20241014;101938;4119;4;11291831668;B
20241014;101938;4119;1;11291831882;B
20241014;101939;4118;1;11291831939;S
20241014;101941;4118;1;11291832370;S
20241014;101941;4119;15;11291832494;B
20241014;101945;4119;10;11291833247;B
20241014;101945;4119;40;11291833486;B
20241014;101947;4118;1;11291833796;S
20241014;101948;4119;1;11291833981;B
20241014;101948;4119;20;11291834053;B
20241014;101948;4118;1;11291834113;S
20241014;101949;4118;2;11291834295;S
20241014;101949;4118;4;11291834316;S
20241014;101950;4118;5;11291834528;S
20241014;101951;4119;16;11291834901;B
20241014;101951;4119;3;11291834903;B
20241014;101952;4119;11;11291835144;B
20241014;101952;4119;3;11291835145;B
20241014;101952;4120;4;11291835146;B
20241014;101952;4118;1;11291835155;S
20241014;101952;4118;1;11291835245;S
20241014;101953;4118;1;11291835371;S
20241014;101956;4118;1;11291836123;S
20241014;101956;4118;1;11291836213;S
20241014;101959;4120;3;11291836990;B
20241014;101959;4118;1;11291837048;S
20241014;101959;4118;1;11291837114;S
20241014;102000;4118;1;11291837283;S
20241014;102000;4117;1;11291837284;S
20241014;102000;4117;1;11291837285;S
20241014;102000;4117;25;11291837286;S
20241014;102000;4117;12;11291837287;S
20241014;102000;4117;3;11291837288;S
20241014;102000;4116;76;11291837289;S
20241014;102000;4116;20;11291837290;S
20241014;102000;4116;10;11291837291;S
20241014;102000;4116;1;11291837292;S
20241014;102000;4116;1;11291837293;S
20241014;102000;4116;3;11291837294;S
20241014;102000;4115;6;11291837295;S
20241014;102000;4115;60;11291837296;S
20241014;102000;4115;10;11291837297;S
20241014;102000;4115;1;11291837298;S
20241014;102000;4115;25;11291837299;S
20241014;102000;4115;1;11291837300;S
20241014;102000;4115;20;11291837301;S
20241014;102000;4114;1;11291837302;S
20241014;102000;4114;1;11291837303;S
20241014;102000;4114;10;11291837304;S
20241014;102000;4114;20;11291837305;S
20241014;102000;4114;10;11291837306;S
20241014;102000;4113;70;11291837307;S
20241014;102000;4113;3;11291837308;S
20241014;102000;4113;5;11291837309;S
20241014;102000;4113;5;11291837310;S
20241014;102000;4113;10;11291837311;S
20241014;102000;4111;1;11291837312;S
20241014;102000;4111;7;11291837313;S
20241014;102000;4111;1;11291837314;S
20241014;102000;4110;3;11291837315;S
20241014;102000;4110;1;11291837316;S
20241014;102000;4110;1;11291837317;S
20241014;102000;4110;30;11291837318;S
20241014;102000;4110;1;11291837319;S
20241014;102000;4110;20;11291837320;S
20241014;102000;4110;36;11291837321;S
20241014;102000;4110;10;11291837322;S
20241014;102000;4110;20;11291837323;S
20241014;102000;4110;1;11291837324;S
20241014;102000;4110;10;11291837325;S
20241014;102000;4109;5;11291837326;S
20241014;102000;4108;3;11291837327;S
20241014;102000;4108;2;11291837328;S
20241014;102000;4108;2;11291837329;S
20241014;102000;4108;10;11291837330;S
20241014;102000;4107;1;11291837331;S
20241014;102000;4107;1;11291837332;S
20241014;102000;4107;4;11291837333;S
20241014;102000;4107;2;11291837334;S
20241014;102000;4107;2;11291837335;S
20241014;102000;4107;20;11291837336;S
20241014;102000;4107;10;11291837337;S
20241014;102000;4107;10;11291837338;S
20241014;102000;4107;10;11291837339;S
20241014;102000;4107;10;11291837340;S
20241014;102000;4106;5;11291837341;S
20241014;102000;4106;100;11291837342;S
20241014;102000;4106;1;11291837343;S
20241014;102000;4106;3;11291837344;S
20241014;102000;4106;3;11291837345;S
20241014;102000;4106;10;11291837346;S
20241014;102000;4106;3;11291837347;S
20241014;102000;4105;1;11291837348;S
20241014;102000;4105;6;11291837349;S
20241014;102000;4105;10;11291837350;S
20241014;102000;4105;1;11291837351;S
20241014;102000;4105;1;11291837352;S
20241014;102000;4105;25;11291837353;S
20241014;102000;4105;47;11291837354;S
20241014;102000;4105;30;11291837355;S
20241014;102000;4105;10;11291837356;S
20241014;102000;4105;36;11291837357;S
20241014;102000;4105;3;11291837358;S
20241014;102000;4105;20;11291837359;S
20241014;102000;4105;10;11291837360;S
20241014;102000;4105;3;11291837361;S
20241014;102000;4105;5;11291837362;S
20241014;102000;4104;15;11291837363;S
20241014;102000;4104;2;11291837364;S
20241014;102000;4104;10;11291837365;S
20241014;102000;4104;10;11291837366;S
20241014;102000;4104;25;11291837367;S
20241014;102000;4104;3;11291837368;S
20241014;102000;4104;20;11291837369;S
20241014;102000;4104;3;11291837370;S
20241014;102000;4103;5;11291837371;S
20241014;102000;4103;1;11291837372;S
20241014;102000;4103;3;11291837373;S
20241014;102000;4103;100;11291837374;S
20241014;102000;4103;1;11291837375;S
20241014;102000;4103;1;11291837376;S
20241014;102000;4103;3;11291837377;S
20241014;102000;4103;40;11291837378;S
20241014;102000;4103;5;11291837379;S
20241014;102000;4103;20;11291837380;S
20241014;102000;4103;20;11291837381;S
20241014;102000;4103;20;11291837382;S
20241014;102000;4103;1;11291837383;S
20241014;102000;4103;3;11291837384;S
20241014;102000;4103;2;11291837385;S
20241014;102000;4103;1;11291837386;S
20241014;102000;4103;10;11291837387;S
20241014;102000;4102;1;11291837388;S
20241014;102000;4102;2;11291837389;S
20241014;102000;4102;10;11291837390;S
20241014;102000;4102;10;11291837391;S
20241014;102000;4102;1;11291837392;S
20241014;102000;4102;200;11291837393;S
20241014;102000;4102;122;11291837394;S
20241014;102000;4102;10;11291837395;S
20241014;102000;4102;40;11291837396;S
20241014;102000;4102;1;11291837397;S
20241014;102000;4102;10;11291837398;S
20241014;102000;4102;5;11291837399;S
20241014;102000;4102;1;11291837400;S
20241014;102000;4102;25;11291837401;S
20241014;102000;4101;150;11291837402;S
20241014;102000;4101;2;11291837403;S
20241014;102000;4101;1;11291837404;S
20241014;102000;4101;10;11291837405;S
20241014;102000;4101;1;11291837406;S
20241014;102000;4101;10;11291837407;S
20241014;102000;4101;10;11291837408;S
20241014;102000;4101;100;11291837409;S
20241014;102000;4101;40;11291837410;S
20241014;102000;4101;40;11291837411;S
20241014;102000;4101;10;11291837412;S
20241014;102000;4101;20;11291837413;S
20241014;102000;4101;20;11291837414;S
20241014;102000;4101;1;11291837415;S
20241014;102000;4101;1;11291837416;S
20241014;102000;4101;1;11291837417;S
20241014;102000;4100;2;11291837418;S
20241014;102000;4100;1;11291837419;S
20241014;102000;4100;9;11291837420;S
20241014;102000;4100;4;11291837421;S
20241014;102000;4100;3;11291837422;S
20241014;102000;4100;2;11291837423;S
20241014;102000;4100;1;11291837424;S
20241014;102000;4100;25;11291837425;S
20241014;102000;4100;25;11291837426;S
20241014;102000;4100;1;11291837427;S
20241014;102000;4100;70;11291837428;S
20241014;102000;4100;10;11291837429;S
20241014;102000;4100;1;11291837430;S
20241014;102000;4100;1;11291837431;S
20241014;102000;4100;30;11291837432;S
20241014;102000;4100;1;11291837433;S
20241014;102000;4100;1;11291837434;S
20241014;102000;4100;20;11291837435;S
20241014;102000;4100;1;11291837436;S
20241014;102000;4100;24;11291837437;S
20241014;102000;4100;2;11291837438;S
20241014;102000;4100;1;11291837439;S
20241014;102000;4100;5;11291837440;S
20241014;102000;4100;3;11291837441;S
20241014;102000;4100;1;11291837442;S
20241014;102000;4100;5;11291837443;S
20241014;102000;4100;29;11291837444;S
20241014;102000;4100;250;11291837445;S
20241014;102000;4100;1;11291837446;S
20241014;102000;4100;1;11291837447;S
20241014;102000;4100;1;11291837448;S
20241014;102000;4100;3;11291837449;S
20241014;102000;4100;5;11291837450;S
20241014;102000;4100;3;11291837451;S
20241014;102000;4100;20;11291837452;S
20241014;102000;4100;3;11291837453;S
20241014;102000;4100;50;11291837454;S
20241014;102000;4100;23;11291837455;S
20241014;102000;4100;30;11291837456;S
20241014;102000;4100;3;11291837457;S
20241014;102000;4100;1;11291837458;S
20241014;102000;4100;2;11291837459;S
20241014;102000;4100;1;11291837460;S
20241014;102000;4100;10;11291837461;S
20241014;102000;4100;100;11291837462;S
20241014;102000;4100;1;11291837463;S
20241014;102000;4100;1;11291837464;S
20241014;102000;4100;6;11291837465;S
20241014;102000;4100;1;11291837466;S
20241014;102000;4100;10;11291837467;S
20241014;102000;4100;2;11291837468;S
20241014;102000;4100;1;11291837469;S
20241014;102000;4100;100;11291837470;S
20241014;102000;4100;10;11291837471;S
20241014;102000;4100;2;11291837472;S
20241014;102000;4100;4;11291837473;S
20241014;102000;4099;7;11291837480;S
20241014;102000;4099;2;11291837481;S
20241014;102000;4099;3;11291837526;S
20241014;102000;4100;1;11291837527;B
20241014;102001;4099;1;11291837531;S
20241014;102001;4100;10;11291837538;B
20241014;102001;4100;2;11291837541;B
20241014;102001;4100;1;11291837544;B
20241014;102001;4100;1;11291837546;B
20241014;102001;4100;1;11291837547;B
20241014;102001;4100;15;11291837549;B
20241014;102001;4100;3;11291837582;B
20241014;102001;4100;70;11291837583;B
20241014;102001;4100;1;11291837584;B
20241014;102001;4100;5;11291837585;B
20241014;102001;4100;1;11291837586;B
20241014;102001;4099;3;11291837587;S
20241014;102001;4100;1;11291837633;B
20241014;102001;4100;4;11291837668;B
20241014;102001;4099;2;11291837683;S
20241014;102001;4099;2;11291837687;S
20241014;102001;4100;1;11291837690;B
20241014;102001;4100;1;11291837692;B
20241014;102001;4100;1;11291837694;B
20241014;102001;4100;2;11291837695;B
20241014;102001;4100;1;11291837703;B
20241014;102001;4100;1;11291837704;B
20241014;102001;4099;47;11291837712;S
20241014;102001;4100;10;11291837720;B
20241014;102001;4100;5;11291837726;B
20241014;102001;4100;68;11291837738;B
20241014;102001;4099;2;11291837751;S
20241014;102001;4100;1;11291837764;B
20241014;102001;4100;5;11291837766;B
20241014;102001;4099;25;11291837769;S
20241014;102001;4100;1;11291837784;B
20241014;102002;4100;150;11291837816;B
20241014;102002;4100;1;11291837821;B
20241014;102002;4100;1;11291837828;B
20241014;102002;4099;4;11291837829;S
20241014;102002;4099;20;11291837830;S
20241014;102002;4100;1;11291837836;B
20241014;102002;4100;1;11291837839;B
20241014;102002;4100;40;11291837840;B
20241014;102002;4100;1;11291837841;B
20241014;102002;4099;13;11291837845;S
20241014;102002;4099;3;11291837846;S
20241014;102002;4099;6;11291837859;S
20241014;102002;4100;1;11291837879;B
20241014;102002;4100;3;11291837886;B
20241014;102002;4099;1;11291837889;S
20241014;102002;4100;1;11291837897;B
20241014;102002;4099;1;11291837928;S
20241014;102002;4099;1;11291837932;S
20241014;102002;4100;1;11291837943;B
20241014;102002;4100;1;11291837947;B
20241014;102002;4100;10;11291837950;B
20241014;102002;4100;30;11291837952;B
20241014;102002;4100;1;11291837962;B
20241014;102002;4100;150;11291837964;B
20241014;102002;4100;5;11291837969;B
20241014;102002;4100;5;11291837975;B
20241014;102002;4100;150;11291838014;B
20241014;102002;4100;1;11291838037;B
20241014;102003;4100;1;11291838040;B
20241014;102003;4100;50;11291838045;B
20241014;102004;4100;10;11291838507;B
20241014;102004;4099;5;11291838750;S
20241014;102004;4099;2;11291838772;S
20241014;102004;4099;1;11291838773;S
20241014;102004;4099;1;11291838774;S
20241014;102004;4098;100;11291838775;S
20241014;102004;4097;1;11291838776;S
20241014;102004;4096;1;11291838777;S
20241014;102004;4096;5;11291838778;S
20241014;102004;4096;5;11291838779;S
20241014;102004;4096;2;11291838780;S
20241014;102004;4096;1;11291838781;S
20241014;102004;4096;1;11291838782;S
20241014;102004;4095;1;11291838783;S
20241014;102004;4095;6;11291838784;S
20241014;102004;4095;9;11291838785;S
20241014;102004;4095;1;11291838786;S
20241014;102005;4096;4;11291838845;B
20241014;102005;4099;3;11291838872;B
20241014;102005;4094;1;11291839029;S
20241014;102006;4098;5;11291839099;B
20241014;102006;4096;1;11291839349;S
20241014;102006;4095;1;11291839350;S
20241014;102007;4095;2;11291839569;S
20241014;102008;4095;1;11291839652;S
20241014;102008;4095;6;11291839687;S
20241014;102008;4095;3;11291839688;S
20241014;102008;4094;1;11291839690;S
20241014;102008;4094;23;11291839773;S
20241014;102008;4094;3;11291839774;S
20241014;102008;4093;3;11291839775;S
20241014;102008;4093;1;11291839776;S
20241014;102009;4094;2;11291839870;S
20241014;102009;4094;1;11291839873;S
20241014;102009;4093;1;11291839923;S
20241014;102009;4093;1;11291840103;S
20241014;102010;4093;5;11291840407;S
20241014;102012;4096;1;11291840825;B
20241014;102012;4093;1;11291840967;S
20241014;102012;4093;2;11291840980;S
20241014;102014;4096;2;11291841422;B
20241014;102014;4097;1;11291841423;B
20241014;102014;4097;7;11291841424;B
20241014;102016;4097;6;11291841847;B
20241014;102016;4098;20;11291841848;B
20241014;102016;4098;5;11291841849;B
20241014;102016;4099;5;11291841850;B
20241014;102016;4099;20;11291841851;B
20241014;102016;4099;5;11291841852;B
20241014;102016;4099;8;11291841853;B
20241014;102016;4099;24;11291841854;B
20241014;102016;4099;4;11291841855;B
20241014;102016;4099;30;11291841856;B
20241014;102016;4100;673;11291841857;B
20241014;102020;4100;5;11291842991;B
20241014;102020;4097;1;11291843057;S
20241014;102020;4100;1;11291843126;B
20241014;102020;4100;50;11291843139;B
20241014;102022;4100;20;11291843606;B
20241014;102022;4100;9;11291843666;B
20241014;102023;4100;1;11291843752;B
20241014;102024;4100;100;11291844047;B
20241014;102024;4100;1;11291844154;B
20241014;102024;4100;25;11291844209;B
20241014;102025;4100;50;11291844265;B
20241014;102025;4100;20;11291844289;B
20241014;102026;4100;1;11291844549;B
20241014;102026;4100;2;11291844724;B
20241014;102027;4100;1;11291844854;B
20241014;102028;4098;1;11291845161;S
20241014;102029;4100;1;11291845381;B
20241014;102030;4098;1;11291845842;S
20241014;102030;4100;50;11291846151;B
20241014;102033;4100;20;11291847423;B
20241014;102033;4100;1;11291847574;B
20241014;102033;4100;2;11291847793;B
20241014;102033;4100;1;11291847858;B
20241014;102034;4100;350;11291848142;B
20241014;102035;4100;18;11291848456;B
20241014;102035;4100;25;11291848791;B
20241014;102035;4099;1;11291848860;S
20241014;102036;4100;12;11291849152;B
20241014;102036;4100;1;11291849433;B
20241014;102037;4100;10;11291850164;B
20241014;102037;4099;3;11291850197;S
20241014;102038;4099;2;11291850468;S
20241014;102038;4100;1;11291850622;B
20241014;102038;4100;3;11291850636;B
20241014;102038;4099;4;11291850655;S
20241014;102038;4099;1;11291850656;S
20241014;102038;4098;4;11291850657;S
20241014;102038;4098;1;11291850658;S
20241014;102039;4100;1;11291851019;B
20241014;102040;4100;4;11291851656;B
20241014;102040;4099;1;11291851758;S
20241014;102040;4099;1;11291851866;S
20241014;102040;4100;5;11291852069;B
20241014;102042;4100;2;11291853589;B
20241014;102044;4099;2;11291854492;S
20241014;102045;4099;1;11291855174;B
20241014;102046;4099;22;11291856258;B
20241014;102046;4099;3;11291856259;B
20241014;102048;4099;1;11291857461;B
20241014;102049;4099;9;11291857806;B
20241014;102049;4099;3;11291857807;S
20241014;102049;4100;50;11291857874;B
20241014;102049;4100;10;11291858016;B
20241014;102049;4100;2;11291858188;B
20241014;102049;4100;1;11291858245;B
20241014;102052;4099;1;11291860173;S
20241014;102052;4100;200;11291860200;B
20241014;102053;4100;1;11291860457;B
20241014;102053;4100;1;11291860719;B
20241014;102053;4099;40;11291860867;S
20241014;102053;4099;1;11291861046;S
20241014;102055;4100;1500;11291861621;B
20241014;102055;4100;4;11291861623;B
20241014;102055;4100;2;11291861624;B
20241014;102056;4099;1;11291862052;S
20241014;102056;4099;1;11291862053;S
20241014;102056;4100;50;11291862206;B
20241014;102056;4100;40;11291862477;B
20241014;102056;4100;10;11291862486;B
20241014;102056;4100;20;11291862495;B
20241014;102056;4100;12;11291862593;B
20241014;102056;4100;12;11291862630;B
20241014;102057;4100;25;11291862726;B
20241014;102057;4100;50;11291862917;B
20241014;102057;4100;100;11291862992;B
20241014;102057;4100;5;11291863105;B
20241014;102057;4100;68;11291863155;B
20241014;102057;4100;10;11291863206;B
20241014;102057;4100;60;11291863308;B
20241014;102057;4100;25;11291863351;B
20241014;102057;4100;14;11291863369;B
20241014;102058;4100;10;11291863406;B
20241014;102058;4100;10;11291863417;B
20241014;102058;4100;10;11291863424;B
20241014;102058;4100;10;11291863443;B
20241014;102058;4100;30;11291863575;B
20241014;102058;4100;6;11291863582;B
20241014;102058;4100;10;11291863643;B
20241014;102058;4100;10;11291863680;B
20241014;102058;4100;20;11291863715;B
20241014;102058;4100;14;11291863736;B
20241014;102059;4100;10;11291864035;B
20241014;102059;4100;20;11291864160;B
20241014;102059;4100;2;11291864427;B
20241014;102059;4100;100;11291864590;B
20241014;102101;4100;10;11291865746;B
20241014;102101;4100;100;11291865779;B
20241014;102101;4100;25;11291865961;B
20241014;102101;4100;4;11291866060;B
20241014;102102;4100;1;11291866244;B
20241014;102102;4100;40;11291866310;B
20241014;102103;4100;1;11291866906;B
20241014;102103;4100;3;11291866983;B
20241014;102105;4100;8;11291868107;B
20241014;102106;4099;2;11291868305;S
20241014;102106;4099;1;11291868581;S
20241014;102107;4100;30;11291869652;B
20241014;102107;4100;10;11291869856;B
20241014;102108;4100;3;11291870393;B
20241014;102108;4100;20;11291870545;B
20241014;102109;4100;1;11291870901;B
20241014;102109;4100;1;11291870952;B
20241014;102110;4100;1;11291871485;B
20241014;102110;4100;50;11291871546;B
20241014;102110;4100;4;11291871553;B
20241014;102110;4100;3;11291871777;B
20241014;102110;4100;10;11291871782;B
20241014;102111;4100;50;11291872063;B
20241014;102111;4100;1;11291872282;B
20241014;102111;4100;20;11291872314;B
20241014;102112;4100;1;11291872760;B
20241014;102112;4100;7;11291872860;B
20241014;102114;4100;1;11291873947;B
20241014;102114;4100;30;11291874036;B
20241014;102114;4100;1;11291874207;B
20241014;102114;4100;100;11291874399;B
20241014;102115;4099;30;11291874650;S
20241014;102115;4100;1;11291874741;B
20241014;102115;4100;11;11291874894;B
20241014;102116;4100;1;11291875054;B
20241014;102120;4100;85;11291878954;B
20241014;102120;4099;1;11291879082;S
20241014;102121;4100;2;11291880051;B
20241014;102122;4099;10;11291880420;S
20241014;102122;4100;7;11291880548;B
20241014;102122;4100;1;11291880849;B
20241014;102122;4100;1;11291881345;B
20241014;102124;4099;1;11291882330;S
20241014;102124;4099;1;11291882331;S
20241014;102124;4100;1;11291882370;B
20241014;102124;4100;55;11291882457;B
20241014;102124;4100;3;11291882779;B
20241014;102125;4100;1;11291883325;B
20241014;102125;4100;1;11291883357;B
20241014;102125;4100;5;11291883381;B
20241014;102126;4100;10;11291883846;B
20241014;102127;4100;26;11291884450;B
20241014;102128;4100;1;11291885035;B
20241014;102128;4100;1;11291885042;B
20241014;102128;4100;1;11291885072;B
20241014;102128;4100;1;11291885078;B
20241014;102131;4100;20;11291886672;B
20241014;102133;4100;100;11291888039;B
20241014;102134;4100;304;11291888444;B
20241014;102134;4100;1;11291888445;B
20241014;102134;4100;1;11291888446;B
20241014;102134;4100;5;11291888447;B
20241014;102134;4100;1;11291888448;B
20241014;102134;4100;14;11291888449;B
20241014;102134;4100;1;11291888450;B
20241014;102134;4100;12;11291888451;B
20241014;102134;4100;61;11291888452;B
20241014;102134;4100;4;11291888453;B
20241014;102134;4100;4;11291888822;B
20241014;102134;4100;50;11291888834;B
20241014;102134;4100;3;11291888981;B
20241014;102135;4100;2;11291889065;B
20241014;102135;4100;3;11291889127;B
20241014;102135;4100;1;11291889293;B
20241014;102135;4100;1;11291889507;B
20241014;102135;4100;1;11291889552;B
20241014;102135;4100;10;11291889641;B
20241014;102138;4103;1;11291891588;B
20241014;102138;4103;2;11291891641;B
20241014;102138;4105;2;11291891643;B
20241014;102139;4101;1;11291892398;S
20241014;102139;4100;18;11291892399;S
20241014;102140;4102;10;11291892842;B
20241014;102140;4103;15;11291892843;B
20241014;102140;4103;8;11291892844;B
20241014;102141;4103;1;11291893646;B
20241014;102141;4103;7;11291893940;B
20241014;102143;4102;1;11291895162;B
20241014;102143;4103;4;11291895163;B
20241014;102143;4103;10;11291895164;B
20241014;102143;4104;9;11291895165;B
20241014;102145;4104;1;11291896429;B
20241014;102148;4103;5;11291898250;B
20241014;102150;4101;10;11291899714;S
20241014;102151;4102;1;11291900359;B
20241014;102153;4101;1;11291901618;S
20241014;102153;4102;1;11291902162;B
20241014;102155;4102;13;11291903420;B
20241014;102155;4102;6;11291903421;B
20241014;102155;4103;45;11291903422;B
20241014;102155;4103;10;11291903423;B
20241014;102155;4103;10;11291903424;B
20241014;102155;4103;15;11291903425;B
20241014;102155;4104;1;11291903426;B
20241014;102159;4104;3;11291905917;B
20241014;102159;4104;3;11291905918;B
20241014;102201;4103;1;11291906829;S
20241014;102204;4104;10;11291908496;B
20241014;102204;4104;37;11291908909;B
20241014;102204;4104;10;11291908910;B
20241014;102204;4104;30;11291908911;B
20241014;102204;4104;15;11291908912;B
20241014;102204;4105;5;11291908913;B
20241014;102204;4105;15;11291908914;B
20241014;102204;4106;5;11291908915;B
20241014;102204;4106;9;11291908916;B
20241014;102204;4106;10;11291908917;B
20241014;102204;4107;32;11291908918;B
20241014;102204;4107;3;11291908919;B
20241014;102204;4107;10;11291908920;B
20241014;102204;4107;6;11291908921;B
20241014;102204;4107;2;11291908922;B
20241014;102204;4108;10;11291908923;B
20241014;102204;4108;14;11291908924;B
20241014;102204;4108;14;11291908925;B
20241014;102204;4108;20;11291908926;B
20241014;102204;4108;3;11291908927;B
20241014;102205;4104;1;11291909547;B
20241014;102208;4105;3;11291911061;B
20241014;102208;4107;37;11291911062;B
20241014;102208;4107;6;11291911063;B
20241014;102208;4108;30;11291911064;B
20241014;102208;4108;10;11291911065;B
20241014;102208;4108;5;11291911066;B
20241014;102208;4108;9;11291911067;B
20241014;102215;4108;5;11291915134;B
20241014;102217;4108;10;11291916376;B
20241014;102220;4107;1;11291918178;B
20241014;102221;4107;6;11291918860;B
20241014;102221;4107;2;11291918880;B
20241014;102222;4107;3;11291919155;B
20241014;102222;4107;1;11291919156;B
20241014;102222;4108;1;11291919157;B
20241014;102222;4108;10;11291919158;B
20241014;102222;4108;1;11291919159;B
20241014;102222;4108;1;11291919160;B
20241014;102222;4109;5;11291919161;B
20241014;102224;4110;10;11291920682;B
20241014;102226;4109;50;11291921757;B
20241014;102227;4110;6;11291922551;B
20241014;102229;4109;1;11291924167;B
20241014;102229;4110;23;11291924168;B
20241014;102232;4109;5;11291926079;S
20241014;102232;4109;2;11291926080;S
20241014;102233;4109;4;11291926433;B
20241014;102234;4109;5;11291927076;B
20241014;102235;4109;10;11291929122;B
20241014;102237;4108;1;11291930165;S
20241014;102241;4109;2;11291932931;B
20241014;102243;4109;2;11291934486;B
20241014;102244;4109;1;11291934781;B
20241014;102246;4109;1;11291936253;B
20241014;102246;4109;5;11291936412;B
20241014;102247;4109;16;11291936905;B
20241014;102247;4109;1;11291936906;B
20241014;102247;4109;5;11291936907;B
20241014;102247;4109;1;11291936908;B
20241014;102247;4110;27;11291936909;B
20241014;102247;4108;10;11291937023;S
20241014;102253;4110;1;11291940230;B
20241014;102253;4110;1;11291940536;B
20241014;102254;4108;2;11291941053;S
20241014;102254;4108;25;11291941054;S
20241014;102254;4108;1;11291941055;S
20241014;102254;4108;10;11291941056;S
20241014;102254;4108;1;11291941057;S
20241014;102254;4108;16;11291941058;S
20241014;102257;4110;32;11291942564;B
20241014;102257;4110;1;11291942565;B
20241014;102257;4110;1;11291942566;B
20241014;102257;4111;1;11291942567;B
20241014;102257;4111;10;11291942568;B
20241014;102257;4112;55;11291942569;B
20241014;102257;4109;1;11291942671;S
20241014;102257;4109;3;11291942672;S
20241014;102302;4111;2;11291946769;B
20241014;102302;4111;10;11291946770;B
20241014;102302;4112;13;11291946771;B
20241014;102303;4112;1;11291947008;B
20241014;102307;4112;122;11291950344;B
20241014;102307;4113;1;11291950345;B
20241014;102307;4114;27;11291950346;B
20241014;102307;4113;1;11291950428;B
20241014;102308;4113;5;11291950617;B
20241014;102308;4113;7;11291950661;B
20241014;102308;4114;3;11291950662;B
20241014;102311;4113;10;11291952462;B
20241014;102311;4114;8;11291952463;B
20241014;102312;4112;1;11291953032;S
20241014;102313;4113;10;11291953668;B
20241014;102314;4114;1;11291954422;B
20241014;102315;4114;10;11291955055;B
20241014;102316;4112;1;11291955226;S
20241014;102316;4111;13;11291955227;S
20241014;102316;4111;1;11291955228;S
20241014;102316;4111;1;11291955229;S
20241014;102316;4110;20;11291955230;S
20241014;102316;4110;1;11291955231;S
20241014;102316;4110;13;11291955232;S
20241014;102317;4111;10;11291956128;B
20241014;102318;4110;5;11291957031;B
20241014;102321;4110;4;11291958845;B
20241014;102321;4111;1;11291958846;B
20241014;102321;4112;1;11291958933;B
20241014;102323;4112;1;11291959886;B
20241014;102323;4112;4;11291959949;B
20241014;102325;4109;1;11291961515;S
20241014;102326;4109;9;11291962072;S
20241014;102326;4109;1;11291962073;S
20241014;102326;4109;1;11291962074;S
20241014;102328;4108;2;11291963306;S
20241014;102332;4109;10;11291966400;B
20241014;102334;4108;25;11291967583;S
20241014;102334;4107;125;11291967584;S
20241014;102335;4107;75;11291968554;S
20241014;102335;4107;10;11291968555;S
20241014;102335;4107;1;11291968556;S
20241014;102335;4107;9;11291968902;B
20241014;102339;4107;5;11291971551;B
20241014;102339;4107;6;11291971552;B
20241014;102339;4107;25;11291971553;B
20241014;102339;4107;5;11291971554;B
20241014;102339;4108;9;11291971555;B
20241014;102340;4106;1;11291972478;S
20241014;102340;4105;1;11291972479;S
20241014;102340;4104;1;11291972480;S
20241014;102340;4104;1;11291972481;S
20241014;102340;4104;10;11291972482;S
20241014;102340;4104;4;11291972483;S
20241014;102340;4104;1;11291972484;S
20241014;102340;4104;5;11291972485;S
20241014;102340;4104;8;11291972486;S
20241014;102340;4104;1;11291972487;S
20241014;102340;4103;1;11291972488;S
20241014;102340;4103;16;11291972489;S
20241014;102342;4107;12;11291973670;B
20241014;102346;4106;1;11291976392;B
20241014;102347;4107;1;11291977003;B
20241014;102347;4107;25;11291977004;B
20241014;102347;4107;4;11291977005;B
20241014;102347;4108;7;11291977006;B
20241014;102347;4108;10;11291977007;B
20241014;102347;4108;3;11291977008;B
20241014;102350;4107;1;11291978506;B
20241014;102350;4108;1;11291978930;B
20241014;102354;4107;1;11291980608;S
20241014;102354;4107;1;11291980609;S
20241014;102354;4106;1;11291980610;S
20241014;102354;4105;1;11291980611;S
20241014;102354;4105;6;11291980612;S
20241014;102356;4105;12;11291981070;S
20241014;102400;4108;3;11291981708;B
20241014;102405;4108;1;11291983400;B
20241014;102409;4107;3;11291984907;S
20241014;102409;4106;13;11291984908;S
20241014;102409;4106;3;11291984909;S
20241014;102411;4108;1;11291985288;B
20241014;102415;4108;1;11291985964;B
20241014;102415;4108;3;11291985965;B
20241014;102415;4109;26;11291985983;B
20241014;102415;4109;40;11291986000;B
20241014;102416;4109;40;11291986123;B
20241014;102416;4109;23;11291986125;B
20241014;102418;4114;10;11291986359;B
20241014;102429;4113;1;11291988285;B
20241014;102429;4114;6;11291988286;B
20241014;102429;4114;10;11291988287;B
20241014;102429;4114;1;11291988288;B
20241014;102429;4115;1;11291988289;B
20241014;102429;4115;13;11291988290;B
20241014;102429;4115;2;11291988291;B
20241014;102429;4116;20;11291988292;B
20241014;102429;4117;3;11291988293;B
20241014;102429;4117;24;11291988294;B
20241014;102429;4117;5;11291988295;B
20241014;102429;4118;1;11291988296;B
20241014;102429;4118;5;11291988297;B
20241014;102429;4118;8;11291988298;B
20241014;102436;4118;1;11291989383;S
20241014;102440;4119;1;11291990027;B
20241014;102446;4119;1;11291990921;B
20241014;102449;4119;5;11291991317;B
20241014;102450;4119;1;11291991413;B
20241014;102450;4118;5;11291991490;S
20241014;102451;4118;1;11291991626;B
20241014;102452;4117;5;11291991776;B
20241014;102452;4117;1;11291991778;B
20241014;102454;4118;2;11291992158;B
20241014;102456;4117;1;11291992502;B
20241014;102457;4117;1;11291992762;B
20241014;102504;4117;5;11291994214;B
20241014;102505;4117;4;11291994295;B
20241014;102505;4118;6;11291994296;B
20241014;102505;4116;1;11291994417;S
20241014;102508;4116;2;11291994865;B
20241014;102512;4116;1;11291995572;B
20241014;102513;4116;4;11291995743;B
20241014;102521;4116;10;11291997331;B
20241014;102522;4116;32;11291997504;B
20241014;102522;4116;11;11291997505;B
20241014;102522;4117;2;11291997618;B
20241014;102527;4118;5;11291998462;B
20241014;102529;4116;4;11291998801;S
20241014;102531;4117;1;11291999222;B
20241014;102539;4116;1;11292001394;S
20241014;102541;4117;1;11292001837;B
20241014;102545;4116;1;11292002373;S
20241014;102546;4117;3;11292002683;B
20241014;102546;4117;2;11292002684;B
20241014;102546;4117;1;11292002800;B
20241014;102552;4117;1;11292003809;B
20241014;102553;4117;1;11292004022;B
20241014;102553;4117;1;11292004023;B
20241014;102601;4116;1;11292005355;S
20241014;102607;4116;1;11292006447;S
20241014;102608;4118;14;11292006504;B
20241014;102615;4117;2;11292007840;B
20241014;102624;4117;1;11292009691;S
20241014;102624;4116;99;11292009692;S
20241014;102624;4118;1;11292009755;B
20241014;102624;4118;5;11292009830;B
20241014;102625;4116;23;11292010041;S
20241014;102626;4116;40;11292010104;S
20241014;102626;4116;87;11292010211;S
20241014;102626;4116;13;11292010212;S
20241014;102626;4116;1;11292010213;S
20241014;102627;4116;2;11292010303;S
20241014;102627;4115;5;11292010304;S
20241014;102627;4114;1;11292010305;S
20241014;102627;4112;11;11292010306;S
20241014;102627;4117;1;11292010321;B
20241014;102628;4117;24;11292010597;B
20241014;102628;4117;1;11292010598;B
20241014;102630;4117;10;11292010854;B
20241014;102643;4117;5;11292013275;B
20241014;102645;4112;1;11292013758;S
20241014;102648;4116;1;11292014355;B
20241014;102655;4113;4;11292015435;S
20241014;102658;4113;4;11292015864;S
20241014;102700;4116;10;11292016238;B
20241014;102705;4113;2;11292016928;S
20241014;102705;4113;15;11292016929;S
20241014;102705;4112;2;11292016930;S
20241014;102705;4112;2;11292016931;S
20241014;102705;4112;11;11292016932;S
20241014;102705;4112;12;11292016933;S
20241014;102705;4111;30;11292016934;S
20241014;102705;4111;1;11292016935;S
20241014;102705;4111;40;11292016936;S
20241014;102705;4111;11;11292016937;S
20241014;102705;4111;25;11292016938;S
20241014;102705;4111;30;11292016939;S
20241014;102705;4110;5;11292016940;S
20241014;102705;4110;2;11292016941;S
20241014;102705;4110;3;11292016942;S
20241014;102705;4109;1;11292016943;S
20241014;102705;4109;4;11292016944;S
20241014;102705;4108;3;11292016945;S
20241014;102705;4108;12;11292016946;S
20241014;102705;4108;1;11292016947;S
20241014;102705;4107;5;11292016948;S
20241014;102705;4107;1;11292016949;S
20241014;102705;4107;8;11292016950;S
20241014;102705;4107;1;11292016951;S
20241014;102705;4106;3;11292016952;S
20241014;102705;4106;4;11292016953;S
20241014;102705;4106;1;11292016954;S
20241014;102705;4106;1;11292016955;S
20241014;102705;4106;1;11292016956;S
20241014;102705;4106;5;11292016957;S
20241014;102705;4106;5;11292016958;S
20241014;102705;4106;6;11292016959;S
20241014;102705;4105;2;11292016960;S
20241014;102705;4105;480;11292016961;S
20241014;102705;4105;2;11292016962;S
20241014;102705;4105;1;11292016963;S
20241014;102705;4105;25;11292016964;S
20241014;102705;4105;60;11292016965;S
20241014;102705;4105;96;11292016966;S
20241014;102705;4104;20;11292016967;S
20241014;102705;4104;10;11292016968;S
20241014;102705;4104;2;11292016969;S
20241014;102705;4104;1;11292016970;S
20241014;102705;4103;184;11292016971;S
20241014;102705;4103;2;11292016972;S
20241014;102705;4103;1;11292016973;S
20241014;102705;4103;5;11292016974;S
20241014;102705;4102;2;11292016975;S
20241014;102705;4102;10;11292016976;S
20241014;102705;4102;1;11292016977;S
20241014;102705;4102;2;11292016978;S
20241014;102705;4102;1;11292016979;S
20241014;102705;4102;5;11292016980;S
20241014;102705;4102;100;11292016981;S
20241014;102705;4101;52;11292016982;S
20241014;102705;4101;1;11292016983;S
20241014;102705;4101;5;11292016984;S
20241014;102705;4101;10;11292016985;S
20241014;102705;4101;2;11292016986;S
20241014;102705;4101;20;11292016987;S
20241014;102705;4101;5;11292016988;S
20241014;102705;4101;11;11292016989;S
20241014;102705;4101;3;11292016990;S
20241014;102705;4101;40;11292016991;S
20241014;102705;4101;5;11292016992;S
20241014;102705;4101;25;11292016993;S
20241014;102705;4101;1;11292016994;S
20241014;102705;4101;1;11292016995;S
20241014;102705;4101;1;11292016996;S
20241014;102705;4101;1;11292016997;S
20241014;102705;4101;5;11292016998;S
20241014;102705;4101;6;11292016999;S
20241014;102705;4100;20;11292017000;S
20241014;102705;4100;6;11292017001;S
20241014;102705;4100;785;11292017002;S
20241014;102705;4100;1;11292017003;S
20241014;102705;4100;125;11292017004;S
20241014;102705;4100;1;11292017005;S
20241014;102705;4100;1;11292017006;S
20241014;102705;4100;1;11292017007;S
20241014;102705;4100;5;11292017008;S
20241014;102705;4100;5;11292017009;S
20241014;102705;4100;5;11292017010;S
20241014;102705;4100;3;11292017011;S
20241014;102705;4100;1;11292017012;S
20241014;102705;4100;2;11292017013;S
20241014;102705;4100;1;11292017014;S
20241014;102705;4100;30;11292017015;S
20241014;102705;4100;100;11292017016;S
20241014;102705;4100;3;11292017017;S
20241014;102705;4100;3;11292017018;S
20241014;102705;4100;1;11292017019;S
20241014;102705;4100;1;11292017020;S
20241014;102705;4100;50;11292017021;S
20241014;102705;4100;3;11292017022;B
20241014;102705;4100;2;11292017030;B
20241014;102705;4099;1;11292017031;S
20241014;102705;4099;10;11292017032;S
20241014;102705;4099;1;11292017033;S
20241014;102705;4099;1;11292017034;S
20241014;102705;4099;6;11292017035;S
20241014;102705;4098;4;11292017036;S
20241014;102705;4098;10;11292017037;S
20241014;102705;4098;1;11292017038;S
20241014;102705;4098;2;11292017039;S
20241014;102705;4098;1;11292017040;S
20241014;102705;4097;1;11292017041;S
20241014;102705;4097;2;11292017042;S
20241014;102705;4097;8;11292017048;S
20241014;102705;4097;17;11292017049;S
20241014;102705;4097;10;11292017050;S
20241014;102705;4096;1;11292017051;S
20241014;102705;4096;2;11292017052;S
20241014;102705;4095;1;11292017053;S
20241014;102705;4095;1;11292017054;S
20241014;102705;4095;2;11292017055;S
20241014;102705;4095;2;11292017056;S
20241014;102705;4094;5;11292017057;S
20241014;102705;4094;10;11292017058;S
20241014;102705;4094;16;11292017059;S
20241014;102705;4098;20;11292017074;S
20241014;102705;4100;25;11292017095;B
20241014;102706;4097;4;11292017118;S
20241014;102706;4095;5;11292017119;S
20241014;102706;4094;10;11292017120;S
20241014;102706;4099;1;11292017149;B
20241014;102706;4099;1;11292017172;B
20241014;102707;4098;1;11292017374;B
20241014;102707;4099;4;11292017375;B
20241014;102708;4095;2;11292017411;S
20241014;102708;4095;2;11292017412;S
20241014;102708;4094;24;11292017413;S
20241014;102708;4093;6;11292017414;S
20241014;102708;4093;6;11292017415;S
20241014;102709;4096;2;11292017541;B
20241014;102710;4097;3;11292017648;B
20241014;102710;4098;1;11292017653;B
20241014;102714;4097;8;11292018227;B
20241014;102720;4095;1;11292018973;S
20241014;102720;4094;1;11292018974;S
20241014;102720;4094;1;11292018975;S
20241014;102721;4095;1;11292019218;B
20241014;102721;4095;50;11292019250;B
20241014;102722;4095;4;11292019400;B
20241014;102722;4093;28;11292019412;S
20241014;102722;4093;2;11292019413;S
20241014;102722;4093;1;11292019414;S
20241014;102722;4093;3;11292019415;S
20241014;102722;4093;1;11292019416;S
20241014;102722;4092;1;11292019417;S
20241014;102722;4092;25;11292019418;S
20241014;102722;4091;6;11292019419;S
20241014;102722;4091;10;11292019420;S
20241014;102722;4091;9;11292019421;S
20241014;102722;4091;5;11292019422;S
20241014;102722;4090;2;11292019427;S
20241014;102722;4090;1;11292019428;S
20241014;102722;4090;2;11292019431;S
20241014;102722;4090;8;11292019432;S
20241014;102722;4090;19;11292019448;S
20241014;102723;4090;10;11292019550;S
20241014;102723;4091;1;11292019580;B
20241014;102723;4090;1;11292019613;S
20241014;102723;4091;4;11292019633;B
20241014;102724;4091;1;11292019746;B
20241014;102726;4091;25;11292020050;B
20241014;102727;4091;1;11292020173;B
20241014;102727;4091;5;11292020174;B
20241014;102729;4093;2;11292020639;B
20241014;102732;4093;1;11292021202;B
20241014;102736;4093;1;11292022826;B
20241014;102737;4093;1;11292022992;B
20241014;102742;4093;1;11292024091;S
20241014;102742;4093;3;11292024141;S
20241014;102742;4091;3;11292024142;S
20241014;102742;4091;6;11292024143;S
20241014;102744;4093;20;11292024510;S
20241014;102744;4093;10;11292024511;S
20241014;102744;4092;1;11292024512;S
20241014;102744;4092;25;11292024513;S
20241014;102745;4091;9;11292024673;S
20241014;102745;4092;1;11292024752;B
20241014;102746;4092;2;11292024913;B
20241014;102747;4092;10;11292025166;B
20241014;102747;4092;5;11292025207;B
20241014;102749;4093;15;11292025397;S
20241014;102750;4093;2;11292025546;B
20241014;102751;4093;8;11292025772;B
20241014;102751;4094;1;11292025773;B
20241014;102751;4094;40;11292025774;B
20241014;102755;4092;1;11292026963;S
20241014;102757;4094;6;11292027364;B
20241014;102758;4094;1;11292027820;B
20241014;102759;4094;1;11292027885;B
20241014;102759;4094;10;11292027898;B
20241014;102759;4094;5;11292027937;B
20241014;102800;4094;25;11292028100;B
20241014;102800;4093;1;11292028220;S
20241014;102800;4092;1;11292028221;S
20241014;102804;4094;1;11292028857;B
20241014;102804;4093;1;11292028864;S
20241014;102804;4093;5;11292028865;S
20241014;102804;4092;8;11292028866;S
20241014;102804;4092;1;11292028867;S
20241014;102805;4094;50;11292029114;B
20241014;102805;4094;1;11292029130;B
20241014;102808;4093;1;11292029639;B
20241014;102811;4093;2;11292030051;B
20241014;102812;4093;1;11292030237;B
20241014;102812;4093;1;11292030270;B
20241014;102816;4093;5;11292030785;B
20241014;102823;4092;1;11292031825;S
20241014;102825;4093;4;11292031981;B
20241014;102825;4093;3;11292032009;B
20241014;102829;4094;3;11292033233;B
20241014;102834;4094;2;11292034334;B
20241014;102835;4094;50;11292034677;B
20241014;102836;4094;7;11292034765;B
20241014;102836;4094;2;11292034766;B
20241014;102842;4092;1;11292035729;S
20241014;102842;4092;2;11292035730;S
20241014;102842;4092;25;11292035731;S
20241014;102842;4092;300;11292035732;S
20241014;102842;4091;10;11292035733;S
20241014;102842;4091;10;11292035734;S
20241014;102842;4091;1;11292035735;S
20241014;102842;4091;1;11292035736;S
20241014;102842;4091;2;11292035737;S
20241014;102842;4091;1;11292035738;S
20241014;102842;4091;1;11292035739;S
20241014;102842;4091;10;11292035740;S
20241014;102842;4091;12;11292035741;S
20241014;102842;4090;12;11292035742;S
20241014;102842;4090;1;11292035743;S
20241014;102842;4090;3;11292035744;S
20241014;102842;4090;10;11292035745;S
20241014;102842;4090;48;11292035746;S
20241014;102842;4091;2;11292035747;S
20241014;102842;4091;10;11292035760;S
20241014;102844;4092;2;11292036100;B
20241014;102844;4091;13;11292036203;S
20241014;102844;4090;2;11292036204;S
20241014;102844;4090;1;11292036205;S
20241014;102844;4090;10;11292036206;S
20241014;102844;4090;1;11292036207;S
20241014;102844;4090;1;11292036208;S
20241014;102844;4090;1;11292036209;S
20241014;102844;4090;1;11292036210;S
20241014;102844;4090;1;11292036211;S
20241014;102844;4090;1;11292036212;S
20241014;102844;4090;1;11292036213;S
20241014;102844;4090;11;11292036214;S
20241014;102844;4093;2;11292036229;B
20241014;102849;4091;1;11292037309;S
20241014;102849;4092;2;11292037373;B
20241014;102851;4094;1;11292037626;B
20241014;102851;4093;1;11292037677;S
20241014;102851;4093;25;11292037678;S
20241014;102851;4092;4;11292037679;S
20241014;102853;4093;25;11292037890;S
20241014;102853;4093;1;11292037891;S
20241014;102853;4092;6;11292037892;S
20241014;102853;4092;68;11292037893;S
20241014;102853;4092;2;11292037895;S
20241014;102855;4093;2;11292038144;B
20241014;102856;4094;1;11292038477;B
20241014;102856;4094;1;11292038503;B
20241014;102858;4094;50;11292039000;B
20241014;102904;4094;48;11292039842;B
20241014;102904;4094;2;11292039843;B
20241014;102904;4094;1;11292039887;B
20241014;102906;4094;10;11292040227;B
20241014;102907;4094;1;11292040374;B
20241014;102909;4094;50;11292040852;B
20241014;102911;4094;1;11292041237;B
20241014;102914;4094;10;11292041867;B
20241014;102915;4094;296;11292041868;B
20241014;102915;4094;4;11292041869;B
20241014;102915;4094;10;11292042002;B
20241014;102917;4094;40;11292042149;B
20241014;102918;4094;1;11292042307;B
20241014;102922;4094;40;11292043136;B
20241014;102924;4094;1;11292043495;B
20241014;102925;4094;4;11292043657;B
20241014;102926;4093;3;11292043767;S
20241014;102931;4094;2;11292044708;B
20241014;102936;4094;38;11292046078;B
20241014;102936;4094;5;11292046134;B
20241014;102937;4094;5;11292046250;B
20241014;102937;4094;40;11292046261;B
20241014;102938;4094;30;11292046510;B
20241014;102945;4094;2;11292047697;B
20241014;102952;4094;19;11292049345;B
20241014;102952;4094;1;11292049346;B
20241014;102952;4094;3;11292049362;B
20241014;102955;4094;1;11292050139;B
20241014;102955;4094;19;11292050140;B
20241014;102957;4094;10;11292050389;B
20241014;103002;4094;2;11292051242;B
20241014;103002;4094;1;11292051380;B
20241014;103003;4094;1;11292051545;B
20241014;103004;4094;5;11292051647;B
20241014;103005;4094;50;11292051766;B
20241014;103009;4094;13;11292052529;B
20241014;103009;4094;7;11292052530;B
20241014;103012;4094;2;11292053073;B
20241014;103012;4094;9;11292053074;B
20241014;103015;4094;20;11292053447;B
20241014;103017;4094;961;11292053811;B
20241014;103017;4095;1;11292053812;B
20241014;103017;4095;250;11292053813;B
20241014;103017;4097;1;11292053814;B
20241014;103017;4098;4;11292053815;B
20241014;103017;4099;5;11292053816;B
20241014;103017;4099;1;11292053817;B
20241014;103017;4099;2;11292053818;B
20241014;103017;4099;2;11292053819;B
20241014;103017;4099;5;11292053820;B
20241014;103017;4099;8;11292053821;B
20241014;103017;4099;60;11292053822;B
20241014;103017;4099;2;11292053823;B
20241014;103017;4099;24;11292053824;B
20241014;103017;4100;3674;11292053825;B
20241014;103020;4096;5;11292054326;B
20241014;103022;4098;41;11292054784;B
20241014;103024;4098;1;11292055190;B
20241014;103025;4098;5;11292055455;B
20241014;103025;4098;50;11292055486;B
20241014;103025;4098;1;11292055503;B
20241014;103027;4098;3;11292055764;B
20241014;103028;4098;50;11292056047;B
20241014;103029;4098;1;11292056238;B
20241014;103030;4098;1;11292056351;B
20241014;103034;4098;5;11292057272;B
20241014;103035;4098;38;11292057382;B
20241014;103035;4100;12;11292057383;B
20241014;103038;4100;20;11292057853;B
20241014;103043;4100;8;11292058565;B
20241014;103043;4100;5;11292058566;B
20241014;103043;4100;6;11292058567;B
20241014;103043;4100;2;11292058568;B
20241014;103043;4100;2;11292058569;B
20241014;103043;4100;4;11292058570;B
20241014;103043;4100;2;11292058571;B
20241014;103043;4100;2;11292058572;B
20241014;103043;4100;2;11292058573;B
20241014;103043;4100;2;11292058575;B
20241014;103043;4100;3;11292058577;B
20241014;103043;4100;5;11292058604;B
20241014;103043;4100;2;11292058605;B
20241014;103043;4100;1;11292058607;B
20241014;103043;4100;25;11292058662;B
20241014;103046;4100;1;11292059294;B
20241014;103047;4099;1;11292059621;S
20241014;103047;4098;1;11292059622;S
20241014;103047;4098;10;11292059623;S
20241014;103047;4098;13;11292059624;S
20241014;103047;4100;200;11292059659;B
20241014;103049;4100;2;11292059910;B
20241014;103049;4100;5;11292059940;B
20241014;103050;4100;8;11292060136;B
20241014;103050;4098;6;11292060220;S
20241014;103056;4100;1;11292061228;B
20241014;103056;4100;5;11292061242;B
20241014;103056;4100;99;11292061245;B
20241014;103059;4100;2;11292061761;B
20241014;103101;4100;1;11292061986;B
20241014;103103;4100;6;11292062221;B
20241014;103104;4100;2;11292062484;B
20241014;103105;4100;5;11292062663;B
20241014;103105;4100;100;11292062728;B
20241014;103106;4100;100;11292062955;B
20241014;103108;4099;1;11292063148;S
20241014;103108;4100;1;11292063165;B
20241014;103111;4100;1;11292063933;B
20241014;103112;4100;2;11292064147;B
20241014;103112;4100;1;11292064153;B
20241014;103113;4100;2;11292064329;B
20241014;103113;4100;5;11292064478;B
20241014;103114;4100;1;11292064561;B
20241014;103114;4100;2;11292064619;B
20241014;103115;4100;300;11292064749;B
20241014;103117;4100;50;11292064909;B
20241014;103117;4100;50;11292064998;B
20241014;103118;4100;1;11292065184;B
20241014;103119;4100;2631;11292065353;B
20241014;103119;4100;1;11292065354;B
20241014;103121;4108;3;11292065643;B
20241014;103121;4109;2;11292065644;B
20241014;103121;4109;6;11292065645;B
20241014;103121;4110;12;11292065646;B
20241014;103121;4110;32;11292065647;B
20241014;103121;4110;2;11292065671;B
20241014;103123;4110;1;11292066208;B
20241014;103123;4110;12;11292066345;B
20241014;103123;4110;3;11292066346;B
20241014;103124;4111;4;11292066486;B
20241014;103124;4111;4;11292066487;B
20241014;103124;4112;30;11292066488;B
20241014;103124;4112;10;11292066489;B
20241014;103124;4112;1;11292066492;B
20241014;103124;4112;25;11292066528;B
20241014;103124;4112;20;11292066551;B
20241014;103124;4113;3;11292066552;B
20241014;103124;4113;2;11292066553;B
20241014;103124;4113;3;11292066554;B
20241014;103124;4114;12;11292066555;B
20241014;103124;4115;2;11292066556;B
20241014;103124;4115;20;11292066557;B
20241014;103124;4116;10;11292066558;B
20241014;103124;4116;28;11292066559;B
20241014;103125;4115;13;11292066638;B
20241014;103125;4115;3;11292066639;B
20241014;103125;4115;2;11292066640;B
20241014;103125;4115;3;11292066641;B
20241014;103125;4116;4;11292066642;B
20241014;103126;4115;1;11292066750;S
20241014;103129;4114;1;11292067073;B
20241014;103131;4114;1;11292067379;B
20241014;103136;4112;1;11292068004;B
20241014;103137;4112;24;11292068235;B
20241014;103137;4113;5;11292068236;B
20241014;103137;4113;8;11292068237;B
20241014;103137;4114;11;11292068238;B
20241014;103137;4114;2;11292068239;B
20241014;103142;4114;4;11292068868;B
20241014;103142;4114;6;11292068869;B
20241014;103142;4114;10;11292068881;B
20241014;103150;4113;3;11292069978;B
20241014;103150;4114;10;11292069979;B
20241014;103150;4114;10;11292069980;B
20241014;103150;4114;1;11292069981;B
20241014;103150;4115;10;11292069982;B
20241014;103150;4115;20;11292069983;B
20241014;103150;4116;2;11292069984;B
20241014;103150;4116;10;11292069985;B
20241014;103150;4116;10;11292069986;B
20241014;103150;4116;9;11292069987;B
20241014;103150;4116;10;11292069988;B
20241014;103150;4117;1;11292069989;B
20241014;103150;4117;10;11292069990;B
20241014;103150;4117;3;11292069991;B
20241014;103150;4117;38;11292069992;B
20241014;103150;4117;10;11292070010;S
20241014;103151;4117;10;11292070127;S
20241014;103152;4117;30;11292070243;S
20241014;103153;4117;103;11292070410;S
20241014;103158;4115;2;11292071760;B
20241014;103200;4115;4;11292072286;B
20241014;103200;4115;1;11292072287;B
20241014;103206;4113;5;11292074128;B
20241014;103207;4113;1;11292074221;B
20241014;103207;4114;4;11292074222;B
20241014;103210;4114;4;11292074920;B
20241014;103213;4113;5;11292075586;B
20241014;103213;4113;11;11292075587;B
20241014;103213;4114;17;11292075588;B
20241014;103213;4114;50;11292075589;B
20241014;103213;4114;10;11292075590;B
20241014;103213;4115;7;11292075591;B
20241014;103216;4115;2;11292076350;B
20241014;103220;4115;1;11292077256;B
20241014;103223;4114;1;11292077850;B
20241014;103225;4113;5;11292078342;S
20241014;103225;4113;3;11292078343;S
20241014;103225;4112;3;11292078344;S
20241014;103225;4110;1;11292078345;S
20241014;103225;4110;1;11292078346;S
20241014;103225;4110;1;11292078347;S
20241014;103225;4109;1;11292078348;S
20241014;103225;4108;1;11292078349;S
20241014;103225;4107;13;11292078350;S
20241014;103225;4106;10;11292078351;S
20241014;103225;4106;25;11292078352;S
20241014;103225;4105;2;11292078353;S
20241014;103225;4105;24;11292078354;S
20241014;103225;4104;13;11292078355;S
20241014;103225;4103;5;11292078356;S
20241014;103225;4103;8;11292078357;S
20241014;103225;4103;16;11292078358;S
20241014;103226;4113;1;11292078458;B
20241014;103228;4113;1;11292078868;B
20241014;103228;4110;100;11292079039;S
20241014;103229;4109;3;11292079101;S
20241014;103229;4107;2;11292079102;S
20241014;103230;4109;1;11292079386;B
20241014;103230;4110;1;11292079387;B
20241014;103231;4110;1;11292079524;B
20241014;103231;4110;1;11292079567;B
20241014;103232;4103;1;11292079721;S
20241014;103232;4109;5;11292079748;B
20241014;103233;4109;8;11292079896;B
20241014;103233;4109;2;11292079897;B
20241014;103233;4109;2;11292079913;B
20241014;103243;4110;4;11292082167;B
20241014;103243;4110;11;11292082168;B
20241014;103243;4110;1;11292082179;B
20241014;103255;4110;5;11292084726;B
20241014;103256;4105;2;11292084800;S
20241014;103257;4110;2;11292085021;S
20241014;103312;4113;25;11292088523;B
20241014;103312;4113;23;11292088524;B
20241014;103312;4114;2;11292088525;B
20241014;103314;4110;1;11292088908;S
20241014;103320;4114;1;11292090350;B
20241014;103321;4114;7;11292090464;B
20241014;103321;4114;3;11292090465;B
20241014;103326;4110;1;11292091492;S
20241014;103328;4113;1;11292091893;B
20241014;103333;4110;1;11292092662;S
20241014;103333;4110;2;11292092663;S
20241014;103333;4110;2;11292092664;S
20241014;103346;4112;2;11292096427;B
20241014;103346;4113;10;11292096428;B
20241014;103346;4114;8;11292096429;B
20241014;103352;4111;1;11292097434;S
20241014;103353;4111;1;11292097888;S
20241014;103353;4111;3;11292097889;S
20241014;103353;4111;40;11292097890;S
20241014;103353;4110;7;11292097891;S
20241014;103353;4110;3;11292097892;S
20241014;103353;4110;1;11292097893;S
20241014;103353;4110;1;11292097894;S
20241014;103353;4110;25;11292097895;S
20241014;103359;4110;3;11292098802;B
20241014;103401;4110;20;11292099344;B
20241014;103409;4110;10;11292101232;B
20241014;103410;4109;1;11292101319;S
20241014;103410;4107;5;11292101320;S
20241014;103410;4107;1;11292101321;S
20241014;103410;4106;3;11292101322;S
20241014;103410;4110;8;11292101356;B
20241014;103414;4105;1;11292101859;S
20241014;103417;4109;1;11292102309;B
20241014;103417;4110;2;11292102310;B
20241014;103417;4105;1;11292102314;S
20241014;103417;4110;5;11292102340;B
20241014;103419;4108;1;11292102690;B
20241014;103419;4109;12;11292102793;B
20241014;103420;4109;3;11292102914;B
20241014;103420;4109;8;11292103034;B
20241014;103420;4110;42;11292103035;B
20241014;103423;4104;5;11292103289;S
20241014;103423;4104;1;11292103290;S
20241014;103423;4104;1;11292103291;S
20241014;103423;4104;4;11292103292;S
20241014;103423;4104;2;11292103293;S
20241014;103423;4103;25;11292103294;S
20241014;103423;4103;2;11292103295;S
20241014;103423;4108;1;11292103413;B
20241014;103425;4107;1;11292103605;B
20241014;103431;4104;9;11292104703;B
20241014;103431;4107;1;11292104704;B
20241014;103431;4108;36;11292104705;B
20241014;103431;4109;5;11292104706;B
20241014;103431;4109;8;11292104707;B
20241014;103431;4109;20;11292104708;B
20241014;103431;4110;329;11292104709;B
20241014;103431;4110;404;11292104710;B
20241014;103432;4110;10;11292104811;B
20241014;103438;4110;27;11292105855;B
20241014;103441;4108;11;11292106420;S
20241014;103441;4108;25;11292106421;S
20241014;103441;4108;2;11292106422;S
20241014;103442;4113;2;11292106652;B
20241014;103442;4113;13;11292106653;B
20241014;103442;4114;4;11292106654;B
20241014;103442;4114;6;11292106655;B
20241014;103444;4114;3;11292106965;B
20241014;103444;4114;17;11292106966;B
20241014;103444;4115;5;11292106967;B
20241014;103453;4114;2;11292109458;B
20241014;103456;4113;5;11292109985;B
20241014;103456;4114;3;11292109986;B
20241014;103456;4114;3;11292109987;B
20241014;103456;4114;3;11292109988;B
20241014;103456;4114;3;11292109989;B
20241014;103456;4115;5;11292109990;B
20241014;103456;4115;3;11292109991;B
20241014;103507;4114;1;11292111938;B
20241014;103508;4114;2;11292112026;B
20241014;103508;4115;3;11292112027;B
20241014;103508;4115;6;11292112041;B
20241014;103508;4115;4;11292112042;B
20241014;103508;4115;1;11292112084;B
20241014;103508;4116;3;11292112142;B
20241014;103508;4117;10;11292112143;B
20241014;103508;4117;30;11292112144;B
20241014;103508;4118;61;11292112145;B
20241014;103508;4118;1;11292112146;B
20241014;103508;4118;1;11292112147;B
20241014;103508;4118;1;11292112148;B
20241014;103508;4119;2;11292112149;B
20241014;103508;4119;10;11292112150;B
20241014;103508;4119;1;11292112151;B
20241014;103508;4120;1;11292112152;B
20241014;103508;4120;2;11292112153;B
20241014;103508;4120;5;11292112154;B
20241014;103512;4120;7;11292112692;S
20241014;103515;4121;1;11292113122;B
20241014;103515;4121;25;11292113123;B
20241014;103515;4123;2;11292113124;B
20241014;103515;4124;3;11292113125;B
20241014;103517;4121;3;11292113489;S
20241014;103517;4121;1;11292113490;S
20241014;103517;4121;1;11292113491;S
20241014;103517;4120;95;11292113492;S
20241014;103517;4120;4;11292113493;S
20241014;103518;4120;5;11292113575;S
20241014;103518;4120;3;11292113576;S
20241014;103518;4120;1;11292113577;S
20241014;103520;4122;1;11292113796;B
20241014;103521;4122;1;11292113970;B
20241014;103528;4120;5;11292114608;B
20241014;103528;4121;1;11292114609;B
20241014;103528;4121;1;11292114610;B
20241014;103528;4122;13;11292114611;B
20241014;103529;4122;5;11292114710;B
20241014;103534;4122;1;11292115221;B
20241014;103542;4121;2;11292116015;S
20241014;103542;4122;1;11292116126;B
20241014;103545;4122;5;11292116603;B
20241014;103546;4121;3;11292116767;S
20241014;103550;4123;7;11292117102;B
20241014;103550;4123;1;11292117127;B
20241014;103553;4123;1;11292117436;B
20241014;103555;4123;16;11292117831;B
20241014;103558;4124;3;11292118098;B
20241014;103558;4124;22;11292118099;B
20241014;103559;4124;120;11292118188;B
20241014;103600;4124;1;11292118328;B
20241014;103606;4124;1;11292119493;B
20241014;103610;4124;8;11292119949;B
20241014;103614;4124;3;11292120490;B
20241014;103615;4123;1;11292120611;S
20241014;103615;4123;1;11292120612;S
20241014;103615;4122;2;11292120613;S
20241014;103616;4124;1;11292120729;B
20241014;103621;4123;1;11292121218;S
20241014;103621;4123;4;11292121219;S
20241014;103630;4123;1;11292122286;S
20241014;103630;4122;3;11292122287;S
20241014;103630;4122;5;11292122288;S
20241014;103630;4122;1;11292122289;S
20241014;103630;4121;5;11292122290;S
20241014;103630;4121;1;11292122291;S
20241014;103630;4121;1;11292122292;S
20241014;103630;4121;3;11292122293;S
20241014;103630;4121;5;11292122294;S
20241014;103630;4121;13;11292122295;S
20241014;103630;4120;242;11292122296;S
20241014;103630;4118;6;11292122357;B
20241014;103636;4117;4;11292123129;B
20241014;103636;4118;4;11292123130;B
20241014;103636;4118;25;11292123131;B
20241014;103636;4119;24;11292123132;B
20241014;103636;4120;168;11292123133;B
20241014;103644;4120;10;11292124027;B
20241014;103647;4120;1;11292124286;B
20241014;103655;4120;10;11292125444;B
20241014;103655;4120;4;11292125445;B
20241014;103657;4120;20;11292125682;B
20241014;103657;4120;4;11292125683;B
20241014;103658;4120;1;11292125688;B
20241014;103658;4116;4;11292125691;S
20241014;103658;4116;1;11292125692;S
20241014;103702;4120;1;11292126160;B
20241014;103703;4119;1;11292126340;B
20241014;103706;4117;3;11292126644;S
20241014;103706;4117;2;11292126645;S
20241014;103713;4119;1;11292127394;S
20241014;103718;4119;5;11292127991;S
20241014;103721;4117;1;11292128289;S
20241014;103722;4117;1;11292128606;S
20241014;103722;4117;1;11292128607;S
20241014;103727;4115;5;11292129170;S
20241014;103727;4115;1;11292129171;S
20241014;103727;4115;2;11292129172;S
20241014;103727;4115;1;11292129173;S
20241014;103727;4114;1;11292129174;S
20241014;103729;4115;10;11292129374;S
20241014;103730;4114;10;11292129525;S
20241014;103730;4114;10;11292129593;S
20241014;103731;4114;7;11292129682;S
20241014;103731;4116;10;11292131240;B
20241014;103731;4116;7;11292131241;B
20241014;103731;4117;83;11292131242;B
20241014;103746;4115;3;11292133322;B
20241014;103749;4114;1;11292133908;B
20241014;103749;4114;4;11292133909;B
20241014;103749;4115;5;11292133910;B
20241014;103753;4115;20;11292134515;B
20241014;103753;4116;120;11292134516;B
20241014;103753;4116;12;11292134541;S
20241014;103756;4116;6;11292134886;S
20241014;103804;4117;12;11292135946;B
20241014;103810;4117;5;11292136615;B
20241014;103816;4117;1;11292137085;B
20241014;103816;4117;1;11292137125;B
20241014;103822;4119;1;11292137639;B
20241014;103829;4119;1;11292138439;B
20241014;103850;4117;1;11292141189;S
20241014;103914;4117;1;11292144257;S
20241014;103914;4117;10;11292144258;S
20241014;103924;4117;1;11292145318;S
20241014;103941;4117;8;11292147380;B
20241014;103941;4118;5;11292147381;B
20241014;103941;4119;2;11292147382;B
20241014;103941;4116;1;11292147425;S
20241014;103948;4116;2;11292148269;S
20241014;103956;4119;1;11292149140;B
20241014;104004;4116;3;11292150009;S
20241014;104008;4119;1;11292150598;B
20241014;104011;4119;1;11292150957;B
20241014;104011;4119;8;11292150978;B
20241014;104011;4119;1;11292150979;B
20241014;104011;4119;3;11292150980;B
20241014;104020;4119;2;11292152351;B
20241014;104024;4117;1;11292152895;S
20241014;104026;4119;5;11292153084;B
20241014;104027;4119;10;11292153157;B
20241014;104030;4119;1;11292153670;B
20241014;104039;4120;12;11292154987;B
20241014;104039;4121;4;11292154988;B
20241014;104047;4120;1;11292156134;S
20241014;104050;4122;3;11292156452;B
20241014;104050;4123;5;11292156453;B
20241014;104050;4123;3;11292156454;B
20241014;104050;4123;1;11292156455;B
20241014;104050;4124;46;11292156456;B
20241014;104050;4124;10;11292156457;B
20241014;104050;4124;3;11292156458;B
20241014;104050;4124;1;11292156459;B
20241014;104050;4124;6;11292156460;B
20241014;104050;4124;22;11292156461;B
20241014;104052;4120;2;11292156709;S
20241014;104100;4122;1;11292157862;B
20241014;104100;4123;7;11292157863;B
20241014;104101;4123;5;11292157936;B
20241014;104103;4123;1;11292158161;B
20241014;104103;4123;3;11292158162;B
20241014;104103;4123;3;11292158163;B
20241014;104103;4124;94;11292158164;B
20241014;104104;4124;1;11292158291;B
20241014;104106;4124;1;11292158435;B
20241014;104114;4123;1;11292159211;S
20241014;104115;4124;1;11292159352;B
20241014;104116;4124;18;11292159473;B
20241014;104116;4124;6;11292159474;B
20241014;104117;4124;10;11292159627;B
20241014;104118;4124;3;11292159654;B
20241014;104120;4123;1;11292159807;B
20241014;104126;4123;2;11292160317;B
20241014;104126;4123;2;11292160318;B
20241014;104130;4123;2;11292160912;B
20241014;104136;4123;8;11292161633;B
20241014;104136;4123;3;11292161634;B
20241014;104136;4123;10;11292161635;B
20241014;104136;4123;3;11292161636;B
20241014;104136;4124;246;11292161637;B
20241014;104136;4124;3;11292161638;B
20241014;104136;4124;1;11292161639;B
20241014;104139;4124;10;11292162073;B
20241014;104140;4123;3;11292162123;B
20241014;104141;4124;97;11292162330;B
20241014;104141;4124;3;11292162331;B
20241014;104144;4124;3;11292162910;B
20241014;104152;4124;1;11292164021;B
20241014;104155;4124;1;11292164362;B
20241014;104155;4124;1;11292164371;B
20241014;104155;4124;2;11292164380;B
20241014;104156;4124;1;11292164454;B
20241014;104156;4124;1;11292164472;B
20241014;104156;4124;1;11292164481;B
20241014;104202;4124;1;11292165644;B
20241014;104204;4123;20;11292165916;S
20241014;104204;4124;1;11292166023;B
20241014;104204;4123;10;11292166043;S
20241014;104210;4124;1;11292166640;B
20241014;104217;4123;2;11292168057;S
20241014;104217;4123;10;11292168058;S
20241014;104217;4123;3;11292168059;S
20241014;104217;4123;1;11292168060;S
20241014;104217;4123;1;11292168061;S
20241014;104217;4123;5;11292168062;S
20241014;104217;4123;15;11292168063;S
20241014;104217;4123;1;11292168064;S
20241014;104217;4122;1;11292168065;S
20241014;104217;4122;1;11292168066;S
20241014;104219;4124;1;11292168305;B
20241014;104220;4123;2;11292168550;S
20241014;104226;4123;4;11292169463;S
20241014;104226;4123;2;11292169464;S
20241014;104233;4122;1;11292170241;S
20241014;104245;4123;5;11292171548;B
20241014;104245;4122;2;11292171582;S
20241014;104253;4123;2;11292172560;B
20241014;104255;4122;1;11292172773;S
20241014;104255;4122;2;11292172774;S
20241014;104255;4122;1;11292172775;S
20241014;104255;4122;1;11292172776;S
20241014;104255;4122;4;11292172777;S
20241014;104301;4121;20;11292173900;S
20241014;104301;4121;200;11292173901;S
20241014;104301;4121;4;11292173902;S
20241014;104305;4120;10;11292174410;S
20241014;104305;4120;1;11292174411;S
20241014;104307;4120;5;11292174604;S
20241014;104307;4120;5;11292174605;S
20241014;104311;4119;1;11292175094;S
20241014;104311;4119;1;11292175095;S
20241014;104311;4119;3;11292175096;S
20241014;104329;4121;1;11292177281;B
20241014;104341;4121;75;11292178969;B
20241014;104341;4121;4;11292178970;B
20241014;104341;4122;4;11292178971;B
20241014;104341;4123;2;11292178972;B
20241014;104341;4123;1;11292178973;B
20241014;104341;4123;19;11292178974;B
20241014;104344;4120;2;11292179298;S
20241014;104344;4124;5;11292179412;B
20241014;104352;4124;1;11292180180;B
20241014;104356;4124;1;11292180685;B
20241014;104359;4124;3;11292180998;B
20241014;104359;4124;1;11292180999;B
20241014;104402;4121;2;11292181253;S
20241014;104402;4121;3;11292181254;S
20241014;104405;4123;3;11292181577;B
20241014;104405;4123;25;11292181578;B
20241014;104405;4123;2;11292181579;B
20241014;104405;4124;20;11292181580;B
20241014;104414;4124;3;11292182732;B
20241014;104418;4123;1;11292183162;B
20241014;104418;4121;3;11292183231;S
20241014;104418;4121;2;11292183232;S
20241014;104419;4121;2;11292183253;B
20241014;104423;4121;1;11292183683;B
20241014;104426;4120;5;11292184049;S
20241014;104426;4119;2;11292184050;S
20241014;104426;4119;1;11292184051;S
20241014;104426;4119;1;11292184052;S
20241014;104426;4118;5;11292184053;S
20241014;104426;4118;13;11292184054;S
20241014;104426;4117;4;11292184055;S
20241014;104426;4117;40;11292184056;S
20241014;104426;4116;33;11292184057;S
20241014;104426;4116;1;11292184060;S
20241014;104434;4120;3;11292184880;B
20241014;104434;4120;1;11292184881;B
20241014;104441;4120;1;11292185514;B
20241014;104448;4120;2;11292186241;B
20241014;104448;4117;5;11292186258;S
20241014;104448;4117;2;11292186259;S
20241014;104450;4121;10;11292186681;B
20241014;104450;4122;2;11292186682;B
20241014;104450;4123;25;11292186683;B
20241014;104450;4123;13;11292186684;B
20241014;104450;4123;2;11292186685;B
20241014;104450;4124;77;11292186686;B
20241014;104450;4124;1;11292186687;B
20241014;104502;4123;5;11292188033;B
20241014;104502;4124;4;11292188034;B
20241014;104503;4124;150;11292188157;B
20241014;104504;4124;100;11292188262;B
20241014;104509;4124;1;11292188845;B
20241014;104514;4124;5;11292189339;B
20241014;104520;4124;43;11292189898;B
20241014;104520;4124;100;11292189899;B
20241014;104537;4124;3;11292191393;B
20241014;104542;4123;3;11292192141;B
20241014;104601;4121;4;11292195214;S
20241014;104601;4121;5;11292195215;S
20241014;104603;4123;1;11292195469;B
20241014;104607;4123;1;11292195859;B
20241014;104608;4121;2;11292195946;S
20241014;104608;4121;3;11292195947;S
20241014;104612;4123;5;11292196327;B
20241014;104615;4124;98;11292196594;B
20241014;104623;4124;3;11292197441;B
20241014;104633;4124;10;11292199511;B
20241014;104634;4124;16;11292199713;B
20241014;104639;4124;13;11292201120;B
20241014;104642;4121;1;11292201772;S
20241014;104646;4124;59;11292202408;B
20241014;104651;4124;6;11292203089;B
20241014;104721;4123;1;11292206664;B
20241014;104727;4123;1;11292207951;B
20241014;104729;4123;8;11292208160;B
20241014;104729;4124;234;11292208161;B
20241014;104744;4121;4;11292210056;S
20241014;104744;4121;21;11292210057;S
20241014;104744;4121;3;11292210058;S
20241014;104744;4121;3;11292210059;S
20241014;104744;4121;5;11292210060;S
20241014;104744;4121;5;11292210061;S
20241014;104744;4121;6;11292210062;S
20241014;104744;4121;1;11292210063;S
20241014;104744;4120;1;11292210064;S
20241014;104744;4120;1;11292210065;S
20241014;104744;4120;30;11292210066;S
20241014;104744;4120;5;11292210067;S
20241014;104744;4120;2;11292210068;S
20241014;104744;4120;7;11292210069;S
20241014;104744;4119;2;11292210070;S
20241014;104744;4118;32;11292210071;S
20241014;104744;4117;24;11292210072;S
20241014;104744;4117;1;11292210073;S
20241014;104744;4117;27;11292210074;S
20241014;104744;4116;2;11292210075;S
20241014;104744;4116;4;11292210076;S
20241014;104744;4116;1;11292210077;S
20241014;104744;4115;1;11292210078;S
20241014;104744;4115;2;11292210079;S
20241014;104744;4115;5;11292210080;S
20241014;104744;4115;10;11292210081;S
20241014;104744;4115;2;11292210082;S
20241014;104744;4115;4;11292210083;S
20241014;104744;4114;8;11292210084;S
20241014;104744;4112;5;11292210085;S
20241014;104744;4112;8;11292210086;S
20241014;104744;4111;1;11292210087;S
20241014;104744;4111;2;11292210088;S
20241014;104744;4110;1;11292210089;S
20241014;104744;4110;1;11292210090;S
20241014;104744;4110;2;11292210091;S
20241014;104744;4109;1;11292210092;S
20241014;104744;4108;1;11292210093;S
20241014;104744;4108;13;11292210094;S
20241014;104744;4108;25;11292210095;S
20241014;104744;4107;20;11292210096;S
20241014;104744;4107;60;11292210097;S
20241014;104744;4106;1;11292210098;S
20241014;104744;4106;25;11292210099;S
20241014;104744;4106;1;11292210100;S
20241014;104744;4106;2;11292210101;S
20241014;104744;4105;1;11292210102;S
20241014;104744;4104;5;11292210103;S
20241014;104744;4104;50;11292210104;S
20241014;104744;4103;1;11292210105;S
20241014;104744;4102;1;11292210106;S
20241014;104744;4102;2;11292210107;S
20241014;104744;4102;4;11292210108;S
20241014;104744;4101;1;11292210109;S
20241014;104744;4101;12;11292210110;S
20241014;104744;4101;35;11292210111;S
20241014;104744;4115;1;11292210115;S
20241014;104745;4118;5;11292210225;S
20241014;104745;4115;1;11292210226;S
20241014;104745;4104;1;11292210256;S
20241014;104810;4112;1;11292213176;S
20241014;104810;4113;2;11292213177;B
20241014;104815;4114;1;11292213734;B
20241014;104815;4114;2;11292213735;B
20241014;104826;4113;1;11292215131;S
20241014;104829;4114;2;11292215471;B
20241014;104829;4115;4;11292215472;B
20241014;104830;4118;1;11292215492;B
20241014;104830;4118;2;11292215493;B
20241014;104834;4119;9;11292216054;B
20241014;104836;4115;1;11292216810;S
20241014;104839;4119;4;11292218032;B
20241014;104841;4119;10;11292218809;B
20241014;104849;4119;1;11292221913;B
20241014;104858;4119;1;11292225044;B
20241014;104858;4119;5;11292225045;B
20241014;104858;4120;1;11292225046;B
20241014;104900;4120;2;11292225379;B
20241014;104903;4115;1;11292225894;S
20241014;104904;4116;5;11292226143;S
20241014;104904;4116;1;11292226144;S
20241014;104904;4116;25;11292226145;S
20241014;104904;4115;1;11292226146;S
20241014;104904;4115;2;11292226147;S
20241014;104904;4115;150;11292226148;S
20241014;104904;4115;1;11292226149;S
20241014;104904;4114;1;11292226150;S
20241014;104904;4112;1;11292226151;S
20241014;104904;4111;1;11292226152;S
20241014;104904;4111;1;11292226153;S
20241014;104904;4111;6;11292226154;S
20241014;104904;4110;3;11292226155;S
20241014;104904;4110;4;11292226156;S
20241014;104904;4109;9;11292226157;S
20241014;104904;4108;10;11292226158;S
20241014;104904;4107;1;11292226159;S
20241014;104904;4106;2;11292226160;S
20241014;104904;4106;1;11292226161;S
20241014;104904;4105;20;11292226162;S
20241014;104904;4105;5;11292226163;S
20241014;104904;4105;2;11292226164;S
20241014;104904;4104;40;11292226165;S
20241014;104904;4104;1;11292226166;S
20241014;104904;4103;10;11292226167;S
20241014;104904;4103;1;11292226168;S
20241014;104904;4103;1;11292226169;S
20241014;104904;4102;30;11292226170;S
20241014;104904;4102;10;11292226171;S
20241014;104904;4102;3;11292226172;S
20241014;104904;4102;10;11292226173;S
20241014;104904;4102;2;11292226174;S
20241014;104904;4102;1;11292226175;S
20241014;104904;4101;1;11292226176;S
20241014;104904;4101;10;11292226177;S
20241014;104904;4101;10;11292226178;S
20241014;104904;4101;3;11292226179;S
20241014;104904;4101;6;11292226180;S
20241014;104904;4101;1;11292226181;S
20241014;104904;4101;2;11292226182;S
20241014;104904;4101;5;11292226183;S
20241014;104904;4101;1;11292226184;S
20241014;104904;4101;5;11292226185;S
20241014;104904;4101;5;11292226186;S
20241014;104904;4100;2;11292226187;S
20241014;104904;4100;10;11292226188;S
20241014;104904;4100;5;11292226189;S
20241014;104904;4100;1;11292226190;S
20241014;104904;4100;1;11292226191;S
20241014;104904;4100;1;11292226192;S
20241014;104904;4100;10;11292226193;S
20241014;104904;4100;5;11292226194;S
20241014;104904;4100;1;11292226195;S
20241014;104904;4100;1;11292226196;S
