<DATE>;<TIME>;<LAST>;<VOL>;<ID>;<OPER>
20241010;095933;0.6701;1000;11282006030;S
20241010;095933;0.6701;30000;11282006031;S
20241010;095933;0.6701;7000;11282006032;S
20241010;095933;0.6701;5000;11282006033;B
20241010;095933;0.6701;1000;11282006034;B
20241010;095933;0.6701;1000;11282006035;B
20241010;095933;0.6701;1000;11282006036;B
20241010;095933;0.6701;1000;11282006037;B
20241010;095933;0.6701;2000;11282006038;B
20241010;095933;0.6701;30000;11282006039;B
20241010;095933;0.6701;21000;11282006040;B
20241010;095933;0.6701;10000;11282006041;B
20241010;095933;0.6701;2000;11282006042;B
20241010;095933;0.6701;1000;11282006043;B
20241010;095933;0.6701;1000;11282006044;B
20241010;095933;0.6701;1000;11282006045;B
20241010;095933;0.6701;1000;11282006046;B
20241010;095933;0.6701;1000;11282006047;B
20241010;095933;0.6701;32000;11282006048;B
20241010;095933;0.6701;7000;11282006049;B
20241010;095933;0.6701;3000;11282006050;B
20241010;095933;0.6701;1000;11282006051;B
20241010;095933;0.6701;1000;11282006052;B
20241010;095933;0.6701;1000;11282006053;B
20241010;095933;0.6701;1000;11282006054;B
20241010;095933;0.6701;3000;11282006055;B
20241010;095933;0.6701;20000;11282006056;B
20241010;095933;0.6701;50000;11282006057;B
20241010;095933;0.6701;20000;11282006058;B
20241010;095933;0.6701;7000;11282006059;B
20241010;095933;0.6701;13000;11282006060;B
20241010;095933;0.6701;58000;11282006061;B
20241010;095933;0.6701;1000;11282006062;B
20241010;095933;0.6701;1000;11282006063;B
20241010;100003;0.6702;1000;11282013723;B
20241010;100003;0.6703;1000;11282013731;B
20241010;100003;0.6704;1000;11282013732;B
20241010;100003;0.6705;1000;11282013736;B
20241010;100003;0.6706;1000;11282013737;B
20241010;100003;0.6707;1000;11282013752;B
20241010;100003;0.6708;1000;11282013753;B
20241010;100003;0.6709;1000;11282013754;B
20241010;100003;0.6709;32000;11282013755;B
20241010;100003;0.671;1000;11282013756;B
20241010;100003;0.671;100000;11282013757;B
20241010;100003;0.671;60000;11282013758;B
20241010;100003;0.671;32000;11282013759;B
20241010;100003;0.6711;1000;11282013760;B
20241010;100003;0.6712;1000;11282013773;B
20241010;100003;0.6713;1000;11282013858;B
20241010;100003;0.6714;1000;11282013859;B
20241010;100003;0.6715;2000;11282013860;B
20241010;100003;0.6715;1000;11282013861;B
20241010;100003;0.6716;1000;11282013862;B
20241010;100003;0.6717;1000;11282013863;B
20241010;100003;0.6718;1000;11282013864;B
20241010;100003;0.6718;22000;11282013865;B
20241010;100003;0.6718;91000;11282013886;B
20241010;100003;0.6719;1000;11282013887;B
20241010;100003;0.6719;4000;11282013888;B
20241010;100003;0.6719;154000;11282013889;B
20241010;100003;0.6719;50000;11282013907;B
20241010;100003;0.6714;11000;11282013914;S
20241010;100003;0.672;1000;11282013934;B
20241010;100003;0.672;1000;11282013935;B
20241010;100003;0.672;28000;11282013936;B
20241010;100004;0.6716;5000;11282014350;S
20241010;100004;0.6712;17000;11282014920;S
20241010;100004;0.672;5000;11282015171;B
20241010;100004;0.6712;10000;11282015243;S
20241010;100004;0.672;1000;11282015292;B
20241010;100004;0.672;1000;11282015298;B
20241010;100004;0.6715;1000;11282015303;S
20241010;100004;0.6714;27000;11282015310;S
20241010;100004;0.6719;1000;11282015320;B
20241010;100004;0.6719;26000;11282015399;B
20241010;100004;0.6719;5000;11282015400;B
20241010;100004;0.672;81000;11282015401;B
20241010;100004;0.672;2000;11282015612;B
20241010;100004;0.672;240000;11282015734;B
20241010;100005;0.672;12000;11282015875;B
20241010;100005;0.6714;1000;11282015919;S
20241010;100005;0.6714;2000;11282015922;S
20241010;100005;0.6716;60000;11282015979;S
20241010;100005;0.6713;4000;11282016134;S
20241010;100005;0.6713;60000;11282016179;S
20241010;100005;0.6719;1000;11282016353;B
20241010;100005;0.6719;1000;11282016355;B
20241010;100005;0.6713;60000;11282016467;S
20241010;100005;0.6719;10000;11282016895;B
20241010;100005;0.6719;1000;11282017228;B
20241010;100005;0.6713;2000;11282017234;S
20241010;100005;0.6719;2000;11282017235;B
20241010;100005;0.6713;1000;11282017294;S
20241010;100006;0.6713;5000;11282018681;S
20241010;100006;0.6713;2000;11282018691;S
20241010;100006;0.6719;1000;11282018701;B
20241010;100006;0.6719;10000;11282018704;B
20241010;100006;0.6719;1000;11282019314;B
20241010;100006;0.6719;1000;11282019315;B
20241010;100006;0.6713;1000;11282019317;S
20241010;100006;0.6719;2000;11282019319;B
20241010;100006;0.6719;1000;11282019320;B
20241010;100006;0.6719;1000;11282019322;B
20241010;100006;0.6719;1000;11282019953;B
20241010;100006;0.6719;1000;11282019954;B
20241010;100006;0.6713;3000;11282019956;S
20241010;100006;0.6719;1000;11282020106;B
20241010;100006;0.6719;1000;11282020115;B
20241010;100006;0.6713;32000;11282020118;S
20241010;100006;0.6719;2000;11282020181;B
20241010;100007;0.6719;1000;11282021202;B
20241010;100007;0.6713;1000;11282021204;S
20241010;100007;0.6719;1000;11282021553;B
20241010;100007;0.6719;2000;11282021562;B
20241010;100007;0.6719;3000;11282021564;B
20241010;100007;0.6719;4000;11282022193;B
20241010;100008;0.6719;1000;11282022725;B
20241010;100008;0.6713;1000;11282022726;S
20241010;100008;0.6719;1000;11282022970;B
20241010;100008;0.6719;1000;11282022972;B
20241010;100008;0.6713;2000;11282022973;S
20241010;100008;0.6719;3000;11282023181;B
20241010;100010;0.672;1000;11282024034;B
20241010;100014;0.6719;1000;11282025007;S
20241010;100014;0.6718;354000;11282025008;S
20241010;100014;0.6713;145000;11282025009;S
20241010;100020;0.6719;47000;11282027193;B
20241010;100022;0.6719;100000;11282027864;B
20241010;100027;0.672;5000;11282029154;B
20241010;100027;0.6719;3000;11282029292;B
20241010;100027;0.672;353000;11282029293;B
20241010;100028;0.6717;2000;11282029470;B
20241010;100028;0.672;23000;11282029471;B
20241010;100029;0.672;21000;11282029524;B
20241010;100030;0.672;120000;11282029799;B
20241010;100030;0.672;107000;11282029875;B
20241010;100030;0.6721;1000;11282029876;B
20241010;100030;0.6721;1000;11282029877;B
20241010;100030;0.6722;1000;11282029878;B
20241010;100031;0.6722;10000;11282030028;S
20241010;100031;0.6723;1000;11282030106;B
20241010;100031;0.6723;20000;11282030107;B
20241010;100032;0.6724;1000;11282030247;B
20241010;100032;0.6724;57000;11282030248;B
20241010;100032;0.6725;42000;11282030249;B
20241010;100032;0.6725;18000;11282030341;B
20241010;100032;0.6725;50000;11282030342;B
20241010;100032;0.6725;1000;11282030343;B
20241010;100032;0.6725;331000;11282030344;B
20241010;100032;0.6725;270000;11282030345;B
20241010;100032;0.6725;5000;11282030346;B
20241010;100032;0.6726;1000;11282030347;B
20241010;100032;0.6727;1000;11282030348;B
20241010;100032;0.6728;1000;11282030349;B
20241010;100032;0.6729;20000;11282030350;B
20241010;100032;0.6729;1000;11282030351;B
20241010;100032;0.673;1000;11282030352;B
20241010;100032;0.673;50000;11282030353;B
20241010;100032;0.6731;1000;11282030354;B
20241010;100032;0.6732;1000;11282030355;B
20241010;100033;0.6733;1000;11282030477;B
20241010;100033;0.6734;1000;11282030504;B
20241010;100033;0.6735;1000;11282030505;B
20241010;100033;0.6736;5000;11282030506;B
20241010;100033;0.6736;1000;11282030507;B
20241010;100033;0.6737;1000;11282030508;B
20241010;100033;0.6737;50000;11282030509;B
20241010;100033;0.6738;1000;11282030510;B
20241010;100033;0.6732;200000;11282030534;S
20241010;100034;0.673;60000;11282030697;B
20241010;100034;0.673;200000;11282030735;B
20241010;100034;0.673;68000;11282030815;B
20241010;100034;0.673;70000;11282030860;B
20241010;100038;0.6723;2000;11282031746;S
20241010;100045;0.6724;1000;11282033782;S
20241010;100045;0.6728;1000;11282034017;B
20241010;100049;0.6728;1000;11282034992;B
20241010;100051;0.6724;1000;11282035737;B
20241010;100051;0.6724;1000;11282035880;B
20241010;100051;0.6728;49000;11282035881;B
20241010;100051;0.6728;50000;11282035882;B
20241010;100052;0.6727;1000;11282035943;S
20241010;100053;0.6727;1000;11282036121;B
20241010;100053;0.6727;1000;11282036157;B
20241010;100053;0.6725;1000;11282036194;B
20241010;100053;0.6725;1000;11282036303;B
20241010;100054;0.6725;200000;11282036319;B
20241010;100054;0.6721;170000;11282036343;S
20241010;100058;0.6722;5000;11282037250;B
20241010;100058;0.6723;21000;11282037251;B
20241010;100058;0.6724;5000;11282037252;B
20241010;100058;0.6725;100000;11282037253;B
20241010;100058;0.6726;19000;11282037254;B
20241010;100059;0.6724;1000;11282037700;B
20241010;100100;0.6726;81000;11282037802;B
20241010;100100;0.6729;19000;11282037803;B
20241010;100101;0.6728;1000;11282038351;B
20241010;100105;0.6721;2000;11282039362;S
20241010;100111;0.6722;1000;11282041358;S
20241010;100113;0.6724;100000;11282041704;B
20241010;100116;0.6724;2000;11282042732;B
20241010;100117;0.6724;68000;11282042797;B
20241010;100117;0.6725;52000;11282042798;B
20241010;100121;0.6724;5000;11282044077;B
20241010;100121;0.6725;48000;11282044078;B
20241010;100121;0.6725;47000;11282044079;B
20241010;100122;0.6725;1000;11282044282;B
20241010;100123;0.6725;50000;11282044540;B
20241010;100124;0.6723;4000;11282044872;S
20241010;100124;0.6722;15000;11282044873;S
20241010;100124;0.6719;1000;11282044874;S
20241010;100124;0.6719;20000;11282044875;S
20241010;100124;0.6717;1000;11282044876;S
20241010;100126;0.6719;1000;11282045432;B
20241010;100127;0.6717;49000;11282045645;S
20241010;100127;0.6716;11000;11282045646;S
20241010;100129;0.6719;1000;11282045933;B
20241010;100131;0.6719;9000;11282046410;S
20241010;100131;0.6717;5000;11282046411;S
20241010;100131;0.6717;226000;11282046412;S
20241010;100131;0.6716;100000;11282046413;S
20241010;100132;0.6715;35000;11282046582;B
20241010;100133;0.6715;3000;11282046811;B
20241010;100135;0.6715;49000;11282047193;B
20241010;100136;0.6715;11000;11282047498;B
20241010;100140;0.6715;14000;11282048337;B
20241010;100142;0.6714;3000;11282048635;S
20241010;100142;0.6715;290000;11282048717;B
20241010;100143;0.6716;10000;11282048867;S
20241010;100145;0.672;226000;11282049328;B
20241010;100145;0.6721;100000;11282049329;B
20241010;100145;0.6722;72000;11282049330;B
20241010;100146;0.6722;1000;11282049597;B
20241010;100153;0.6723;2000;11282051301;B
20241010;100156;0.6722;1000;11282051970;B
20241010;100156;0.6722;1000;11282051971;B
20241010;100156;0.6722;1000;11282051972;B
20241010;100156;0.6723;98000;11282051973;B
20241010;100156;0.6725;20000;11282051974;B
20241010;100156;0.6726;157000;11282051975;B
20241010;100156;0.6728;50000;11282051976;B
20241010;100156;0.6729;25000;11282051977;B
20241010;100156;0.6729;100000;11282051978;B
20241010;100156;0.673;402000;11282051979;B
20241010;100156;0.673;10000;11282051980;B
20241010;100156;0.6734;130000;11282051981;B
20241010;100156;0.6735;300000;11282051982;B
20241010;100156;0.6737;205000;11282051983;B
20241010;100201;0.6726;15000;11282052995;S
20241010;100202;0.6729;1000;11282053416;B
20241010;100202;0.6734;20000;11282053417;B
20241010;100203;0.6734;1000;11282053573;B
20241010;100203;0.6735;1000;11282053574;B
20241010;100210;0.6727;60000;11282055544;S
20241010;100213;0.6734;4000;11282056104;B
20241010;100213;0.6734;1000;11282056105;B
20241010;100217;0.6732;151000;11282057108;B
20241010;100217;0.6733;295000;11282057109;B
20241010;100221;0.6731;1000;11282057930;S
20241010;100221;0.673;1000;11282057931;S
20241010;100221;0.6729;1000;11282057932;S
20241010;100221;0.6727;49000;11282057933;S
20241010;100221;0.6734;4000;11282057957;B
20241010;100221;0.6735;6000;11282057958;B
20241010;100222;0.6729;60000;11282058335;S
20241010;100229;0.673;1000;11282060041;S
20241010;100229;0.6727;4000;11282060042;S
20241010;100236;0.6734;5000;11282061484;B
20241010;100236;0.6734;2000;11282061485;B
20241010;100239;0.6727;47000;11282062337;S
20241010;100239;0.6727;17000;11282062338;S
20241010;100239;0.6727;6000;11282062339;S
20241010;100241;0.6729;10000;11282063077;B
20241010;100241;0.6733;48000;11282063078;B
20241010;100241;0.6734;13000;11282063079;B
20241010;100241;0.6734;388000;11282063080;B
20241010;100241;0.6735;34000;11282063081;B
20241010;100241;0.6735;200000;11282063082;B
20241010;100241;0.6736;74000;11282063083;B
20241010;100241;0.6737;14000;11282063084;B
20241010;100241;0.6738;219000;11282063085;B
20241010;100245;0.6732;1000;11282064017;B
20241010;100248;0.6728;1000;11282064455;S
20241010;100251;0.6728;17000;11282065124;B
20241010;100255;0.6727;1000;11282065834;S
20241010;100255;0.6728;68000;11282066015;B
20241010;100255;0.6732;151000;11282066016;B
20241010;100255;0.6733;59000;11282066017;B
20241010;100255;0.6734;5000;11282066018;B
20241010;100255;0.6734;194000;11282066019;B
20241010;100255;0.6735;523000;11282066020;B
20241010;100256;0.6734;18000;11282066063;B
20241010;100256;0.6735;100000;11282066204;B
20241010;100303;0.6735;1000;11282067606;B
20241010;100305;0.6733;4000;11282067966;S
20241010;100305;0.673;1000;11282067967;S
20241010;100305;0.673;95000;11282067968;S
20241010;100309;0.6734;1000;11282068639;B
20241010;100309;0.6729;3000;11282068697;S
20241010;100310;0.6734;1000;11282068966;B
20241010;100310;0.6734;9000;11282068967;B
20241010;100310;0.6735;29000;11282068968;B
20241010;100310;0.6735;5000;11282068969;B
20241010;100310;0.6735;10000;11282068970;B
20241010;100310;0.6735;9000;11282068971;B
20241010;100310;0.6737;3000;11282068972;B
20241010;100310;0.6738;2000;11282068973;B
20241010;100310;0.6738;30000;11282068974;B
20241010;100310;0.6739;1000;11282068975;B
20241010;100310;0.6739;50000;11282068976;B
20241010;100310;0.674;1000;11282068977;B
20241010;100310;0.674;88000;11282068978;B
20241010;100310;0.6741;1000;11282068979;B
20241010;100310;0.6741;10000;11282068980;B
20241010;100310;0.6741;255000;11282068981;B
20241010;100310;0.6741;6000;11282068982;B
20241010;100310;0.6742;1000;11282068983;B
20241010;100310;0.6743;1000;11282068984;B
20241010;100310;0.6743;95000;11282068985;B
20241010;100310;0.6744;1000;11282068986;B
20241010;100310;0.6744;151000;11282068987;B
20241010;100310;0.6745;1000;11282068988;B
20241010;100310;0.6745;240000;11282068989;B
20241010;100310;0.6744;44000;11282069000;B
20241010;100310;0.6745;56000;11282069001;B
20241010;100310;0.6734;30000;11282069149;S
20241010;100311;0.6736;1000;11282069170;B
20241010;100311;0.6743;22000;11282069203;B
20241010;100311;0.6743;178000;11282069204;S
20241010;100311;0.6743;11000;11282069261;B
20241010;100311;0.6744;30000;11282069262;B
20241010;100311;0.6744;159000;11282069263;S
20241010;100311;0.674;50000;11282069403;S
20241010;100311;0.6744;6000;11282069426;B
20241010;100311;0.6745;44000;11282069427;B
20241010;100312;0.674;100000;11282069501;S
20241010;100312;0.6744;3000;11282069524;B
20241010;100312;0.6744;38000;11282069525;B
20241010;100312;0.6744;159000;11282069526;S
20241010;100312;0.6744;1000;11282069538;B
20241010;100312;0.6744;199000;11282069539;S
20241010;100312;0.6744;1000;11282069553;B
20241010;100312;0.6745;199000;11282069554;B
20241010;100312;0.6744;1000;11282069571;B
20241010;100312;0.6745;199000;11282069572;B
20241010;100312;0.674;49000;11282069584;S
20241010;100312;0.6734;226000;11282069585;S
20241010;100312;0.6733;20000;11282069586;S
20241010;100312;0.6732;100000;11282069587;S
20241010;100312;0.6731;60000;11282069588;S
20241010;100312;0.6728;1000;11282069589;S
20241010;100312;0.6728;3000;11282069590;S
20241010;100312;0.6728;6000;11282069591;S
20241010;100312;0.6728;226000;11282069592;S
20241010;100313;0.6728;52000;11282069837;B
20241010;100313;0.6728;1000;11282069838;B
20241010;100314;0.6735;1000;11282070040;B
20241010;100316;0.6727;13000;11282070348;S
20241010;100316;0.6726;3000;11282070349;S
20241010;100316;0.6726;1000;11282070350;S
20241010;100316;0.6725;8000;11282070351;S
20241010;100316;0.6733;1000;11282070489;B
20241010;100316;0.6735;2000;11282070490;B
20241010;100321;0.6732;2000;11282071579;B
20241010;100326;0.6732;45000;11282072390;B
20241010;100331;0.6732;1000;11282073331;S
20241010;100332;0.6734;1000;11282073404;B
20241010;100333;0.6732;20000;11282073684;S
20241010;100336;0.6732;34000;11282074230;S
20241010;100336;0.6732;31000;11282074231;S
20241010;100337;0.6733;9000;11282074581;B
20241010;100342;0.6732;1000;11282075760;S
20241010;100348;0.673;3000;11282077140;S
20241010;100348;0.673;10000;11282077171;B
20241010;100349;0.673;7000;11282077469;B
20241010;100352;0.673;10000;11282077945;B
20241010;100352;0.6733;3000;11282077946;B
20241010;100352;0.6733;1000;11282077947;B
20241010;100352;0.6733;1000;11282077948;B
20241010;100352;0.6733;25000;11282077949;B
20241010;100352;0.6733;1000;11282077950;B
20241010;100352;0.6733;27000;11282077973;S
20241010;100358;0.6729;2000;11282079000;S
20241010;100401;0.6729;98000;11282079860;S
20241010;100401;0.6728;9000;11282079861;S
20241010;100401;0.6725;192000;11282079862;S
20241010;100401;0.6722;3000;11282079863;S
20241010;100401;0.6722;20000;11282079864;S
20241010;100401;0.6721;11000;11282079865;S
20241010;100401;0.672;100000;11282079866;S
20241010;100402;0.6719;2000;11282079880;S
20241010;100402;0.6718;5000;11282079881;S
20241010;100402;0.6716;3000;11282079882;S
20241010;100402;0.6716;1000;11282079883;S
20241010;100402;0.6716;39000;11282079884;S
20241010;100402;0.672;67000;11282079886;B
20241010;100402;0.6729;1000;11282080030;B
20241010;100407;0.6727;3000;11282080801;B
20241010;100408;0.6726;1000;11282081258;B
20241010;100409;0.6718;2000;11282081490;S
20241010;100409;0.6716;151000;11282081491;S
20241010;100409;0.6716;4000;11282081492;S
20241010;100409;0.6715;14000;11282081493;S
20241010;100409;0.6715;1000;11282081494;S
20241010;100409;0.6715;122000;11282081495;S
20241010;100409;0.6715;100000;11282081496;S
20241010;100409;0.6714;2000;11282081497;S
20241010;100409;0.6713;150000;11282081498;S
20241010;100409;0.6713;5000;11282081499;S
20241010;100409;0.6713;2000;11282081500;S
20241010;100409;0.6712;1000;11282081501;S
20241010;100409;0.6712;10000;11282081502;S
20241010;100409;0.6712;1000;11282081503;S
20241010;100409;0.6712;435000;11282081504;S
20241010;100415;0.6722;20000;11282082587;B
20241010;100415;0.6724;20000;11282082588;B
20241010;100429;0.6722;1000;11282085102;B
20241010;100429;0.6716;1000;11282085172;S
20241010;100429;0.6714;3000;11282085173;S
20241010;100430;0.6713;2000;11282085373;S
20241010;100430;0.6713;48000;11282085374;S
20241010;100431;0.6713;103000;11282085624;S
20241010;100431;0.6712;897000;11282085625;S
20241010;100432;0.6723;2000;11282085790;B
20241010;100434;0.6713;1000;11282086117;S
20241010;100434;0.6711;149000;11282086118;S
20241010;100434;0.6712;2000;11282086183;S
20241010;100434;0.6712;58000;11282086184;S
20241010;100435;0.6722;2000;11282086488;B
20241010;100435;0.6722;148000;11282086489;B
20241010;100437;0.6722;4000;11282086874;B
20241010;100439;0.6713;1000;11282087325;S
20241010;100441;0.6719;1000;11282087624;B
20241010;100442;0.6716;5000;11282087843;S
20241010;100442;0.6712;10000;11282087844;S
20241010;100442;0.6712;1000;11282087845;S
20241010;100442;0.6712;3000;11282087846;S
20241010;100442;0.6712;1000;11282087847;S
20241010;100444;0.6711;50000;11282088163;S
20241010;100445;0.6711;60000;11282088361;S
20241010;100446;0.6711;53000;11282088536;S
20241010;100449;0.6712;5000;11282089305;B
20241010;100449;0.6713;7000;11282089306;B
20241010;100451;0.6712;7000;11282089545;S
20241010;100451;0.6711;43000;11282089546;S
20241010;100452;0.6713;226000;11282089892;B
20241010;100452;0.6714;274000;11282089893;B
20241010;100452;0.6711;135000;11282089896;S
20241010;100453;0.6712;226000;11282090073;S
20241010;100453;0.6711;874000;11282090074;S
20241010;100453;0.6711;60000;11282090078;S
20241010;100453;0.6711;200000;11282090103;S
20241010;100453;0.6711;147000;11282090104;S
20241010;100453;0.6711;1000;11282090105;S
20241010;100453;0.6711;20000;11282090106;S
20241010;100453;0.6711;1000;11282090107;S
20241010;100454;0.671;1000;11282090117;S
20241010;100454;0.6709;20000;11282090118;S
20241010;100454;0.6709;1000;11282090119;S
20241010;100454;0.6708;1000;11282090146;S
20241010;100454;0.6707;1000;11282090147;S
20241010;100454;0.6706;1000;11282090148;S
20241010;100454;0.6702;10000;11282090149;S
20241010;100454;0.6701;18000;11282090150;S
20241010;100455;0.6701;2000;11282090381;S
20241010;100455;0.67;10000;11282090382;S
20241010;100455;0.67;1000;11282090383;S
20241010;100455;0.67;5000;11282090384;S
20241010;100455;0.67;3000;11282090385;S
20241010;100455;0.67;5000;11282090386;S
20241010;100455;0.67;18000;11282090387;S
20241010;100455;0.67;7000;11282090388;S
20241010;100455;0.67;5000;11282090389;S
20241010;100455;0.6699;1000;11282090510;S
20241010;100457;0.67;1000;11282090763;B
20241010;100500;0.6698;2000;11282091575;S
20241010;100501;0.6698;1000;11282091826;S
20241010;100501;0.6697;3000;11282091827;S
20241010;100501;0.6696;4000;11282091828;S
20241010;100501;0.6695;5000;11282091829;S
20241010;100501;0.6695;5000;11282091830;S
20241010;100501;0.6694;6000;11282091831;S
20241010;100501;0.6693;7000;11282091832;S
20241010;100501;0.6692;8000;11282091833;S
20241010;100501;0.6691;9000;11282091834;S
20241010;100501;0.6691;20000;11282091835;S
20241010;100501;0.6691;2000;11282091836;S
20241010;100501;0.669;10000;11282091837;S
20241010;100501;0.669;1000;11282091838;S
20241010;100501;0.669;8000;11282091839;S
20241010;100501;0.669;41000;11282091840;S
20241010;100503;0.6689;11000;11282092158;S
20241010;100503;0.6688;12000;11282092159;S
20241010;100503;0.6688;77000;11282092160;S
20241010;100510;0.67;18000;11282094085;B
20241010;100510;0.6695;30000;11282094211;S
20241010;100510;0.6694;70000;11282094212;S
20241010;100513;0.6697;1000;11282094794;S
20241010;100518;0.6698;1000;11282096232;S
20241010;100518;0.6698;1000;11282096233;S
20241010;100518;0.6697;4000;11282096234;S
20241010;100518;0.6694;151000;11282096235;S
20241010;100518;0.6693;93000;11282096236;S
20241010;100521;0.6699;2000;11282096933;B
20241010;100524;0.6699;2000;11282097547;B
20241010;100526;0.6699;19000;11282097990;B
20241010;100531;0.6695;1000;11282098904;S
20241010;100532;0.6698;1000;11282099072;B
20241010;100539;0.6695;3000;11282100602;S
20241010;100542;0.6698;1000;11282100995;B
20241010;100543;0.6698;3000;11282101287;B
20241010;100544;0.6698;74000;11282101386;B
20241010;100546;0.6698;10000;11282101821;B
20241010;100552;0.6696;11000;11282102816;S
20241010;100552;0.6696;4000;11282102817;S
20241010;100552;0.6696;4000;11282102818;S
20241010;100552;0.6695;2000;11282102819;S
20241010;100552;0.6695;29000;11282102820;S
20241010;100553;0.6695;169000;11282103060;S
20241010;100554;0.6698;1000;11282103075;B
20241010;100605;0.6698;110000;11282105557;B
20241010;100606;0.6699;4000;11282105559;B
20241010;100607;0.6699;73000;11282105775;B
20241010;100607;0.6699;2000;11282105776;B
20241010;100607;0.67;26000;11282105778;B
20241010;100607;0.67;1000;11282105819;S
20241010;100607;0.6699;1000;11282105820;S
20241010;100610;0.6708;1000;11282106475;B
20241010;100612;0.6708;226000;11282106880;B
20241010;100612;0.6709;317000;11282106881;B
20241010;100612;0.6712;19000;11282106882;B
20241010;100612;0.6713;100000;11282106883;B
20241010;100612;0.6716;10000;11282106884;B
20241010;100612;0.6716;3000;11282106885;B
20241010;100612;0.6718;226000;11282106886;B
20241010;100612;0.6719;99000;11282106887;B
20241010;100613;0.6703;116000;11282107029;S
20241010;100613;0.6712;1000;11282107196;B
20241010;100613;0.6712;11000;11282107197;B
20241010;100613;0.6713;47000;11282107198;B
20241010;100616;0.6713;1000;11282107774;B
20241010;100619;0.6718;1000;11282108395;B
20241010;100619;0.6718;4000;11282108396;B
20241010;100626;0.6712;2000;11282110656;B
20241010;100631;0.6712;2000;11282111537;B
20241010;100633;0.6712;6000;11282112067;B
20241010;100633;0.6717;5000;11282112068;B
20241010;100633;0.6718;20000;11282112069;B
20241010;100638;0.6712;5000;11282112972;B
20241010;100641;0.6714;1000;11282113621;B
20241010;100644;0.6714;3000;11282114210;B
20241010;100644;0.6714;27000;11282114213;B
20241010;100644;0.6715;53000;11282114273;B
20241010;100644;0.6716;22000;11282114274;B
20241010;100645;0.6716;23000;11282114408;B
20241010;100645;0.6717;89000;11282114409;B
20241010;100645;0.6718;1000;11282114410;B
20241010;100645;0.6718;17000;11282114411;B
20241010;100655;0.6715;1000;11282116187;B
20241010;100655;0.6715;2000;11282116195;B
20241010;100655;0.6715;54000;11282116259;B
20241010;100655;0.6715;30000;11282116260;B
20241010;100708;0.6714;1000;11282118374;S
20241010;100709;0.6714;1000;11282118575;S
20241010;100711;0.6714;1000;11282118830;S
20241010;100712;0.6713;4000;11282119043;S
20241010;100715;0.6713;1000;11282119568;S
20241010;100715;0.6712;26000;11282119569;S
20241010;100715;0.6712;1000000;11282119570;S
20241010;100715;0.6712;304000;11282119571;S
20241010;100715;0.6711;7000;11282119572;S
20241010;100715;0.6711;43000;11282119573;S
20241010;100715;0.671;43000;11282119574;S
20241010;100716;0.6709;400000;11282119795;S
20241010;100716;0.6709;153000;11282119797;S
20241010;100720;0.6709;3000;11282120537;B
20241010;100722;0.6709;3000;11282120901;B
20241010;100722;0.671;397000;11282120902;B
20241010;100726;0.6709;1000;11282121775;B
20241010;100734;0.6709;2000;11282123254;B
20241010;100735;0.671;25000;11282123695;B
20241010;100739;0.6705;2000;11282124566;S
20241010;100739;0.6705;1000;11282124567;S
20241010;100739;0.6704;1000;11282124568;S
20241010;100739;0.6703;4000;11282124569;S
20241010;100739;0.6703;20000;11282124570;S
20241010;100739;0.6702;226000;11282124571;S
20241010;100739;0.6702;151000;11282124572;S
20241010;100739;0.6701;135000;11282124573;S
20241010;100739;0.67;3000;11282124574;S
20241010;100739;0.67;2000;11282124575;S
20241010;100739;0.67;6000;11282124576;S
20241010;100739;0.67;2000;11282124577;S
20241010;100739;0.67;100000;11282124578;S
20241010;100740;0.67;120000;11282124690;B
20241010;100740;0.67;3000;11282124705;B
20241010;100743;0.67;20000;11282125285;B
20241010;100743;0.6698;100000;11282125314;S
20241010;100744;0.6698;249000;11282125448;S
20241010;100744;0.6698;7000;11282125449;S
20241010;100744;0.6695;20000;11282125450;S
20241010;100744;0.6695;20000;11282125451;S
20241010;100744;0.6697;1000;11282125529;B
20241010;100747;0.6694;5000;11282125997;S
20241010;100747;0.6688;1000;11282125998;S
20241010;100747;0.6687;13000;11282125999;S
20241010;100747;0.6686;14000;11282126000;S
20241010;100747;0.6685;1000;11282126001;S
20241010;100748;0.6695;2000;11282126315;B
20241010;100750;0.669;2000;11282126625;S
20241010;100750;0.6686;2000;11282126626;S
20241010;100750;0.6685;14000;11282126627;S
20241010;100750;0.6684;2000;11282126628;S
20241010;100751;0.6684;3000;11282126767;S
20241010;100757;0.6696;1000;11282128033;B
20241010;100757;0.6697;1000;11282128034;B
20241010;100800;0.6686;2000;11282128666;S
20241010;100801;0.6687;1000;11282128894;S
20241010;100801;0.6686;199000;11282128895;S
20241010;100803;0.6697;3000;11282129213;B
20241010;100804;0.6697;222000;11282129481;B
20241010;100804;0.6697;55000;11282129482;S
20241010;100815;0.6695;1000;11282131488;B
20241010;100826;0.6695;3000;11282133246;B
20241010;100834;0.6695;1000;11282134443;B
20241010;100844;0.6695;4000;11282139237;B
20241010;100844;0.6691;9000;11282139254;S
20241010;100846;0.6695;2000;11282139476;B
20241010;100848;0.6695;10000;11282139725;B
20241010;100849;0.6695;5000;11282139852;B
20241010;100849;0.6695;10000;11282139880;B
20241010;100850;0.6692;3000;11282139957;S
20241010;100850;0.6691;147000;11282139958;S
20241010;100851;0.6695;2000;11282140102;B
20241010;100858;0.6691;70000;11282141441;S
20241010;100858;0.6691;151000;11282141442;S
20241010;100858;0.669;1000;11282141443;S
20241010;100858;0.669;2000;11282141444;S
20241010;100858;0.669;6000;11282141445;S
20241010;100901;0.6691;44000;11282141832;S
20241010;100903;0.6695;37000;11282142134;B
20241010;100903;0.6695;10000;11282142135;B
20241010;100903;0.6695;1000;11282142136;B
20241010;100903;0.6695;415000;11282142137;S
20241010;100904;0.669;1000;11282142468;S
20241010;100904;0.6697;7000;11282142473;B
20241010;100904;0.669;3000;11282142512;S
20241010;100905;0.6693;3000;11282142563;B
20241010;100913;0.6698;1000;11282144097;B
20241010;100917;0.669;16000;11282144877;S
20241010;100917;0.669;14000;11282144878;S
20241010;100917;0.6689;100000;11282144879;S
20241010;100917;0.6687;5000;11282144880;S
20241010;100917;0.6687;2000;11282144881;S
20241010;100917;0.6687;10000;11282144882;S
20241010;100917;0.6687;53000;11282144883;S
20241010;100922;0.6687;47000;11282145914;S
20241010;100923;0.6692;3000;11282146049;B
20241010;100929;0.6696;3000;11282147124;B
20241010;100929;0.6696;7000;11282147125;B
20241010;100929;0.6697;20000;11282147126;B
20241010;100929;0.6697;1000;11282147127;B
20241010;100929;0.6692;1000;11282147289;B
20241010;100939;0.6697;1000;11282148983;B
20241010;100939;0.6697;1000;11282148984;B
20241010;100939;0.6698;13000;11282148985;B
20241010;100940;0.6696;200000;11282149147;B
20241010;101018;0.6694;4000;11282155485;B
20241010;101022;0.6696;10000;11282156079;B
20241010;101023;0.669;10000;11282156118;S
20241010;101023;0.6689;203000;11282156119;S
20241010;101023;0.6689;5000;11282156163;B
20241010;101033;0.6689;2000;11282157677;B
20241010;101043;0.6689;400000;11282158893;B
20241010;101051;0.6689;1000;11282160041;B
20241010;101054;0.6687;20000;11282160381;S
20241010;101054;0.6687;30000;11282160382;S
20241010;101055;0.6689;45000;11282160465;B
20241010;101055;0.669;3000;11282160466;B
20241010;101055;0.6696;30000;11282160467;B
20241010;101055;0.6696;3000;11282160468;B
20241010;101055;0.6697;20000;11282160469;B
20241010;101055;0.6699;30000;11282160470;B
20241010;101055;0.6699;169000;11282160471;B
20241010;101056;0.6693;15000;11282160588;S
20241010;101103;0.6695;3000;11282161302;S
20241010;101108;0.67;1000;11282161877;B
20241010;101108;0.67;99000;11282161878;B
20241010;101108;0.67;5000;11282161930;B
20241010;101109;0.6697;3000;11282161971;S
20241010;101109;0.6695;2000;11282161972;S
20241010;101114;0.6699;5000;11282162574;B
20241010;101114;0.67;196000;11282162575;B
20241010;101114;0.67;11000;11282162576;B
20241010;101114;0.67;38000;11282162577;B
20241010;101114;0.6701;1000;11282162578;B
20241010;101114;0.6702;1000;11282162581;B
20241010;101114;0.6703;1000;11282162636;B
20241010;101114;0.6704;1000;11282162637;B
20241010;101114;0.6705;1000;11282162638;B
20241010;101114;0.6706;1000;11282162639;B
20241010;101114;0.6706;193000;11282162640;B
20241010;101114;0.6707;1000;11282162641;B
20241010;101114;0.6708;1000;11282162642;B
20241010;101114;0.6708;57000;11282162643;B
20241010;101114;0.6709;1000;11282162644;B
20241010;101114;0.6709;3000;11282162645;B
20241010;101114;0.6709;438000;11282162646;B
20241010;101114;0.6701;100000;11282162647;S
20241010;101117;0.6705;53000;11282163071;B
20241010;101117;0.6709;43000;11282163072;B
20241010;101117;0.671;99000;11282163073;B
20241010;101121;0.6708;2000;11282163576;B
20241010;101135;0.6705;90000;11282165349;S
20241010;101135;0.6702;30000;11282165350;S
20241010;101135;0.6701;49000;11282165351;S
20241010;101135;0.6701;29000;11282165352;S
20241010;101135;0.67;4000;11282165353;S
20241010;101135;0.67;1000;11282165354;S
20241010;101135;0.6697;100000;11282165355;S
20241010;101135;0.6695;1000;11282165356;S
20241010;101135;0.6691;3000;11282165357;S
20241010;101135;0.669;20000;11282165358;S
20241010;101135;0.6689;2000;11282165359;S
20241010;101135;0.6689;171000;11282165360;S
20241010;101136;0.6699;1000;11282165463;B
20241010;101140;0.6696;5000;11282166005;B
20241010;101143;0.6689;40000;11282166303;S
20241010;101150;0.6689;135000;11282167294;S
20241010;101155;0.6701;1000;11282167962;B
20241010;101159;0.67;3000;11282168780;B
20241010;101159;0.6701;2000;11282168781;B
20241010;101159;0.6701;67000;11282168924;S
20241010;101203;0.6701;1000;11282169415;S
20241010;101212;0.6696;3000;11282170490;B
20241010;101221;0.6694;1000;11282171727;S
20241010;101223;0.6696;2000;11282171952;B
20241010;101231;0.6698;3000;11282172809;B
20241010;101231;0.6698;400000;11282172810;B
20241010;101233;0.6698;2000;11282173016;B
20241010;101234;0.6698;1000;11282173183;B
20241010;101234;0.6698;1000;11282173218;B
20241010;101236;0.6698;2000;11282173460;B
20241010;101237;0.6698;1000;11282173661;B
20241010;101238;0.6697;2000;11282173759;S
20241010;101238;0.6696;18000;11282173760;S
20241010;101238;0.6694;22000;11282173761;S
20241010;101238;0.6693;5000;11282173762;S
20241010;101238;0.6693;22000;11282173763;S
20241010;101238;0.6692;186000;11282173764;S
20241010;101238;0.6692;145000;11282173765;S
20241010;101239;0.6696;3000;11282173810;B
20241010;101241;0.6696;4000;11282173956;S
20241010;101242;0.6696;28000;11282174042;B
20241010;101242;0.6697;6000;11282174043;B
20241010;101248;0.6695;5000;11282174524;S
20241010;101248;0.6694;6000;11282174525;S
20241010;101248;0.6693;5000;11282174526;S
20241010;101249;0.6697;4000;11282174574;B
20241010;101256;0.6693;2000;11282175149;S
20241010;101256;0.6693;28000;11282175150;S
20241010;101257;0.6697;30000;11282175227;B
20241010;101306;0.6697;1000;11282176094;B
20241010;101306;0.6692;8000;11282176121;S
20241010;101306;0.6692;8000;11282176122;S
20241010;101310;0.6696;5000;11282176620;B
20241010;101319;0.6696;15000;11282177367;B
20241010;101320;0.6697;30000;11282177432;B
20241010;101321;0.6695;3000;11282177712;S
20241010;101321;0.6693;151000;11282177713;S
20241010;101321;0.6693;41000;11282177714;S
20241010;101321;0.6693;55000;11282177715;S
20241010;101321;0.6692;150000;11282177716;S
20241010;101341;0.6693;55000;11282179753;S
20241010;101341;0.6691;143000;11282179754;S
20241010;101341;0.6691;9000;11282179755;S
20241010;101341;0.6691;31000;11282179756;S
20241010;101341;0.669;380000;11282179757;S
20241010;101341;0.669;50000;11282179758;S
20241010;101341;0.669;10000;11282179759;S
20241010;101341;0.669;10000;11282179760;S
20241010;101342;0.6689;8000;11282179867;S
20241010;101344;0.669;50000;11282180032;B
20241010;101353;0.6689;5000;11282181076;S
20241010;101415;0.6689;5000;11282183138;S
20241010;101421;0.669;1000;11282183665;B
20241010;101433;0.669;10000;11282184835;B
20241010;101438;0.669;13000;11282185578;B
20241010;101438;0.6689;3000;11282185629;S
20241010;101445;0.669;20000;11282186303;B
20241010;101449;0.6689;25000;11282186795;S
20241010;101449;0.6689;13000;11282186816;S
20241010;101449;0.6689;11000;11282186817;S
20241010;101458;0.6689;1000;11282187933;S
20241010;101458;0.6689;1000;11282187934;S
20241010;101458;0.6689;2000;11282187935;S
20241010;101458;0.6688;6000;11282187936;S
20241010;101459;0.6688;14000;11282188076;S
20241010;101459;0.6688;1000;11282188077;S
20241010;101459;0.6688;12000;11282188078;S
20241010;101459;0.6688;1000;11282188079;S
20241010;101459;0.6688;1000;11282188080;S
20241010;101459;0.6689;10000;11282188166;B
20241010;101459;0.6689;35000;11282188167;B
20241010;101500;0.6687;155000;11282188185;S
20241010;101500;0.6687;2000;11282188186;S
20241010;101500;0.6687;13000;11282188187;S
20241010;101500;0.6687;2000;11282188188;S
20241010;101500;0.6686;5000;11282188226;S
20241010;101500;0.6686;200000;11282188227;S
20241010;101500;0.6686;14000;11282188228;S
20241010;101500;0.6685;100000;11282188229;S
20241010;101500;0.6685;50000;11282188230;S
20241010;101500;0.6685;1000;11282188231;S
20241010;101500;0.6685;15000;11282188232;S
20241010;101500;0.6684;11000;11282188233;S
20241010;101500;0.6684;1000;11282188234;S
20241010;101500;0.6684;16000;11282188235;S
20241010;101500;0.6688;1000;11282188341;B
20241010;101500;0.6687;3000;11282188355;B
20241010;101500;0.6683;7000;11282188372;S
20241010;101500;0.6683;2000;11282188386;S
20241010;101501;0.6687;1000;11282188547;B
20241010;101504;0.6686;1000;11282188938;B
20241010;101506;0.6687;1000;11282189228;B
20241010;101510;0.6686;17000;11282189769;B
20241010;101510;0.6683;4000;11282189784;S
20241010;101510;0.6686;1000;11282189785;B
20241010;101510;0.6683;4000;11282189825;S
20241010;101510;0.6683;4000;11282189826;S
20241010;101510;0.6683;1000;11282189830;S
20241010;101510;0.6686;2000;11282189886;B
20241010;101510;0.6687;2000;11282189887;B
20241010;101510;0.6687;1000;11282189894;B
20241010;101511;0.6687;1000;11282189938;B
20241010;101511;0.6687;3000;11282190018;B
20241010;101511;0.6687;4000;11282190022;B
20241010;101512;0.6687;2000;11282190287;B
20241010;101512;0.6687;1000;11282190336;B
20241010;101512;0.6687;3000;11282190492;B
20241010;101513;0.6686;4000;11282190859;S
20241010;101514;0.6687;2000;11282190922;B
20241010;101514;0.6686;1000;11282190995;S
20241010;101515;0.6687;1000;11282191192;B
20241010;101516;0.6687;2000;11282191686;B
20241010;101516;0.6687;2000;11282191693;B
20241010;101518;0.6687;1000;11282192123;B
20241010;101518;0.6687;1000;11282192221;B
20241010;101519;0.6687;14000;11282192510;B
20241010;101519;0.6688;9000;11282192511;B
20241010;101519;0.669;5000;11282192512;B
20241010;101519;0.669;5000;11282192513;B
20241010;101519;0.669;10000;11282192514;B
20241010;101519;0.6694;189000;11282192515;B
20241010;101519;0.6694;151000;11282192516;B
20241010;101519;0.6695;100000;11282192517;B
20241010;101519;0.6696;10000;11282192518;B
20241010;101519;0.6696;30000;11282192519;B
20241010;101519;0.6698;20000;11282192520;B
20241010;101519;0.6698;10000;11282192521;B
20241010;101519;0.6698;226000;11282192522;B
20241010;101519;0.6699;221000;11282192523;B
20241010;101524;0.6691;1000;11282193791;S
20241010;101527;0.6697;76000;11282194565;B
20241010;101527;0.6699;3000;11282194566;B
20241010;101527;0.6699;17000;11282194567;B
20241010;101527;0.6701;1000;11282194568;B
20241010;101528;0.6702;1000;11282194646;B
20241010;101530;0.6696;1000;11282194985;S
20241010;101530;0.6696;3000;11282195063;S
20241010;101531;0.6703;1000;11282195184;B
20241010;101533;0.6702;1000;11282195601;B
20241010;101535;0.6703;1000;11282195878;B
20241010;101537;0.6703;1000;11282196059;B
20241010;101537;0.6703;2000;11282196171;B
20241010;101538;0.6703;5000;11282196318;B
20241010;101538;0.6703;1000;11282196319;B
20241010;101538;0.6703;1000;11282196320;B
20241010;101538;0.6704;1000;11282196321;B
20241010;101538;0.6704;1000;11282196322;B
20241010;101539;0.6702;3000;11282196432;B
20241010;101539;0.6701;2000;11282196433;B
20241010;101539;0.6701;2000;11282196448;B
20241010;101539;0.6703;2000;11282196469;B
20241010;101539;0.6705;1000;11282196492;B
20241010;101539;0.6705;151000;11282196493;B
20241010;101539;0.6706;1000;11282196494;B
20241010;101539;0.6706;204000;11282196495;B
20241010;101539;0.6706;1000;11282196500;B
20241010;101541;0.6706;2000;11282196787;B
20241010;101542;0.6706;4000;11282196824;B
20241010;101542;0.6706;2000;11282196871;B
20241010;101542;0.6706;2000;11282196883;B
20241010;101542;0.6706;3000;11282196900;B
20241010;101542;0.6706;2000;11282196905;B
20241010;101542;0.6701;1000;11282196907;S
20241010;101543;0.6706;3000;11282197020;B
20241010;101543;0.6706;1000;11282197037;B
20241010;101543;0.6706;1000;11282197085;B
20241010;101544;0.6706;2000;11282197115;B
20241010;101545;0.6706;2000;11282197321;B
20241010;101546;0.6703;1000;11282197477;S
20241010;101549;0.6706;1000;11282197990;B
20241010;101549;0.6707;1000;11282197991;B
20241010;101549;0.6708;1000;11282198027;B
20241010;101549;0.6708;1000;11282198028;B
20241010;101552;0.6704;1000;11282198521;S
20241010;101556;0.6706;1000;11282199570;B
20241010;101556;0.6708;1000;11282199592;B
20241010;101600;0.6698;1000;11282201372;S
20241010;101605;0.6708;9000;11282202753;B
20241010;101605;0.6708;1000;11282202754;B
20241010;101613;0.6707;90000;11282204769;B
20241010;101613;0.6708;1000;11282204770;B
20241010;101613;0.6708;1000;11282204771;B
20241010;101613;0.6709;1000;11282204772;B
20241010;101613;0.671;43000;11282204773;B
20241010;101614;0.6709;1000;11282204968;B
20241010;101615;0.6709;2000;11282205150;B
20241010;101620;0.6709;10000;11282205761;B
20241010;101620;0.6709;1000;11282205773;B
20241010;101622;0.6702;1000;11282206068;S
20241010;101622;0.6709;2000;11282206071;B
20241010;101624;0.6702;1000;11282206317;S
20241010;101625;0.6702;1000;11282206481;S
20241010;101630;0.6703;1000;11282207104;B
20241010;101630;0.6704;1000;11282207105;B
20241010;101630;0.6705;1000;11282207106;B
20241010;101631;0.6708;2000;11282207213;B
20241010;101631;0.6709;6000;11282207214;B
20241010;101634;0.6706;1000;11282207626;B
20241010;101634;0.6707;1000;11282207627;B
20241010;101634;0.6709;24000;11282207628;B
20241010;101634;0.6709;20000;11282207629;B
20241010;101634;0.671;148000;11282207630;B
20241010;101639;0.6702;2000;11282208276;S
20241010;101639;0.6701;2000;11282208277;S
20241010;101639;0.6701;6000;11282208278;S
20241010;101639;0.67;2000;11282208279;S
20241010;101639;0.67;20000;11282208280;S
20241010;101639;0.67;30000;11282208281;S
20241010;101639;0.67;6000;11282208282;S
20241010;101639;0.6699;2000;11282208283;S
20241010;101639;0.6699;100000;11282208284;S
20241010;101639;0.6698;1000;11282208285;S
20241010;101639;0.6694;1000;11282208286;S
20241010;101639;0.6694;28000;11282208287;S
20241010;101646;0.6708;1000;11282209131;B
20241010;101646;0.6708;2000;11282209132;B
20241010;101648;0.6707;3000;11282209505;B
20241010;101648;0.6707;35000;11282209506;B
20241010;101648;0.6708;18000;11282209507;B
20241010;101648;0.6708;20000;11282209508;B
20241010;101648;0.6708;22000;11282209509;B
20241010;101648;0.6709;1000;11282209510;B
20241010;101648;0.6709;1000;11282209511;B
20241010;101654;0.6707;1000;11282210204;B
20241010;101654;0.6702;3000;11282210252;S
20241010;101654;0.67;2000;11282210253;S
20241010;101700;0.6705;3000;11282210886;S
20241010;101700;0.6707;1000;11282210976;B
20241010;101713;0.6707;1000;11282212906;B
20241010;101713;0.6708;1000;11282212907;B
20241010;101714;0.6705;5000;11282213015;S
20241010;101728;0.6706;2000;11282214852;S
20241010;101728;0.6705;1000;11282214853;S
20241010;101730;0.6705;1000;11282215120;S
20241010;101736;0.6705;259000;11282216077;S
20241010;101736;0.6704;15000;11282216078;S
20241010;101736;0.6703;16000;11282216079;S
20241010;101736;0.6701;2000;11282216080;S
20241010;101736;0.67;10000;11282216081;S
20241010;101736;0.67;1000;11282216082;S
20241010;101736;0.67;35000;11282216083;S
20241010;101736;0.6699;1000;11282216084;S
20241010;101736;0.6699;7000;11282216085;S
20241010;101736;0.6698;1000;11282216086;S
20241010;101736;0.6697;1000;11282216087;S
20241010;101736;0.6697;20000;11282216088;S
20241010;101736;0.6697;226000;11282216089;S
20241010;101736;0.6696;1000;11282216090;S
20241010;101736;0.6695;1000;11282216091;S
20241010;101736;0.6694;1000;11282216092;S
20241010;101736;0.6694;1000;11282216093;S
20241010;101736;0.6693;1000;11282216094;S
20241010;101736;0.6693;226000;11282216095;S
20241010;101736;0.6692;1000;11282216096;S
20241010;101736;0.6692;100000;11282216097;S
20241010;101736;0.6691;12000;11282216098;S
20241010;101736;0.6691;1000;11282216099;S
20241010;101736;0.6691;61000;11282216100;S
20241010;101739;0.6696;4000;11282216422;S
20241010;101746;0.6701;2000;11282217326;B
20241010;101757;0.6696;18000;11282218944;S
20241010;101757;0.6696;68000;11282218945;S
20241010;101757;0.6696;12000;11282218946;S
20241010;101757;0.6695;11000;11282218947;S
20241010;101757;0.6694;17000;11282218948;S
20241010;101757;0.6691;1000;11282218949;S
20241010;101757;0.6691;35000;11282218950;S
20241010;101757;0.669;5000;11282218951;S
20241010;101757;0.669;50000;11282218952;S
20241010;101757;0.669;1000;11282218953;S
20241010;101757;0.669;1000;11282218954;S
20241010;101757;0.669;5000;11282218955;S
20241010;101757;0.6689;1000;11282218956;S
20241010;101757;0.6688;1000;11282218957;S
20241010;101757;0.6687;1000;11282218958;S
20241010;101757;0.6687;2000;11282218959;S
20241010;101757;0.6686;5000;11282218960;S
20241010;101757;0.6686;1000;11282218961;S
20241010;101757;0.6686;765000;11282218962;S
20241010;101800;0.6694;1000;11282219428;B
20241010;101801;0.6694;4000;11282219571;B
20241010;101801;0.6695;7000;11282219572;B
20241010;101818;0.6694;4000;11282224693;B
20241010;101820;0.6694;5000;11282225725;B
20241010;101820;0.6694;9000;11282225726;B
20241010;101821;0.6695;10000;11282225780;B
20241010;101828;0.6689;31000;11282227957;S
20241010;101828;0.6689;29000;11282227958;S
20241010;101836;0.669;8000;11282229887;S
20241010;101841;0.6693;1000;11282230773;B
20241010;101842;0.6693;9000;11282230889;B
20241010;101842;0.6694;15000;11282230890;B
20241010;101842;0.6695;10000;11282230891;B
20241010;101842;0.6695;15000;11282230892;B
20241010;101842;0.6696;35000;11282230893;B
20241010;101842;0.6698;16000;11282230894;B
20241010;101844;0.6698;2000;11282231176;B
20241010;101853;0.669;14000;11282232247;S
20241010;101853;0.669;1000;11282232248;S
20241010;101858;0.669;15000;11282232960;S
20241010;101902;0.6696;8000;11282233458;B
20241010;101902;0.6696;1000;11282233503;B
20241010;101903;0.669;2000;11282233592;S
20241010;101906;0.6692;196000;11282234084;S
20241010;101906;0.6691;4000;11282234085;S
20241010;101940;0.6692;1000;11282238168;S
20241010;101940;0.6692;2000;11282238169;S
20241010;101940;0.6691;20000;11282238170;S
20241010;101940;0.6691;8000;11282238171;S
20241010;101941;0.6697;3000;11282238238;B
20241010;101943;0.6692;45000;11282238515;S
20241010;101943;0.6692;21000;11282238516;S
20241010;101943;0.6691;34000;11282238517;S
20241010;101944;0.6697;1000;11282238586;B
20241010;101952;0.6697;1000;11282239490;B
20241010;101953;0.6692;3000;11282239608;S
20241010;102000;0.6692;5000;11282241044;S
20241010;102001;0.6697;1000;11282241101;B
20241010;102021;0.6697;14000;11282246238;B
20241010;102021;0.6697;10000;11282246239;B
20241010;102021;0.6697;10000;11282246240;B
20241010;102028;0.6699;20000;11282249049;B
20241010;102029;0.6698;29000;11282249919;S
20241010;102029;0.6698;71000;11282249920;S
20241010;102036;0.67;10000;11282253800;B
20241010;102036;0.67;10000;11282253801;B
20241010;102043;0.6701;4000;11282258237;B
20241010;102045;0.6701;1000;11282259205;B
20241010;102058;0.6701;2000;11282265239;B
20241010;102104;0.6699;8000;11282268784;S
20241010;102104;0.6699;3000;11282268785;S
20241010;102104;0.6699;2000;11282268786;S
20241010;102104;0.6698;32000;11282268787;S
20241010;102110;0.6699;10000;11282271696;S
20241010;102110;0.6698;151000;11282271697;S
20241010;102110;0.6698;75000;11282271698;S
20241010;102115;0.6701;3000;11282274446;B
20241010;102115;0.6701;8000;11282274447;B
20241010;102125;0.67;2000;11282280224;B
20241010;102130;0.67;40000;11282283193;B
20241010;102135;0.6701;1000;11282286438;B
20241010;102136;0.6701;1000;11282286664;B
20241010;102136;0.6701;1000;11282286665;B
20241010;102136;0.67;1000;11282286934;B
20241010;102151;0.67;28000;11282294378;B
20241010;102152;0.67;71000;11282294666;B
20241010;102156;0.6701;3000;11282295438;B
20241010;102156;0.6702;1000;11282295439;B
20241010;102156;0.6702;119000;11282295440;B
20241010;102158;0.6702;2000;11282295839;B
20241010;102225;0.6702;30000;11282300687;B
20241010;102236;0.6702;300000;11282302351;B
20241010;102238;0.6702;1000;11282302665;B
20241010;102238;0.6702;10000;11282302671;B
20241010;102238;0.6702;100000;11282302711;B
20241010;102240;0.6701;2000;11282302991;S
20241010;102245;0.6702;1000;11282303647;B
20241010;102247;0.6702;1000;11282303996;B
20241010;102248;0.6702;75000;11282304169;B
20241010;102252;0.6702;450000;11282304588;B
20241010;102253;0.6702;15000;11282304693;B
20241010;102253;0.6702;1000;11282304756;B
20241010;102259;0.6702;117000;11282305564;B
20241010;102259;0.6702;16000;11282305565;B
20241010;102259;0.6702;1000;11282305566;B
20241010;102259;0.6703;1000;11282305567;B
20241010;102259;0.6703;2000;11282305568;B
20241010;102259;0.6704;1000;11282305569;B
20241010;102259;0.6704;85000;11282305570;B
20241010;102259;0.6705;1000;11282305571;B
20241010;102259;0.6705;200000;11282305572;B
20241010;102259;0.6705;1000;11282305573;B
20241010;102259;0.6705;75000;11282305574;B
20241010;102259;0.6704;53000;11282305681;S
20241010;102300;0.6704;2000;11282305701;B
20241010;102311;0.6702;6000;11282307372;S
20241010;102314;0.6702;50000;11282307958;S
20241010;102315;0.6703;4000;11282308087;B
20241010;102322;0.6703;1000;11282309162;B
20241010;102324;0.6703;15000;11282309475;B
20241010;102325;0.6703;1000;11282309649;S
20241010;102325;0.6703;63000;11282309650;S
20241010;102326;0.6703;36000;11282309722;B
20241010;102326;0.6703;64000;11282309723;B
20241010;102330;0.6703;2000;11282310349;S
20241010;102331;0.6703;20000;11282310474;B
20241010;102331;0.6703;100000;11282310476;B
20241010;102338;0.6704;500000;11282311506;B
20241010;102340;0.6704;2000;11282311815;B
20241010;102347;0.6704;31000;11282312704;B
20241010;102347;0.6703;35000;11282312731;S
20241010;102354;0.6704;1000;11282313786;B
20241010;102356;0.6704;1000;11282314023;B
20241010;102356;0.6704;1000;11282314026;B
20241010;102356;0.6704;1000;11282314028;B
20241010;102356;0.6704;1000;11282314029;B
20241010;102356;0.6704;1000;11282314030;B
20241010;102356;0.6704;1000;11282314031;B
20241010;102356;0.6704;1000;11282314033;B
20241010;102356;0.6704;1000;11282314034;B
20241010;102356;0.6704;1000;11282314035;B
20241010;102356;0.6704;1000;11282314036;B
20241010;102356;0.6704;1000;11282314037;B
20241010;102356;0.6704;1000;11282314038;B
20241010;102356;0.6704;1000;11282314039;B
20241010;102356;0.6704;1000;11282314040;B
20241010;102356;0.6704;1000;11282314041;B
20241010;102356;0.6704;1000;11282314042;B
20241010;102356;0.6704;1000;11282314043;B
20241010;102356;0.6704;1000;11282314044;B
20241010;102356;0.6704;1000;11282314045;B
20241010;102356;0.6704;1000;11282314047;B
20241010;102356;0.6704;1000;11282314048;B
20241010;102356;0.6704;1000;11282314049;B
20241010;102356;0.6704;1000;11282314051;B
20241010;102356;0.6704;1000;11282314052;B
20241010;102356;0.6704;1000;11282314055;B
20241010;102356;0.6704;1000;11282314056;B
20241010;102356;0.6704;1000;11282314103;B
20241010;102356;0.6704;1000;11282314104;B
20241010;102356;0.6704;1000;11282314120;B
20241010;102356;0.6704;1000;11282314125;B
20241010;102356;0.6704;1000;11282314127;B
20241010;102356;0.6704;1000;11282314129;B
20241010;102356;0.6704;1000;11282314142;B
20241010;102356;0.6704;1000;11282314143;B
20241010;102356;0.6704;1000;11282314164;B
20241010;102356;0.6704;1000;11282314172;B
20241010;102356;0.6704;1000;11282314182;B
20241010;102356;0.6704;1000;11282314185;B
20241010;102356;0.6704;1000;11282314186;B
20241010;102356;0.6704;1000;11282314197;B
20241010;102357;0.6704;6000;11282314245;B
20241010;102357;0.6704;4000;11282314246;B
20241010;102357;0.6704;6000;11282314248;B
20241010;102357;0.6704;4000;11282314249;B
20241010;102357;0.6704;6000;11282314257;B
20241010;102357;0.6704;4000;11282314258;B
20241010;102357;0.6704;6000;11282314261;B
20241010;102357;0.6704;4000;11282314262;B
20241010;102357;0.6704;6000;11282314265;B
20241010;102357;0.6704;4000;11282314266;B
20241010;102357;0.6704;6000;11282314270;B
20241010;102357;0.6704;4000;11282314271;B
20241010;102357;0.6704;6000;11282314277;B
20241010;102357;0.6704;4000;11282314279;B
20241010;102357;0.6704;6000;11282314291;B
20241010;102357;0.6704;4000;11282314298;B
20241010;102357;0.6704;291000;11282314299;B
20241010;102357;0.6704;2000;11282314300;B
20241010;102407;0.6706;1000;11282315527;B
20241010;102407;0.6706;74000;11282315528;B
20241010;102409;0.6706;2000;11282315875;B
20241010;102412;0.6706;1000;11282316219;B
20241010;102418;0.6705;5000;11282317017;S
20241010;102418;0.6705;5000;11282317018;S
20241010;102421;0.6706;5000;11282317384;B
20241010;102423;0.6705;5000;11282317629;S
20241010;102423;0.6706;15000;11282317767;B
20241010;102427;0.6706;3000;11282318273;B
20241010;102427;0.6706;2000;11282318274;S
20241010;102427;0.6707;1000;11282318388;B
20241010;102427;0.6707;9000;11282318389;B
20241010;102438;0.6707;41000;11282320057;B
20241010;102444;0.6707;5000;11282321144;B
20241010;102444;0.6708;19000;11282321145;B
20241010;102444;0.6708;10000;11282321146;B
20241010;102444;0.6708;1000;11282321147;B
20241010;102444;0.6708;370000;11282321148;B
20241010;102444;0.6708;30000;11282321149;B
20241010;102444;0.6709;20000;11282321150;B
20241010;102444;0.6709;1000;11282321151;B
20241010;102444;0.6709;30000;11282321152;B
20241010;102444;0.6709;68000;11282321153;B
20241010;102444;0.671;1092000;11282321154;B
20241010;102444;0.671;1000;11282321155;B
20241010;102444;0.671;1000;11282321156;B
20241010;102444;0.671;20000;11282321157;B
20241010;102444;0.671;15000;11282321158;B
20241010;102444;0.6711;1000;11282321159;B
20241010;102444;0.6712;1000;11282321160;B
20241010;102444;0.6712;10000;11282321161;B
20241010;102444;0.6713;1000;11282321162;B
20241010;102444;0.6714;1000;11282321163;B
20241010;102444;0.6714;3000;11282321164;B
20241010;102444;0.6714;100000;11282321165;B
20241010;102444;0.6715;1000;11282321166;B
20241010;102444;0.6715;60000;11282321167;B
20241010;102444;0.6715;226000;11282321168;B
20241010;102444;0.6715;42000;11282321169;B
20241010;102444;0.6716;1000;11282321170;B
20241010;102444;0.6716;10000;11282321171;B
20241010;102444;0.6716;2000;11282321172;B
20241010;102444;0.6716;403000;11282321173;B
20241010;102444;0.6717;1000;11282321174;B
20241010;102444;0.6717;10000;11282321175;B
20241010;102444;0.6717;444000;11282321176;B
20241010;102444;0.6709;100000;11282321178;S
20241010;102450;0.6712;3000;11282322304;B
20241010;102502;0.6709;1000;11282324109;S
20241010;102506;0.6709;9000;11282324686;B
20241010;102506;0.6711;1000;11282324687;B
20241010;102515;0.6712;17000;11282325924;B
20241010;102515;0.6713;3000;11282325925;B
20241010;102518;0.6709;15000;11282326290;S
20241010;102518;0.6709;45000;11282326291;S
20241010;102529;0.6713;18000;11282327596;B
20241010;102547;0.6713;2000;11282330370;B
20241010;102548;0.6713;1000;11282330473;B
20241010;102554;0.6713;60000;11282331091;B
20241010;102554;0.6713;1000;11282331156;B
20241010;102554;0.6713;15000;11282331181;B
20241010;102554;0.6714;2000;11282331182;B
20241010;102554;0.6715;54000;11282331183;B
20241010;102559;0.6715;1000;11282331544;B
20241010;102609;0.6715;2000;11282333017;B
20241010;102609;0.6715;3000;11282333018;B
20241010;102612;0.6716;3000;11282333213;B
20241010;102614;0.6713;55000;11282333453;S
20241010;102614;0.6713;5000;11282333454;S
20241010;102619;0.6715;30000;11282334471;B
20241010;102619;0.6716;7000;11282334472;B
20241010;102619;0.6716;45000;11282334473;B
20241010;102619;0.6716;18000;11282334474;B
20241010;102619;0.6716;20000;11282334475;B
20241010;102619;0.6716;80000;11282334476;B
20241010;102620;0.6712;1000;11282334647;S
20241010;102635;0.6713;2000;11282336581;S
20241010;102635;0.6711;1000;11282336582;S
20241010;102643;0.6715;2000;11282337600;B
20241010;102656;0.6715;1000;11282339283;B
20241010;102656;0.6715;1000;11282339284;B
20241010;102700;0.6716;3000;11282339763;B
20241010;102704;0.6716;2000;11282340409;B
20241010;102704;0.6716;13000;11282340410;B
20241010;102710;0.6715;1000;11282341154;S
20241010;102710;0.6715;9000;11282341155;S
20241010;102711;0.6716;3000;11282341179;B
20241010;102715;0.6715;200000;11282341722;S
20241010;102718;0.6716;30000;11282342201;B
20241010;102724;0.6716;2000;11282343033;B
20241010;102743;0.6716;1000;11282345810;B
20241010;102746;0.6715;219000;11282346694;S
20241010;102750;0.6715;1000;11282348117;S
20241010;102750;0.6716;1000;11282348292;B
20241010;102758;0.6716;7000;11282350003;B
20241010;102800;0.6716;8000;11282350422;B
20241010;102802;0.6716;30000;11282350982;B
20241010;102803;0.6716;5000;11282351060;B
20241010;102803;0.6716;20000;11282351061;B
20241010;102803;0.6716;5000;11282351062;B
20241010;102803;0.6716;10000;11282351063;B
20241010;102803;0.6717;260000;11282351064;B
20241010;102814;0.6715;200000;11282353118;S
20241010;102815;0.6716;5000;11282353443;B
20241010;102834;0.6716;1000;11282356928;B
20241010;102838;0.6715;1000;11282357699;S
20241010;102841;0.6715;120000;11282358207;S
20241010;102848;0.6716;44000;11282359246;B
20241010;102848;0.6716;1000;11282359247;B
20241010;102848;0.6716;1000;11282359248;B
20241010;102848;0.6716;54000;11282359249;B
20241010;102848;0.6716;46000;11282359422;B
20241010;102848;0.6717;19000;11282359423;B
20241010;102849;0.6716;151000;11282359447;B
20241010;102849;0.6717;871000;11282359448;B
20241010;102857;0.6715;1000;11282360764;S
20241010;102902;0.6717;5000;11282361406;B
20241010;102904;0.6715;8000;11282361767;S
20241010;102912;0.6716;3000;11282363411;S
20241010;102913;0.6717;200000;11282363649;B
20241010;102914;0.6716;17000;11282363718;S
20241010;102914;0.6716;115000;11282363719;S
20241010;102914;0.6715;68000;11282363720;S
20241010;102916;0.6716;7000;11282363938;S
20241010;102918;0.6716;85000;11282364538;B
20241010;102918;0.6717;165000;11282364539;B
20241010;102919;0.6715;5000;11282364665;S
20241010;102934;0.6716;5000;11282367170;B
20241010;102936;0.6717;150000;11282367438;B
20241010;102944;0.6715;30000;11282368723;S
20241010;102946;0.6715;50000;11282368916;S
20241010;102956;0.6716;7000;11282370637;B
20241010;103000;0.6715;1000;11282371089;S
20241010;103000;0.6715;10000;11282371090;S
20241010;103000;0.6715;15000;11282371091;S
20241010;103000;0.6715;70000;11282371092;S
20241010;103001;0.6716;3000;11282371261;B
20241010;103005;0.6715;5000;11282371841;B
20241010;103005;0.6715;35000;11282371842;B
20241010;103005;0.6716;60000;11282371843;B
20241010;103007;0.6716;1000;11282372166;B
20241010;103011;0.6715;1000;11282372741;B
20241010;103011;0.6715;5000;11282372751;B
20241010;103011;0.6716;5000;11282372752;B
20241010;103012;0.6716;1000;11282372801;B
20241010;103012;0.6716;20000;11282372802;B
20241010;103012;0.6716;35000;11282372803;B
20241010;103012;0.6716;44000;11282372804;B
20241010;103012;0.6717;4000;11282372878;B
20241010;103013;0.6714;1000;11282373175;S
20241010;103013;0.6714;3000;11282373176;S
20241010;103013;0.6713;96000;11282373177;S
20241010;103013;0.6712;100000;11282373178;S
20241010;103016;0.6716;50000;11282373636;B
20241010;103026;0.6716;10000;11282375381;B
20241010;103026;0.6716;40000;11282375382;B
20241010;103029;0.6717;20000;11282375694;B
20241010;103033;0.6716;1000;11282376127;B
20241010;103034;0.6716;1000;11282376268;S
20241010;103034;0.6713;4000;11282376269;S
20241010;103036;0.6712;1000;11282376463;S
20241010;103036;0.6712;2000;11282376464;S
20241010;103036;0.6712;2000;11282376465;S
20241010;103036;0.6712;5000;11282376466;S
20241010;103036;0.6712;5000;11282376467;S
20241010;103036;0.6711;70000;11282376468;S
20241010;103036;0.6716;50000;11282376545;B
20241010;103041;0.6716;4000;11282377126;B
20241010;103042;0.6716;16000;11282377164;B
20241010;103042;0.6717;6000;11282377165;B
20241010;103049;0.6717;15000;11282378089;B
20241010;103055;0.6713;2000;11282378828;S
20241010;103055;0.6712;2000;11282378829;S
20241010;103055;0.6711;96000;11282378830;S
20241010;103058;0.6711;130000;11282379288;S
20241010;103058;0.671;200000;11282379289;S
20241010;103058;0.671;1000;11282379290;S
20241010;103103;0.671;65000;11282379916;B
20241010;103108;0.671;14000;11282380544;B
20241010;103108;0.671;10000;11282380581;B
20241010;103113;0.6709;4000;11282381080;S
20241010;103113;0.6708;3000;11282381081;S
20241010;103113;0.6708;2000;11282381082;S
20241010;103113;0.6707;1000;11282381083;S
20241010;103113;0.6707;6000;11282381084;S
20241010;103113;0.6706;20000;11282381085;S
20241010;103113;0.6706;2000;11282381086;S
20241010;103113;0.6706;85000;11282381087;S
20241010;103113;0.6705;77000;11282381088;S
20241010;103117;0.6709;100000;11282381375;B
20241010;103121;0.6706;1000;11282381996;S
20241010;103121;0.6705;22000;11282381997;S
20241010;103121;0.6705;5000;11282381998;S
20241010;103121;0.6705;1000;11282381999;S
20241010;103121;0.6705;100000;11282382000;S
20241010;103121;0.6704;6000;11282382001;S
20241010;103121;0.6704;4000;11282382002;S
20241010;103121;0.6704;10000;11282382003;S
20241010;103121;0.6704;20000;11282382004;S
20241010;103121;0.6704;1000;11282382005;S
20241010;103121;0.6704;100000;11282382006;S
20241010;103121;0.6704;35000;11282382007;S
20241010;103121;0.6703;10000;11282382008;S
20241010;103121;0.6703;11000;11282382009;S
20241010;103121;0.6703;60000;11282382010;S
20241010;103121;0.6702;226000;11282382011;S
20241010;103121;0.6702;1000;11282382014;B
20241010;103122;0.6702;2000;11282382016;B
20241010;103122;0.6702;1000;11282382017;B
20241010;103122;0.6702;1000;11282382018;B
20241010;103122;0.6702;1000;11282382021;B
20241010;103122;0.6702;1000;11282382031;B
20241010;103122;0.6702;1000;11282382036;B
20241010;103122;0.6702;1000;11282382040;B
20241010;103122;0.6702;1000;11282382048;B
20241010;103122;0.6702;1000;11282382051;B
20241010;103122;0.6702;1000;11282382054;B
20241010;103122;0.6702;77000;11282382057;B
20241010;103122;0.6702;1000;11282382058;B
20241010;103122;0.6702;1000;11282382075;B
20241010;103122;0.6702;1000;11282382095;B
20241010;103124;0.6702;151000;11282382420;S
20241010;103124;0.6701;1000;11282382421;S
20241010;103124;0.6701;1078000;11282382422;S
20241010;103124;0.6701;35000;11282382423;S
20241010;103126;0.6702;1000;11282382540;S
20241010;103126;0.6703;1000;11282382584;B
20241010;103129;0.6701;12000;11282382809;S
20241010;103129;0.67;368000;11282382810;S
20241010;103129;0.6701;15000;11282382839;S
20241010;103130;0.6703;99000;11282382908;B
20241010;103130;0.6706;1000;11282382909;B
20241010;103131;0.6702;2000;11282383060;S
20241010;103139;0.6702;2000;11282383986;S
20241010;103140;0.6708;1000;11282384080;B
20241010;103212;0.6706;1000;11282388252;B
20241010;103214;0.6702;1000;11282388391;S
20241010;103214;0.6702;1000;11282388392;S
20241010;103214;0.6702;2000;11282388393;S
20241010;103214;0.6702;196000;11282388394;S
20241010;103216;0.6706;1000;11282388677;B
20241010;103219;0.6702;5000;11282388946;S
20241010;103225;0.6705;10000;11282389735;B
20241010;103225;0.6705;23000;11282389736;B
20241010;103225;0.6706;2000;11282389737;B
20241010;103225;0.6706;18000;11282389738;B
20241010;103225;0.6706;1000;11282389739;B
20241010;103225;0.6706;23000;11282389740;B
20241010;103225;0.6708;1000;11282389741;B
20241010;103225;0.6708;22000;11282389742;B
20241010;103232;0.6703;5000;11282390596;S
20241010;103232;0.6703;10000;11282390597;S
20241010;103232;0.6702;60000;11282390598;S
20241010;103234;0.6702;89000;11282390913;S
20241010;103235;0.6701;20000;11282391154;S
20241010;103235;0.6701;230000;11282391155;S
20241010;103236;0.6702;100000;11282391437;B
20241010;103239;0.67;2000000;11282392025;S
20241010;103239;0.67;544000;11282392026;S
20241010;103239;0.67;2000;11282392027;S
20241010;103239;0.67;1000;11282392028;S
20241010;103239;0.67;100000;11282392029;S
20241010;103239;0.67;44000;11282392030;S
20241010;103239;0.67;56000;11282392031;S
20241010;103239;0.67;1000;11282392032;S
20241010;103239;0.67;100000;11282392033;S
20241010;103239;0.67;1000;11282392034;S
20241010;103239;0.67;5000;11282392035;S
20241010;103239;0.67;5000;11282392036;S
20241010;103239;0.67;1000;11282392037;S
20241010;103239;0.67;1000;11282392038;S
20241010;103239;0.67;2000;11282392039;S
20241010;103239;0.67;1000;11282392040;S
20241010;103239;0.6699;1000;11282392042;S
20241010;103239;0.6698;1000;11282392043;S
20241010;103239;0.6698;1000;11282392044;S
20241010;103239;0.6698;1000;11282392045;S
20241010;103239;0.6697;1000;11282392046;S
20241010;103239;0.6697;3000;11282392047;S
20241010;103239;0.6697;3000;11282392048;S
20241010;103239;0.6697;2000;11282392049;S
20241010;103239;0.6696;1000;11282392050;S
20241010;103239;0.6696;3000;11282392051;S
20241010;103239;0.6695;1000;11282392052;S
20241010;103239;0.6695;35000;11282392053;S
20241010;103239;0.6694;1000;11282392055;S
20241010;103239;0.6693;1000;11282392056;S
20241010;103239;0.6693;8000;11282392057;S
20241010;103240;0.6695;4000;11282392156;S
20241010;103240;0.6693;1000;11282392157;S
20241010;103240;0.6692;1000;11282392158;S
20241010;103240;0.6692;1000;11282392159;S
20241010;103240;0.6692;1000;11282392160;S
20241010;103240;0.6691;58000;11282392161;S
20241010;103240;0.6691;1000;11282392162;S
20241010;103240;0.6691;3000;11282392163;S
20241010;103241;0.67;4000;11282392348;B
20241010;103249;0.67;200000;11282393321;B
20241010;103302;0.6694;4000;11282395602;S
20241010;103302;0.6694;1000;11282395615;S
20241010;103302;0.6694;2000;11282395616;S
20241010;103306;0.6693;6000;11282396191;S
20241010;103306;0.6692;1000;11282396192;S
20241010;103306;0.6692;7000;11282396193;S
20241010;103306;0.6692;19000;11282396194;S
20241010;103306;0.6691;8000;11282396195;S
20241010;103306;0.669;1000;11282396196;S
20241010;103306;0.669;1000;11282396197;S
20241010;103306;0.669;9000;11282396198;S
20241010;103306;0.669;20000;11282396199;S
20241010;103306;0.669;17000;11282396200;S
20241010;103306;0.669;200000;11282396201;S
20241010;103308;0.6689;10000;11282396810;S
20241010;103308;0.6689;10000;11282396811;S
20241010;103308;0.6689;1000;11282396812;S
20241010;103308;0.6688;1000;11282396813;S
20241010;103308;0.6688;1000;11282396814;S
20241010;103308;0.6688;2000;11282396815;S
20241010;103308;0.6687;5000;11282396816;S
20241010;103313;0.6687;60000;11282397794;S
20241010;103318;0.6689;20000;11282398796;B
20241010;103318;0.6689;35000;11282398797;B
20241010;103320;0.6693;10000;11282399057;B
20241010;103337;0.6692;20000;11282401543;S
20241010;103340;0.67;4000;11282401857;B
20241010;103344;0.6699;1000;11282402326;B
20241010;103346;0.6697;1000;11282402475;B
20241010;103346;0.6692;1000;11282402542;S
20241010;103346;0.6691;3000;11282402543;S
20241010;103346;0.669;2000;11282402544;S
20241010;103346;0.6688;35000;11282402545;S
20241010;103346;0.6687;135000;11282402546;S
20241010;103346;0.6687;1000;11282402547;S
20241010;103346;0.6686;5000;11282402548;S
20241010;103346;0.6686;1000;11282402549;S
20241010;103346;0.6686;5000;11282402550;S
20241010;103346;0.6686;4000;11282402551;S
20241010;103346;0.6685;100000;11282402552;S
20241010;103346;0.6685;1000;11282402553;S
20241010;103346;0.6685;17000;11282402554;S
20241010;103347;0.6692;1000;11282402654;B
20241010;103348;0.6692;1000;11282402685;B
20241010;103349;0.6692;35000;11282402825;B
20241010;103349;0.6692;4000;11282402826;B
20241010;103349;0.6696;61000;11282402827;B
20241010;103353;0.6686;2000;11282403185;S
20241010;103359;0.669;49000;11282404019;S
20241010;103359;0.6689;1000;11282404020;S
20241010;103359;0.6688;1000;11282404021;S
20241010;103359;0.6688;299000;11282404022;S
20241010;103400;0.6691;5000;11282404073;B
20241010;103400;0.6692;35000;11282404074;B
20241010;103400;0.6694;1000;11282404075;B
20241010;103400;0.6698;59000;11282404076;B
20241010;103411;0.6696;19000;11282405298;B
20241010;103411;0.6696;35000;11282405299;B
20241010;103411;0.6701;1000;11282405300;B
20241010;103411;0.6701;45000;11282405301;B
20241010;103413;0.67;1000;11282405541;B
20241010;103420;0.6699;5000;11282406465;B
20241010;103422;0.67;77000;11282406722;B
20241010;103422;0.67;23000;11282406723;B
20241010;103432;0.6698;30000;11282407855;B
20241010;103432;0.6698;5000;11282407861;B
20241010;103432;0.6698;2000;11282407862;B
20241010;103443;0.6695;1000;11282409475;B
20241010;103445;0.6695;1000;11282409753;B
20241010;103446;0.6693;1000;11282409862;S
20241010;103446;0.6692;1000;11282409863;S
20241010;103446;0.6692;1000;11282409864;S
20241010;103502;0.6694;2000;11282411995;B
20241010;103507;0.6693;1000;11282412494;B
20241010;103509;0.6691;1000;11282412830;S
20241010;103509;0.669;1000;11282412831;S
20241010;103513;0.6691;3000;11282413191;S
20241010;103513;0.669;100000;11282413192;S
20241010;103513;0.6689;1000;11282413193;S
20241010;103513;0.6688;1000;11282413194;S
20241010;103513;0.6687;1000;11282413195;S
20241010;103513;0.6687;1000;11282413196;S
20241010;103513;0.6687;20000;11282413197;S
20241010;103513;0.6686;1000;11282413198;S
20241010;103513;0.6686;22000;11282413199;S
20241010;103513;0.6686;50000;11282413200;S
20241010;103515;0.6692;1000;11282413345;B
20241010;103518;0.669;1000;11282413662;S
20241010;103518;0.6689;49000;11282413663;S
20241010;103531;0.6692;35000;11282414905;B
20241010;103531;0.6692;19000;11282414906;B
20241010;103531;0.6693;5000;11282414907;B
20241010;103531;0.6693;19000;11282414908;B
20241010;103531;0.6695;1000;11282414909;B
20241010;103531;0.6696;50000;11282414910;B
20241010;103531;0.6697;20000;11282414911;B
20241010;103531;0.6697;1000;11282414912;B
20241010;103538;0.6687;5000;11282415556;S
20241010;103539;0.6686;25000;11282415615;S
20241010;103539;0.6686;14000;11282415642;S
20241010;103541;0.6688;4000;11282415762;B
20241010;103541;0.6688;7000;11282415767;B
20241010;103541;0.6693;121000;11282415832;B
20241010;103541;0.6693;29000;11282415833;B
20241010;103556;0.6687;1000;11282417765;B
20241010;103556;0.6688;1000;11282417766;B
20241010;103556;0.6689;1000;11282417767;B
20241010;103556;0.6689;36000;11282417768;B
20241010;103556;0.669;35000;11282417769;B
20241010;103556;0.669;26000;11282417770;B
20241010;103610;0.6691;1000;11282419929;B
20241010;103610;0.6691;2000;11282419930;B
20241010;103612;0.6691;2000;11282420288;B
20241010;103619;0.6688;1000;11282421442;S
20241010;103620;0.6688;1000;11282421569;S
20241010;103621;0.6687;1000;11282421840;B
20241010;103624;0.6687;1000;11282422576;B
20241010;103626;0.6688;1000;11282423181;B
20241010;103626;0.6688;4000;11282423182;B
20241010;103629;0.6687;226000;11282423793;S
20241010;103629;0.6687;1000;11282423794;S
20241010;103630;0.6686;161000;11282424077;S
20241010;103630;0.6686;20000;11282424078;S
20241010;103630;0.6686;26000;11282424079;S
20241010;103631;0.6689;1000;11282424300;B
20241010;103631;0.6689;4000;11282424301;B
20241010;103632;0.6691;1000;11282424416;B
20241010;103632;0.6691;5000;11282424417;B
20241010;103645;0.669;2000;11282426769;B
20241010;103650;0.6689;3000;11282427532;B
20241010;103650;0.6689;35000;11282427533;B
20241010;103650;0.669;48000;11282427534;B
20241010;103650;0.6691;3000;11282427535;B
20241010;103650;0.6691;61000;11282427536;B
20241010;103705;0.6694;20000;11282430664;B
20241010;103705;0.6694;35000;11282430665;B
20241010;103705;0.6697;95000;11282430666;B
20241010;103722;0.6689;1000;11282433021;B
20241010;103729;0.6689;20000;11282433804;B
20241010;103754;0.6689;5000;11282437059;B
20241010;103754;0.6689;2000;11282437110;B
20241010;103759;0.6687;1000;11282437951;S
20241010;103811;0.6689;5000;11282439709;B
20241010;103816;0.6686;1000;11282440256;S
20241010;103827;0.6686;2000;11282441408;S
20241010;103827;0.6686;1000;11282441409;S
20241010;103827;0.6686;4000;11282441410;S
20241010;103829;0.6687;50000;11282441569;S
20241010;103834;0.6686;3000;11282442276;S
20241010;103856;0.6686;3000;11282444608;S
20241010;103900;0.6686;31000;11282444968;S
20241010;103904;0.6689;1000;11282445420;B
20241010;103907;0.6689;15000;11282445626;B
20241010;103916;0.6689;1000;11282446583;B
20241010;103920;0.6689;1000;11282446984;B
20241010;103920;0.6689;4000;11282446985;B
20241010;103930;0.6687;38000;11282447859;S
20241010;103930;0.6686;2000;11282447860;S
20241010;103930;0.6686;11000;11282447861;S
20241010;103930;0.6686;15000;11282447862;S
20241010;103930;0.6686;1000;11282447863;S
20241010;103930;0.6686;31000;11282447864;S
20241010;103930;0.6686;125000;11282447865;S
20241010;103930;0.6686;129000;11282447866;S
20241010;103930;0.6685;670000;11282447867;S
20241010;103930;0.6687;27000;11282447873;B
20241010;103930;0.6688;173000;11282447874;B
20241010;103934;0.6688;1000;11282448358;S
20241010;103937;0.6689;10000;11282448785;B
20241010;103941;0.6688;45000;11282449312;S
20241010;103942;0.6689;90000;11282449336;B
20241010;103942;0.669;21000;11282449337;B
20241010;103951;0.669;579000;11282450246;B
20241010;103951;0.669;421000;11282450247;B
20241010;103951;0.669;329000;11282450248;B
20241010;103951;0.669;120000;11282450249;B
20241010;103951;0.6697;11000;11282450286;S
20241010;104009;0.6695;5000;11282452265;B
20241010;104034;0.6699;1000;11282455001;S
20241010;104037;0.6699;1000;11282455246;S
20241010;104037;0.6699;1000;11282455258;S
20241010;104037;0.6699;4000;11282455264;S
20241010;104037;0.6699;3000;11282455265;S
20241010;104037;0.6698;1000;11282455340;B
20241010;104048;0.669;1000;11282456560;S
20241010;104048;0.669;4000;11282456561;S
20241010;104048;0.6689;1000;11282456562;S
20241010;104048;0.6689;2000;11282456563;S
20241010;104107;0.6699;6000;11282458660;B
20241010;104115;0.669;16000;11282459687;S
20241010;104124;0.6699;1000;11282460721;B
20241010;104125;0.6697;46000;11282460821;B
20241010;104125;0.6698;355000;11282460822;B
20241010;104134;0.6696;1000;11282461744;B
20241010;104134;0.6697;1000;11282461745;B
20241010;104134;0.6699;13000;11282461746;B
20241010;104145;0.6694;1000;11282463169;B
20241010;104158;0.669;150000;11282464586;S
20241010;104159;0.669;100000;11282464677;S
20241010;104203;0.669;1000;11282465128;B
20241010;104223;0.6688;1000;11282467331;S
20241010;104223;0.6687;19000;11282467332;S
20241010;104228;0.669;1000;11282467893;B
20241010;104251;0.6688;1000;11282470424;S
20241010;104251;0.6687;6000;11282470425;S
20241010;104300;0.6689;62000;11282471292;S
20241010;104300;0.6688;78000;11282471293;S
20241010;104300;0.6688;41000;11282471294;S
20241010;104300;0.6687;19000;11282471295;S
20241010;104315;0.6685;6000;11282473204;S
20241010;104323;0.6685;55000;11282474056;S
20241010;104323;0.6685;2000;11282474057;S
20241010;104323;0.6685;1000;11282474058;S
20241010;104323;0.6685;8000;11282474059;S
20241010;104323;0.6685;3000;11282474060;S
20241010;104355;0.669;2000;11282477102;B
20241010;104355;0.669;146000;11282477111;B
20241010;104405;0.6688;7000;11282478217;S
20241010;104416;0.6691;1000;11282479359;S
20241010;104426;0.6699;2000;11282480446;B
20241010;104427;0.6699;1000;11282480632;B
20241010;104427;0.6699;1000;11282480665;B
20241010;104430;0.6699;2000;11282480955;B
20241010;104443;0.6692;1000;11282482561;S
20241010;104443;0.6692;35000;11282482562;S
20241010;104443;0.6692;16000;11282482563;S
20241010;104443;0.6692;15000;11282482564;S
20241010;104443;0.6692;16000;11282482570;B
20241010;104443;0.6692;16000;11282482581;B
20241010;104443;0.6692;16000;11282482587;B
20241010;104443;0.6692;16000;11282482588;B
20241010;104443;0.6692;16000;11282482590;B
20241010;104443;0.6692;16000;11282482593;B
20241010;104443;0.6692;16000;11282482595;B
20241010;104443;0.6692;16000;11282482601;B
20241010;104443;0.6692;15000;11282482605;B
20241010;104512;0.6691;1000;11282485532;S
20241010;104512;0.6691;1000;11282485533;S
20241010;104512;0.669;250000;11282485534;S
20241010;104512;0.669;11000;11282485535;S
20241010;104523;0.6689;1000;11282486116;B
20241010;104523;0.6689;1000;11282486117;B
20241010;104524;0.6689;1000;11282486167;S
20241010;104524;0.6689;2000;11282486168;S
20241010;104544;0.6688;345000;11282487707;S
20241010;104550;0.669;237000;11282488531;B
20241010;104550;0.6692;290000;11282488537;B
20241010;104551;0.6698;1000;11282488569;B
20241010;104555;0.6695;37000;11282489310;S
20241010;104613;0.67;6000;11282491637;B
20241010;104618;0.67;18000;11282492191;B
20241010;104624;0.67;1000;11282492982;B
20241010;104624;0.6697;14000;11282493161;S
20241010;104624;0.6697;35000;11282493162;S
20241010;104624;0.6696;14000;11282493163;S
20241010;104624;0.6695;5000;11282493164;S
20241010;104624;0.6695;1000;11282493165;S
20241010;104659;0.6699;2000;11282496988;B
20241010;104701;0.6699;2000;11282497261;B
20241010;104713;0.6698;3000;11282498743;B
20241010;104713;0.6698;22000;11282498744;B
20241010;104713;0.6698;18000;11282498745;B
20241010;104713;0.6699;1000;11282498746;B
20241010;104713;0.6699;500000;11282498747;B
20241010;104713;0.6699;18000;11282498748;B
20241010;104716;0.6699;3000;11282499163;S
20241010;104717;0.6699;3000;11282499264;S
20241010;104719;0.6699;3000;11282499528;S
20241010;104719;0.6699;29000;11282499529;S
20241010;104719;0.6697;3000;11282499530;S
20241010;104730;0.6696;31000;11282500690;B
20241010;104734;0.6696;9000;11282501182;B
20241010;104738;0.6695;5000;11282501684;S
20241010;104738;0.6695;4000;11282501685;S
20241010;104738;0.6693;21000;11282501686;S
20241010;104738;0.6692;21000;11282501687;S
20241010;104738;0.6692;9000;11282501688;S
20241010;104755;0.6693;1000;11282504135;B
20241010;104756;0.6694;1000;11282504317;B
20241010;104756;0.6694;1000;11282504318;B
20241010;104757;0.6694;1000;11282504354;S
20241010;104802;0.6696;1000;11282504885;B
20241010;104809;0.67;1000;11282505774;B
20241010;104814;0.6695;1000;11282506294;S
20241010;104814;0.6695;35000;11282506295;S
20241010;104814;0.6695;24000;11282506296;S
20241010;104817;0.6699;1000;11282506678;B
20241010;104817;0.6699;1000;11282506679;B
20241010;104856;0.6695;1000;11282511101;S
20241010;104857;0.6698;1000;11282511180;B
20241010;104857;0.6699;6000;11282511181;B
20241010;104857;0.6699;13000;11282511182;B
20241010;104858;0.6698;1000;11282511204;B
20241010;104905;0.67;4000;11282512120;B
20241010;104905;0.67;10000;11282512121;B
20241010;104905;0.67;20000;11282512122;B
20241010;104905;0.67;66000;11282512123;B
20241010;104908;0.67;100000;11282512447;B
20241010;104909;0.67;1000;11282512615;B
20241010;104910;0.67;1000;11282512705;B
20241010;104931;0.67;50000;11282515418;B
20241010;104949;0.67;120000;11282517420;B
20241010;104949;0.67;1000;11282517438;B
20241010;104953;0.67;2000;11282517880;B
20241010;104953;0.67;47000;11282517904;B
20241010;104953;0.67;2000;11282517905;B
20241010;104959;0.6702;1000;11282518646;B
20241010;104959;0.6703;1000;11282518647;B
20241010;105010;0.6703;1000;11282521653;B
20241010;105013;0.6703;3000;11282522400;B
20241010;105020;0.6704;1000;11282524074;B
20241010;105030;0.6703;5000;11282525712;S
20241010;105036;0.6703;19000;11282526646;S
20241010;105040;0.6703;3000;11282527326;B
20241010;105054;0.6702;5000;11282528999;S
20241010;105100;0.6703;1000;11282530218;B
20241010;105106;0.6703;1000;11282530716;B
20241010;105106;0.6703;2000;11282530717;B
20241010;105106;0.6704;27000;11282530718;B
20241010;105108;0.6704;1000;11282530868;B
20241010;105108;0.6704;2000;11282530870;B
20241010;105108;0.6704;2000;11282530871;B
20241010;105108;0.6704;147000;11282530872;B
20241010;105108;0.6704;71000;11282530873;B
20241010;105108;0.6705;1000;11282530874;B
20241010;105108;0.6705;2000;11282530875;B
20241010;105108;0.6706;1000;11282530876;B
20241010;105108;0.6706;1000;11282530877;B
20241010;105108;0.6706;1000;11282530879;B
20241010;105108;0.6707;2000;11282530880;B
20241010;105108;0.6707;1000;11282530881;B
20241010;105108;0.6708;1000;11282530885;B
20241010;105108;0.6708;8000;11282530890;B
20241010;105108;0.6709;2000;11282530891;B
20241010;105115;0.6703;2000;11282531543;S
20241010;105115;0.6708;19000;11282531616;B
20241010;105115;0.6709;1000;11282531617;B
20241010;105118;0.6703;3000;11282531859;S
20241010;105118;0.6703;17000;11282531860;S
20241010;105119;0.6708;10000;11282531979;B
20241010;105119;0.6708;1000;11282531980;B
20241010;105119;0.6709;79000;11282531981;B
20241010;105124;0.6708;4000;11282532754;B
20241010;105131;0.6708;1000;11282533671;B
20241010;105131;0.6709;18000;11282533672;B
20241010;105131;0.6709;1000;11282533673;B
20241010;105131;0.6709;1000;11282533674;B
20241010;105131;0.6709;6000;11282533675;B
20241010;105131;0.6709;3000;11282533676;B
20241010;105131;0.671;1000;11282533677;B
20241010;105131;0.671;69000;11282533678;B
20241010;105133;0.6709;2000;11282533927;B
20241010;105138;0.6709;1000;11282534610;B
20241010;105150;0.6709;1000;11282536395;B
20241010;105156;0.6709;1000;11282537113;B
20241010;105204;0.6704;2000;11282538384;S
20241010;105206;0.6709;5000;11282538686;B
20241010;105206;0.6709;14000;11282538687;B
20241010;105210;0.671;10000;11282539336;B
20241010;105210;0.6711;1000;11282539337;B
20241010;105210;0.6711;9000;11282539338;B
20241010;105210;0.6712;1000;11282539339;B
20241010;105210;0.6712;9000;11282539340;B
20241010;105210;0.6712;118000;11282539341;B
20241010;105210;0.6713;1000;11282539342;B
20241010;105210;0.6713;50000;11282539343;B
20241010;105210;0.6713;10000;11282539344;B
20241010;105210;0.6713;60000;11282539345;B
20241010;105210;0.6713;157000;11282539346;B
20241010;105210;0.6714;1000;11282539347;B
20241010;105210;0.6714;1000;11282539348;B
20241010;105210;0.6714;3000;11282539349;B
20241010;105210;0.6714;1000;11282539350;B
20241010;105210;0.6714;20000;11282539351;B
20241010;105210;0.6714;972000;11282539352;B
20241010;105210;0.6715;1000;11282539353;B
20241010;105210;0.6715;20000;11282539354;B
20241010;105210;0.6715;1024000;11282539355;B
20241010;105248;0.6709;31000;11282543450;S
20241010;105248;0.6709;69000;11282543451;S
20241010;105254;0.6709;25000;11282544214;S
20241010;105254;0.6709;3000;11282544215;S
20241010;105254;0.6709;3000;11282544216;S
20241010;105254;0.6708;5000;11282544217;S
20241010;105254;0.6708;5000;11282544218;S
20241010;105254;0.6708;100000;11282544219;S
20241010;105254;0.6708;20000;11282544220;S
20241010;105254;0.6707;325000;11282544221;S
20241010;105254;0.6708;172000;11282544222;S
20241010;105326;0.6708;1000;11282547694;B
20241010;105326;0.6709;1000;11282547695;B
20241010;105326;0.671;1000;11282547696;B
20241010;105326;0.6712;1000;11282547697;B
20241010;105331;0.6712;1000;11282548502;S
20241010;105351;0.6713;18000;11282550695;B
20241010;105351;0.6712;3000;11282550696;S
20241010;105351;0.6712;99000;11282550697;S
20241010;105354;0.6713;2000;11282550929;B
20241010;105414;0.6712;9000;11282552755;S
20241010;105415;0.6713;10000;11282553005;B
20241010;105416;0.6713;19000;11282553026;B
20241010;105427;0.6712;10000;11282555134;S
20241010;105429;0.6712;64000;11282555462;S
20241010;105430;0.6712;1000;11282555605;B
20241010;105434;0.671;30000;11282556034;S
20241010;105454;0.6707;1200000;11282558678;S
20241010;105454;0.6707;13000;11282558686;S
20241010;105454;0.6707;284000;11282558687;S
20241010;105454;0.6707;50000;11282558688;S
20241010;105457;0.6707;1000;11282559033;B
20241010;105503;0.6704;50000;11282559922;S
20241010;105505;0.6705;1000;11282560157;B
20241010;105514;0.6705;1000;11282560933;B
20241010;105523;0.6705;1000;11282561629;S
20241010;105535;0.6705;1000;11282562944;B
20241010;105535;0.6706;1000;11282562945;B
20241010;105535;0.6706;2000;11282562946;B
20241010;105538;0.6704;2000;11282563145;S
20241010;105541;0.6708;3000;11282563354;B
20241010;105541;0.6708;1000;11282563416;B
20241010;105546;0.6704;3000;11282563907;S
20241010;105601;0.6707;1000;11282566041;B
20241010;105601;0.6708;1000;11282566042;B
20241010;105601;0.6708;48000;11282566043;B
20241010;105604;0.6707;5000;11282566308;B
20241010;105604;0.6709;1000;11282566309;B
20241010;105625;0.6707;1000;11282569125;B
20241010;105646;0.6707;6000;11282571888;B
20241010;105646;0.6707;1000;11282571889;B
20241010;105646;0.6708;93000;11282571890;B
20241010;105653;0.6705;1000;11282572447;S
20241010;105708;0.6704;95000;11282574119;S
20241010;105708;0.6704;4000;11282574120;S
20241010;105708;0.6704;10000;11282574121;S
20241010;105708;0.6704;50000;11282574122;S
20241010;105710;0.6702;127000;11282574375;S
20241010;105710;0.6702;50000;11282574376;S
20241010;105710;0.6701;1000;11282574377;S
20241010;105710;0.67;5000;11282574378;S
20241010;105710;0.67;1000;11282574379;S
20241010;105714;0.6701;1000;11282574773;S
20241010;105825;0.6703;1000;11282582085;B
20241010;105833;0.6703;1000;11282582997;S
20241010;105833;0.6702;1000;11282582998;S
20241010;105833;0.6701;1000;11282582999;S
20241010;105833;0.6701;5000;11282583000;S
20241010;105835;0.6704;1000;11282583163;B
20241010;105835;0.6705;1000;11282583164;B
20241010;105835;0.6706;5000;11282583165;B
20241010;105835;0.6707;6000;11282583166;B
20241010;105838;0.6707;2000;11282583637;B
20241010;105844;0.6707;7000;11282584286;B
20241010;105851;0.6707;1000;11282585344;B
20241010;105853;0.6707;3000;11282585490;B
20241010;105853;0.6704;1000;11282585539;S
20241010;105853;0.6703;3000;11282585540;S
20241010;105911;0.6707;3000;11282588768;B
20241010;105933;0.6707;6000;11282592134;B
20241010;105934;0.6708;21000;11282592152;B
20241010;105951;0.6708;26000;11282593943;B
20241010;105957;0.6707;3000;11282594458;S
20241010;105957;0.6705;1000;11282594459;S
20241010;110001;0.6708;96000;11282595006;B
20241010;110001;0.6708;1000;11282595007;B
20241010;110001;0.6709;91000;11282595008;B
20241010;110007;0.6709;88000;11282595708;B
20241010;110007;0.6712;20000;11282595709;B
20241010;110007;0.6712;151000;11282595710;B
20241010;110007;0.6713;71000;11282595711;B
20241010;110007;0.6713;10000;11282595712;B
20241010;110007;0.6713;400000;11282595713;B
20241010;110014;0.6709;30000;11282596461;S
20241010;110014;0.6709;2000;11282596462;S
20241010;110016;0.6713;100000;11282596712;B
20241010;110020;0.6713;1000;11282597399;B
20241010;110026;0.6708;1000;11282598006;B
20241010;110026;0.671;1000;11282598007;B
20241010;110026;0.6712;8000;11282598008;B
20241010;110027;0.6709;1000;11282598110;B
20241010;110027;0.6712;4000;11282598111;B
20241010;110037;0.6708;1000;11282599394;B
20241010;110037;0.6709;1000;11282599395;B
20241010;110037;0.671;1000;11282599396;B
20241010;110037;0.6712;1000;11282599397;B
20241010;110037;0.6713;126000;11282599398;B
20241010;110045;0.6711;92000;11282601026;S
20241010;110045;0.671;35000;11282601027;S
20241010;110045;0.671;226000;11282601028;S
20241010;110045;0.671;151000;11282601029;S
20241010;110045;0.6709;242000;11282601030;S
20241010;110113;0.671;1000;11282604887;S
20241010;110115;0.6711;1000;11282605079;B
20241010;110115;0.6712;7000;11282605080;B
20241010;110139;0.6712;2000;11282611284;B
20241010;110152;0.6712;1000;11282614271;B
20241010;110204;0.6712;150000;11282616780;B
20241010;110217;0.6712;1000;11282619417;B
20241010;110221;0.671;3000;11282620154;S
20241010;110222;0.6712;5000;11282620373;B
20241010;110225;0.6711;1000;11282620985;B
20241010;110225;0.6711;2000;11282620986;B
20241010;110231;0.671;1000;11282622051;S
20241010;110231;0.6709;5000;11282622052;S
20241010;110231;0.6709;1000;11282622053;S
20241010;110231;0.6708;12000;11282622054;S
20241010;110231;0.6707;20000;11282622055;S
20241010;110231;0.6707;10000;11282622056;S
20241010;110231;0.6705;20000;11282622057;S
20241010;110231;0.6704;5000;11282622058;S
20241010;110231;0.6704;216000;11282622059;S
20241010;110231;0.6708;1000;11282622082;B
20241010;110231;0.6709;1000;11282622087;B
20241010;110231;0.6708;1000;11282622091;B
20241010;110231;0.6709;1000;11282622121;B
20241010;110231;0.6708;1000;11282622126;B
20241010;110231;0.6709;1000;11282622131;B
20241010;110231;0.6709;1000;11282622132;B
20241010;110231;0.6709;1000;11282622134;B
20241010;110231;0.6709;1000;11282622136;B
20241010;110231;0.6709;1000;11282622139;B
20241010;110231;0.6709;1000;11282622160;B
20241010;110257;0.6707;10000;11282627032;S
20241010;110302;0.6709;10000;11282627741;B
20241010;110321;0.6706;20000;11282631357;S
20241010;110328;0.6709;3000;11282632406;B
20241010;110329;0.6709;5000;11282632545;B
20241010;110333;0.6709;17000;11282633123;B
20241010;110336;0.6709;10000;11282633524;B
20241010;110405;0.6707;5000;11282637887;B
20241010;110417;0.6707;60000;11282639448;B
20241010;110417;0.6707;6000;11282639449;B
20241010;110419;0.6707;1000;11282639932;S
20241010;110428;0.6708;3000;11282641636;B
20241010;110435;0.6708;2000;11282642978;B
20241010;110435;0.6709;23000;11282642979;B
20241010;110439;0.6707;60000;11282643658;S
20241010;110500;0.6707;1000;11282647402;S
20241010;110511;0.6707;1000;11282649394;S
20241010;110511;0.6706;29000;11282649395;S
20241010;110526;0.6708;2000;11282652348;B
20241010;110526;0.6708;58000;11282652454;B
20241010;110527;0.6709;7000;11282652603;B
20241010;110527;0.6709;1000;11282652694;B
20241010;110542;0.6709;116000;11282655262;B
20241010;110543;0.671;1000;11282655441;B
20241010;110548;0.6709;2000;11282656627;S
20241010;110605;0.671;2000;11282659439;B
20241010;110657;0.671;1000;11282672850;B
20241010;110713;0.671;56000;11282676650;B
20241010;110713;0.6711;33000;11282676651;B
20241010;110734;0.671;30000;11282682571;B
20241010;110736;0.6711;3000;11282683456;B
20241010;110736;0.6711;3000;11282683504;B
20241010;110736;0.6711;3000;11282683542;B
20241010;110737;0.6711;3000;11282683785;B
20241010;110739;0.6711;2000;11282684179;B
20241010;110740;0.6711;100000;11282684355;B
20241010;110745;0.6711;1000;11282685666;B
20241010;110758;0.6711;100000;11282688659;B
20241010;110813;0.671;1000;11282692363;S
20241010;110824;0.6711;1000;11282694803;B
20241010;110829;0.671;1000;11282695928;S
20241010;110841;0.671;22000;11282698472;S
20241010;110841;0.671;11000;11282698473;S
20241010;110841;0.671;120000;11282698474;S
20241010;110841;0.671;51000;11282698475;S
20241010;110841;0.6709;18000;11282698476;S
20241010;110853;0.671;5000;11282701233;B
20241010;110920;0.671;5000;11282706623;S
20241010;110920;0.671;65000;11282706624;S
20241010;110922;0.671;54000;11282706947;S
20241010;110933;0.6711;10000;11282709377;B
20241010;110939;0.671;8000;11282710622;S
20241010;110942;0.6711;1000;11282711160;B
20241010;110947;0.671;1000;11282712025;S
20241010;110947;0.6711;4000;11282712033;B
20241010;110959;0.6711;111000;11282715850;B
20241010;111002;0.6711;7000;11282716492;B
20241010;111003;0.6711;5000;11282716721;B
20241010;111004;0.671;40000;11282716911;S
20241010;111011;0.6711;15000;11282718454;B
20241010;111026;0.671;2000;11282721605;S
20241010;111041;0.6711;10000;11282724453;B
20241010;111042;0.671;1000;11282724554;S
20241010;111056;0.6711;15000;11282727220;B
20241010;111119;0.6711;8000;11282733493;B
20241010;111122;0.6711;1000;11282735499;B
20241010;111134;0.6711;6000;11282744945;B
20241010;111145;0.6711;1000;11282753987;B
20241010;111146;0.6711;1000;11282754789;B
20241010;111151;0.671;5000;11282758759;S
20241010;111210;0.671;85000;11282773888;S
20241010;111211;0.6711;4000;11282774815;B
20241010;111214;0.671;2000;11282776831;S
20241010;111251;0.6711;1000;11282810113;B
20241010;111302;0.6711;1000;11282820779;B
20241010;111309;0.671;25000;11282827971;S
20241010;111310;0.6711;500000;11282829531;B
20241010;111316;0.6711;2000;11282835347;B
20241010;111324;0.6711;1000;11282843597;B
20241010;111328;0.6711;1000;11282847095;B
20241010;111337;0.6711;6000;11282856954;B
20241010;111345;0.671;9000;11282865973;S
20241010;111347;0.6711;1000;11282868287;B
20241010;111352;0.6711;1000;11282874113;B
20241010;111352;0.6711;97000;11282874161;B
20241010;111352;0.671;1000;11282874663;S
20241010;111355;0.6711;10000;11282877833;B
20241010;111405;0.671;1000;11282888255;S
20241010;111406;0.6711;235000;11282890075;B
20241010;111410;0.6711;1000;11282894245;B
20241010;111430;0.6711;1000;11282915049;B
20241010;111440;0.6711;1000;11282923372;B
20241010;111441;0.671;19000;11282924193;S
20241010;111453;0.671;1000;11282935271;S
20241010;111504;0.6711;60000;11282944700;B
20241010;111514;0.6711;6000;11282953530;B
20241010;111522;0.6711;137000;11282960338;B
20241010;111527;0.6711;179000;11282966398;B
20241010;111527;0.6711;133000;11282966399;B
20241010;111527;0.6711;22000;11282966401;B
20241010;111531;0.671;7000;11282969383;S
20241010;111531;0.6711;3000;11282969384;B
20241010;111535;0.6711;1000;11282973096;B
20241010;111540;0.6711;2000;11282978290;B
20241010;111540;0.6711;3000;11282978291;B
20241010;111542;0.6711;1000;11282980677;B
20241010;111549;0.6711;1000;11282987256;B
20241010;111550;0.6711;5000;11282988538;B
20241010;111554;0.6711;12000;11282992771;B
20241010;111554;0.6712;38000;11282992772;B
20241010;111554;0.6712;62000;11282992773;B
20241010;111602;0.6713;20000;11283001200;B
20241010;111602;0.6713;2000;11283001201;B
20241010;111602;0.6714;20000;11283001202;B
20241010;111602;0.6714;100000;11283001203;B
20241010;111602;0.6714;1000;11283001204;B
20241010;111602;0.6715;7000;11283001205;B
20241010;111621;0.6715;100000;11283020035;B
20241010;111621;0.6715;1000;11283020705;B
20241010;111627;0.6715;3000;11283026567;B
20241010;111627;0.6715;3000;11283026641;B
20241010;111627;0.6715;3000;11283026684;B
20241010;111627;0.6715;3000;11283026783;B
20241010;111627;0.6715;3000;11283026801;B
20241010;111627;0.6715;3000;11283026851;B
20241010;111627;0.6715;3000;11283026921;B
20241010;111627;0.6715;3000;11283027003;B
20241010;111627;0.6715;3000;11283027008;B
20241010;111627;0.6715;2000;11283027012;B
20241010;111631;0.6715;314000;11283030345;B
20241010;111634;0.6715;100000;11283033284;B
20241010;111636;0.6715;1000;11283035926;B
20241010;111642;0.6715;9000;11283042683;B
20241010;111705;0.6715;2000;11283067651;B
20241010;111724;0.6715;8000;11283087584;B
20241010;111727;0.6715;1000;11283090548;B
20241010;111729;0.6715;100000;11283092544;B
20241010;111734;0.6715;2000;11283095985;B
20241010;111743;0.6715;3000;11283104399;B
20241010;111756;0.6713;1000;11283116223;S
20241010;111759;0.6715;1000;11283118690;B
20241010;111803;0.6715;298000;11283122412;B
20241010;111803;0.6715;1000;11283122413;B
20241010;111803;0.6716;1000;11283122430;B
20241010;111803;0.6716;20000;11283122431;B
20241010;111803;0.6716;226000;11283122442;B
20241010;111803;0.6717;121000;11283122443;B
20241010;111803;0.6717;165000;11283122447;B
20241010;111803;0.6717;38000;11283122448;B
20241010;111803;0.6717;66000;11283122451;B
20241010;111803;0.6717;62000;11283122453;B
20241010;111803;0.6717;36000;11283122455;B
20241010;111803;0.6717;40000;11283122459;B
20241010;111803;0.6717;14000;11283122464;B
20241010;111803;0.6717;5000;11283122516;B
20241010;111805;0.6713;1000;11283124507;S
20241010;111805;0.6713;2000;11283124508;S
20241010;111809;0.6714;2000;11283127990;S
20241010;111819;0.6715;3000;11283137855;B
20241010;111819;0.6715;10000;11283137856;B
20241010;111820;0.6716;3000;11283139014;B
20241010;111826;0.6716;4000;11283145934;B
20241010;111830;0.6716;1000;11283150284;B
20241010;111834;0.6716;3000;11283154303;B
20241010;111847;0.6716;500000;11283168666;B
20241010;111848;0.6716;30000;11283168736;B
20241010;111855;0.6716;459000;11283176343;B
20241010;111855;0.6717;1041000;11283176344;B
20241010;111855;0.6717;1000;11283176345;B
20241010;111855;0.6717;114000;11283176346;B
20241010;111855;0.6717;1000;11283176347;B
20241010;111855;0.6717;1000;11283176348;B
20241010;111855;0.6718;1000;11283176349;B
20241010;111855;0.6718;4000;11283176350;B
20241010;111855;0.6719;1000;11283176870;B
20241010;111855;0.6719;30000;11283176871;B
20241010;111856;0.672;1000;11283176968;B
20241010;111856;0.672;1000;11283176969;B
20241010;111856;0.672;5000;11283176970;B
20241010;111856;0.672;5000;11283176971;B
20241010;111856;0.6721;1000;11283176972;B
20241010;111856;0.6722;1000;11283176973;B
20241010;111856;0.6722;5000;11283176974;B
20241010;111856;0.6723;1000;11283176975;B
20241010;111856;0.6724;1000;11283176976;B
20241010;111856;0.6724;49000;11283176977;B
20241010;111856;0.6725;3000;11283176978;B
20241010;111856;0.6725;1000;11283176979;B
20241010;111856;0.6725;100000;11283176980;B
20241010;111856;0.6725;49000;11283176981;B
20241010;111856;0.6726;1000;11283176982;B
20241010;111856;0.6726;20000;11283176983;B
20241010;111856;0.6727;1000;11283176984;B
20241010;111856;0.6727;3000;11283176985;B
20241010;111856;0.6728;1000;11283176986;B
20241010;111856;0.6728;20000;11283176987;B
20241010;111856;0.6729;1000;11283176988;B
20241010;111856;0.673;19000;11283176989;B
20241010;111900;0.6729;12000;11283181544;B
20241010;111900;0.673;1000;11283181545;B
20241010;111900;0.673;1000;11283181546;B
20241010;111900;0.673;1000;11283181547;B
20241010;111900;0.673;2000;11283181548;B
20241010;111900;0.673;1000;11283181549;B
20241010;111900;0.673;76000;11283181550;B
20241010;111900;0.673;17000;11283181551;B
20241010;111900;0.6731;1000;11283181552;B
20241010;111900;0.6731;32000;11283181553;B
20241010;111901;0.673;7000;11283182317;B
20241010;111905;0.6725;1000;11283186131;S
20241010;111914;0.673;6000;11283196191;B
20241010;111915;0.673;2000;11283196700;B
20241010;111918;0.6725;10000;11283200113;S
20241010;111922;0.6724;13000;11283205116;S
20241010;111923;0.673;4000;11283206183;B
20241010;111923;0.673;99000;11283206184;B
20241010;111923;0.6731;187000;11283206185;B
20241010;111923;0.6731;30000;11283206186;B
20241010;111923;0.6732;2000;11283206187;B
20241010;111923;0.6732;1000;11283206188;B
20241010;111923;0.6732;401000;11283206189;B
20241010;111923;0.6732;31000;11283206190;B
20241010;111923;0.6733;3000;11283206191;B
20241010;111923;0.6733;50000;11283206192;B
20241010;111923;0.6733;50000;11283206420;S
20241010;111923;0.6733;194000;11283206421;S
20241010;111923;0.6733;423000;11283206422;S
20241010;111923;0.6733;25000;11283206423;S
20241010;111923;0.6733;35000;11283206424;S
20241010;111925;0.673;4000;11283208052;B
20241010;111932;0.6727;1000;11283215535;S
20241010;111940;0.673;1000;11283224352;B
20241010;111942;0.673;1000;11283226966;B
20241010;111949;0.6727;1000;11283234687;B
20241010;111949;0.6729;4000;11283234688;B
20241010;111949;0.673;2000;11283234696;B
20241010;111949;0.673;1000;11283234772;B
20241010;112002;0.673;2000;11283249101;B
20241010;112014;0.673;1000;11283263563;B
20241010;112018;0.673;20000;11283267468;B
20241010;112018;0.6726;1000;11283267636;S
20241010;112037;0.6729;1000;11283284797;B
20241010;112039;0.6726;1000;11283287046;S
20241010;112040;0.6729;1000;11283287858;B
20241010;112043;0.6729;2000;11283290661;B
20241010;112046;0.6729;1000;11283293083;B
20241010;112050;0.6726;14000;11283297001;S
20241010;112050;0.6726;2000;11283297002;S
20241010;112050;0.6725;2000;11283297003;S
20241010;112050;0.6725;1000;11283297004;S
20241010;112055;0.6728;1000;11283301333;B
20241010;112058;0.6722;2000;11283303999;S
20241010;112119;0.6722;2000;11283324735;S
20241010;112126;0.6722;23000;11283331724;S
20241010;112126;0.6721;27000;11283331725;S
20241010;112126;0.6721;5000;11283331726;S
20241010;112126;0.6721;175000;11283331727;S
20241010;112130;0.6727;1000;11283335356;B
20241010;112144;0.6721;1000;11283349468;S
20241010;112145;0.6728;1000;11283350514;B
20241010;112146;0.6727;31000;11283351492;S
20241010;112151;0.6727;1000;11283357082;S
20241010;112156;0.6728;1000;11283363335;B
20241010;112214;0.6727;18000;11283381344;S
20241010;112214;0.6727;3000;11283381345;S
20241010;112214;0.6725;5000;11283381346;S
20241010;112214;0.6723;1000;11283381347;S
20241010;112214;0.6723;35000;11283381348;S
20241010;112214;0.6722;2000;11283381349;S
20241010;112214;0.6722;186000;11283381350;S
20241010;112220;0.6728;9000;11283388729;B
20241010;112220;0.6729;5000;11283388730;B
20241010;112220;0.6729;10000;11283388731;B
20241010;112220;0.6729;7000;11283388732;B
20241010;112220;0.6729;14000;11283388733;B
20241010;112220;0.6729;5000;11283388734;B
20241010;112221;0.6729;151000;11283389761;B
20241010;112221;0.6729;2000;11283389762;B
20241010;112221;0.6729;181000;11283389763;B
20241010;112221;0.673;41000;11283389764;B
20241010;112221;0.673;1000;11283389765;B
20241010;112221;0.673;8000;11283389766;B
20241010;112221;0.673;14000;11283389767;B
20241010;112221;0.673;35000;11283389768;B
20241010;112226;0.673;567000;11283394964;S
20241010;112231;0.6727;1000;11283399472;B
20241010;112233;0.6728;7000;11283401155;B
20241010;112238;0.6728;1000;11283407221;B
20241010;112239;0.6728;2000;11283408891;B
20241010;112243;0.6726;1000;11283413156;S
20241010;112244;0.6726;2000;11283413852;S
20241010;112251;0.6728;8000;11283422072;B
20241010;112314;0.6728;182000;11283447779;B
20241010;112314;0.6728;24000;11283447780;B
20241010;112314;0.6729;18000;11283447781;B
20241010;112314;0.6729;3000;11283447782;B
20241010;112314;0.673;133000;11283447783;B
20241010;112314;0.673;1000;11283447784;B
20241010;112314;0.6731;20000;11283447785;B
20241010;112314;0.6731;35000;11283447786;B
20241010;112314;0.6731;151000;11283447787;B
