<DATE>;<TIME>;<LAST>;<VOL>;<ID>;<OPER>
20241014;095958;0.6647;1000;11291477802;S
20241014;095958;0.6647;3000;11291477803;S
20241014;095958;0.6647;56000;11291477804;S
20241014;095958;0.6647;5000;11291477805;S
20241014;095958;0.6647;6000;11291477806;S
20241014;095958;0.6647;3000;11291477807;S
20241014;095958;0.6647;1000;11291477808;S
20241014;095958;0.6647;1000;11291477809;S
20241014;095958;0.6647;1000;11291477810;S
20241014;095958;0.6647;1000;11291477811;S
20241014;095958;0.6647;5000;11291477812;S
20241014;095958;0.6647;1000;11291477813;S
20241014;095958;0.6647;25000;11291477814;S
20241014;095958;0.6647;1000;11291477815;S
20241014;095958;0.6647;1000;11291477816;S
20241014;095958;0.6647;1000;11291477817;S
20241014;095958;0.6647;1000;11291477818;S
20241014;095958;0.6647;2000;11291477819;S
20241014;095958;0.6647;1000;11291477820;S
20241014;095958;0.6647;3000;11291477821;S
20241014;095958;0.6647;5000;11291477822;S
20241014;095958;0.6647;33000;11291477823;S
20241014;095958;0.6647;1000;11291477824;S
20241014;095958;0.6647;1000;11291477825;S
20241014;095958;0.6647;1000;11291477826;S
20241014;095958;0.6647;1000;11291477827;S
20241014;095958;0.6647;1000;11291477828;S
20241014;095958;0.6647;1000;11291477829;S
20241014;095958;0.6647;17000;11291477830;S
20241014;095958;0.6647;1000;11291477831;S
20241014;095958;0.6647;5000;11291477832;S
20241014;095958;0.6647;1000;11291477833;S
20241014;095958;0.6647;1000;11291477834;S
20241014;095958;0.6647;2000;11291477835;S
20241014;095958;0.6647;8000;11291477836;S
20241014;095958;0.6647;2000;11291477837;S
20241014;095958;0.6647;2000;11291477838;S
20241014;095958;0.6647;2000;11291477839;S
20241014;095958;0.6647;1000;11291477840;S
20241014;095958;0.6647;31000;11291477841;S
20241014;095958;0.6647;1000;11291477842;S
20241014;095958;0.6647;1000;11291477843;S
20241014;095958;0.6647;11000;11291477844;S
20241014;095958;0.6647;1000;11291477845;S
20241014;095958;0.6647;8000;11291477846;S
20241014;095958;0.6647;2000;11291477847;S
20241014;095958;0.6647;3000;11291477848;S
20241014;095958;0.6647;2000;11291477849;S
20241014;095958;0.6647;1000;11291477850;S
20241014;095958;0.6647;2000;11291477851;S
20241014;095958;0.6647;17000;11291477852;B
20241014;095958;0.6647;12000;11291477853;B
20241014;100005;0.6646;1000;11291485392;B
20241014;100005;0.6643;1000;11291485399;S
20241014;100005;0.6643;1000;11291485406;S
20241014;100005;0.6647;1000;11291485422;B
20241014;100005;0.6647;1000;11291485435;B
20241014;100005;0.6647;2000;11291486579;B
20241014;100005;0.6643;1000;11291486591;S
20241014;100006;0.6647;2000;11291486926;B
20241014;100006;0.6647;1000;11291486927;B
20241014;100006;0.6647;1000;11291486948;B
20241014;100006;0.6647;7000;11291486964;B
20241014;100006;0.6647;1000;11291486965;B
20241014;100006;0.6647;12000;11291486966;B
20241014;100006;0.6647;5000;11291486987;B
20241014;100006;0.6647;1000;11291486994;B
20241014;100006;0.6643;8000;11291489024;S
20241014;100006;0.6646;1000;11291489027;B
20241014;100006;0.6643;1000;11291489028;S
20241014;100006;0.6646;1000;11291489029;B
20241014;100006;0.6643;1000;11291489891;S
20241014;100006;0.6646;1000;11291489897;B
20241014;100007;0.6646;1000;11291493030;B
20241014;100007;0.6646;1000;11291493034;B
20241014;100007;0.6646;1000;11291493047;B
20241014;100007;0.6647;1000;11291493048;B
20241014;100007;0.6645;1000;11291493055;S
20241014;100007;0.6645;1000;11291493057;S
20241014;100007;0.6647;2000;11291493059;B
20241014;100007;0.6647;1000;11291493061;B
20241014;100008;0.6647;1000;11291497100;B
20241014;100008;0.6647;1000;11291497131;B
20241014;100008;0.6647;2000;11291497141;B
20241014;100008;0.6645;1000;11291497144;S
20241014;100008;0.6647;1000;11291497147;B
20241014;100008;0.6645;1000;11291497632;S
20241014;100009;0.6645;2000;11291499798;S
20241014;100009;0.6647;1000;11291499803;B
20241014;100009;0.6647;1000;11291499872;B
20241014;100009;0.6645;1000;11291499878;S
20241014;100009;0.6647;1000;11291499884;B
20241014;100009;0.6645;1000;11291499889;S
20241014;100010;0.6647;3000;11291501389;B
20241014;100010;0.6647;2000;11291501957;B
20241014;100010;0.6645;25000;11291502171;S
20241014;100010;0.6647;1000;11291502806;B
20241014;100010;0.6647;1000;11291502807;B
20241014;100010;0.6647;1000;11291502814;B
20241014;100010;0.6645;13000;11291503744;S
20241014;100010;0.6643;3000;11291503745;S
20241014;100010;0.6643;3000;11291503746;S
20241014;100010;0.6643;5000;11291503747;S
20241014;100011;0.6647;1000;11291505631;B
20241014;100011;0.6647;1000;11291505642;B
20241014;100011;0.6643;1000;11291505649;S
20241014;100011;0.6643;1000;11291505657;S
20241014;100012;0.6643;8000;11291507208;S
20241014;100012;0.6647;1000;11291507750;B
20241014;100012;0.6647;1000;11291509612;B
20241014;100012;0.6647;1000;11291509615;B
20241014;100014;0.6647;1000;11291512141;B
20241014;100014;0.6647;1000;11291512146;B
20241014;100014;0.6647;1000;11291512363;B
20241014;100014;0.6643;1000;11291512367;S
20241014;100014;0.6643;2000;11291512372;S
20241014;100014;0.6643;8000;11291512373;S
20241014;100014;0.664;1000;11291512374;S
20241014;100014;0.664;1000;11291512375;S
20241014;100014;0.664;10000;11291512376;S
20241014;100014;0.6636;39000;11291512377;S
20241014;100014;0.6646;1000;11291513982;B
20241014;100014;0.6637;1000;11291513993;S
20241014;100014;0.6646;1000;11291513998;B
20241014;100014;0.6646;1000;11291514002;B
20241014;100014;0.6646;1000;11291514010;B
20241014;100014;0.6646;6000;11291514027;B
20241014;100015;0.6646;5000;11291514653;B
20241014;100015;0.6646;1000;11291514759;B
20241014;100015;0.6646;105000;11291514765;B
20241014;100015;0.6637;1000;11291514769;S
20241014;100015;0.6637;1000;11291514777;S
20241014;100015;0.6637;1000;11291514779;S
20241014;100015;0.6637;2000;11291515217;S
20241014;100019;0.6643;1000;11291516581;B
20241014;100019;0.6643;1000;11291516582;B
20241014;100024;0.6637;42000;11291518028;S
20241014;100024;0.6637;18000;11291518029;S
20241014;100025;0.6646;41000;11291518406;B
20241014;100025;0.6646;39000;11291518407;B
20241014;100027;0.6647;1000;11291519224;B
20241014;100040;0.6646;151000;11291524555;B
20241014;100040;0.6647;153000;11291524556;B
20241014;100040;0.6647;20000;11291524557;B
20241014;100040;0.6647;49000;11291524558;B
20241014;100040;0.6647;4000;11291524559;B
20241014;100040;0.6647;36000;11291524560;B
20241014;100040;0.6648;29000;11291524561;B
20241014;100040;0.6651;113000;11291524562;B
20241014;100040;0.6652;18000;11291524563;B
20241014;100040;0.6652;150000;11291524564;B
20241014;100040;0.6652;400000;11291524565;B
20241014;100040;0.6653;80000;11291524566;B
20241014;100040;0.6654;1000;11291524567;B
20241014;100040;0.6654;1000;11291524568;B
20241014;100040;0.6654;2000;11291524569;B
20241014;100040;0.6654;2000;11291524570;B
20241014;100040;0.6654;1000;11291524571;B
20241014;100040;0.6654;1000;11291524572;B
20241014;100040;0.6655;1000;11291524573;B
20241014;100040;0.6655;2000;11291524574;B
20241014;100040;0.6655;1000;11291524575;B
20241014;100040;0.6655;1000;11291524576;B
20241014;100040;0.6655;1000;11291524577;B
20241014;100040;0.6655;60000;11291524578;B
20241014;100040;0.6656;80000;11291524579;B
20241014;100040;0.6659;8000;11291524580;B
20241014;100040;0.666;15000;11291524581;B
20241014;100040;0.666;1000;11291524582;B
20241014;100040;0.6666;4000;11291524583;B
20241014;100040;0.6668;500000;11291524584;B
20241014;100040;0.6669;80000;11291524585;B
20241014;100040;0.667;1000;11291524586;B
20241014;100040;0.6671;1000;11291524587;B
20241014;100040;0.6675;80000;11291524588;B
20241014;100040;0.6677;25000;11291524589;B
20241014;100040;0.6684;928000;11291524590;B
20241014;100040;0.6678;1000;11291524682;B
20241014;100041;0.6676;6000;11291524748;B
20241014;100041;0.6654;36000;11291525037;B
20241014;100042;0.668;151000;11291525085;B
20241014;100042;0.6681;80000;11291525086;B
20241014;100042;0.6684;17000;11291525087;B
20241014;100042;0.6685;25000;11291525088;B
20241014;100042;0.6688;527000;11291525089;B
20241014;100044;0.6685;1000;11291525836;B
20241014;100050;0.668;5000;11291528030;B
20241014;100050;0.668;20000;11291528031;B
20241014;100051;0.6685;25000;11291528136;B
20241014;100054;0.6679;2000;11291528998;B
20241014;100054;0.6663;226000;11291529246;S
20241014;100054;0.6662;5000;11291529247;S
20241014;100054;0.6662;30000;11291529248;S
20241014;100054;0.6661;80000;11291529249;S
20241014;100054;0.666;30000;11291529250;S
20241014;100056;0.666;10000;11291529639;B
20241014;100058;0.666;50000;11291530243;B
20241014;100100;0.666;10000;11291530848;B
20241014;100107;0.6647;100000;11291533199;S
20241014;100115;0.6647;50000;11291535184;S
20241014;100115;0.6646;10000;11291535185;S
20241014;100118;0.6659;14000;11291535863;B
20241014;100118;0.6659;7000;11291535925;B
20241014;100121;0.6659;9000;11291537191;B
20241014;100121;0.666;50000;11291537192;B
20241014;100121;0.6664;226000;11291537193;B
20241014;100121;0.6665;150000;11291537194;B
20241014;100134;0.6659;1000;11291540488;B
20241014;100136;0.6659;99000;11291541138;B
20241014;100136;0.6659;141000;11291541139;B
20241014;100136;0.6667;5000;11291541140;B
20241014;100136;0.667;151000;11291541141;B
20241014;100136;0.6671;409000;11291541142;B
20241014;100136;0.6673;30000;11291541143;B
20241014;100136;0.6676;13000;11291541144;B
20241014;100137;0.6676;39000;11291541286;B
20241014;100137;0.6676;111000;11291541287;B
20241014;100137;0.6674;3000;11291541355;B
20241014;100137;0.6674;9000;11291541497;B
20241014;100140;0.6662;20000;11291542070;S
20241014;100143;0.6673;546000;11291542733;B
20241014;100143;0.6677;36000;11291542734;B
20241014;100143;0.6679;20000;11291542735;B
20241014;100143;0.668;333000;11291542736;B
20241014;100143;0.6683;80000;11291542737;B
20241014;100143;0.6685;10000;11291542738;B
20241014;100143;0.6687;151000;11291542739;B
20241014;100143;0.6688;143000;11291542740;B
20241014;100143;0.669;602000;11291542741;B
20241014;100143;0.669;79000;11291542742;B
20241014;100144;0.6671;226000;11291542801;S
20241014;100144;0.667;74000;11291542802;S
20241014;100147;0.6671;2000;11291543789;S
20241014;100150;0.669;2000;11291544493;B
20241014;100150;0.669;10000;11291544494;B
20241014;100152;0.669;1000;11291545307;B
20241014;100152;0.6676;2000;11291545475;S
20241014;100152;0.6678;1000;11291545609;S
20241014;100153;0.6673;2000;11291545711;S
20241014;100153;0.6673;150000;11291545712;B
20241014;100153;0.6673;30000;11291545713;B
20241014;100155;0.667;15000;11291546418;S
20241014;100157;0.6673;2000;11291546985;B
20241014;100158;0.6673;16000;11291547061;B
20241014;100158;0.6681;3000;11291547062;B
20241014;100158;0.6682;31000;11291547063;B
20241014;100202;0.6673;1000;11291548449;S
20241014;100203;0.6671;5000;11291548617;S
20241014;100207;0.6672;8000;11291550185;S
20241014;100207;0.6672;12000;11291550186;S
20241014;100208;0.667;13000;11291550306;S
20241014;100209;0.6678;20000;11291550728;B
20241014;100209;0.6679;10000;11291550729;B
20241014;100209;0.668;10000;11291550730;B
20241014;100209;0.6682;2000;11291550731;B
20241014;100209;0.6682;8000;11291550740;S
20241014;100213;0.6671;12000;11291551996;S
20241014;100215;0.6671;13000;11291552380;B
20241014;100215;0.6673;18000;11291552397;B
20241014;100215;0.667;27000;11291552489;S
20241014;100215;0.667;7000;11291552490;S
20241014;100215;0.667;22000;11291552491;S
20241014;100215;0.6668;4000;11291552492;S
20241014;100220;0.6664;80000;11291554065;S
20241014;100220;0.6664;140000;11291554066;S
20241014;100228;0.6662;1000;11291556493;S
20241014;100231;0.6662;25000;11291557195;S
20241014;100231;0.6669;18000;11291557222;S
20241014;100243;0.6664;1000;11291560242;S
20241014;100243;0.6662;4000;11291560243;S
20241014;100245;0.6664;23000;11291560735;B
20241014;100245;0.6669;77000;11291560736;B
20241014;100250;0.6674;3000;11291561905;B
20241014;100251;0.6664;1000;11291562145;S
20241014;100251;0.6662;2000;11291562146;S
20241014;100255;0.6669;10000;11291562907;B
20241014;100256;0.6669;4000;11291563030;B
20241014;100258;0.6669;2000;11291563515;B
20241014;100300;0.6669;50000;11291563774;B
20241014;100300;0.6668;1000;11291563842;B
20241014;100303;0.6662;13000;11291564440;B
20241014;100303;0.6668;5000;11291564441;B
20241014;100303;0.6668;19000;11291564442;B
20241014;100303;0.6669;13000;11291564443;B
20241014;100308;0.6668;15000;11291565511;B
20241014;100308;0.6669;18000;11291565512;B
20241014;100310;0.6662;1000;11291566209;S
20241014;100310;0.6661;12000;11291566210;S
20241014;100313;0.6669;1000;11291566876;B
20241014;100313;0.6663;57000;11291566910;S
20241014;100313;0.6662;3000;11291566911;S
20241014;100314;0.6662;1000;11291567149;S
20241014;100316;0.6669;102000;11291567683;B
20241014;100317;0.6669;198000;11291568046;S
20241014;100317;0.6663;66000;11291568047;S
20241014;100317;0.6662;68000;11291568048;S
20241014;100317;0.6661;71000;11291568049;S
20241014;100317;0.6661;80000;11291568050;S
20241014;100317;0.666;1000;11291568051;S
20241014;100317;0.666;77000;11291568052;S
20241014;100317;0.6659;175000;11291568053;S
20241014;100317;0.6658;80000;11291568054;S
20241014;100317;0.6651;8000;11291568055;S
20241014;100317;0.6651;151000;11291568056;S
20241014;100317;0.665;1000;11291568057;S
20241014;100317;0.665;24000;11291568058;S
20241014;100320;0.6668;2000;11291568636;B
20241014;100324;0.666;150000;11291570050;S
20241014;100324;0.666;10000;11291570065;S
20241014;100331;0.666;1000;11291571558;S
20241014;100332;0.6666;1000;11291572244;B
20241014;100332;0.666;2000;11291572246;S
20241014;100336;0.6666;15000;11291573189;B
20241014;100339;0.6666;1000;11291574006;B
20241014;100342;0.6662;1000;11291574498;S
20241014;100346;0.6662;50000;11291575668;S
20241014;100354;0.6666;2000;11291578228;S
20241014;100355;0.6667;13000;11291578545;B
20241014;100355;0.6668;226000;11291578546;B
20241014;100355;0.6668;151000;11291578547;B
20241014;100355;0.6669;110000;11291578548;B
20241014;100356;0.6668;151000;11291578593;B
20241014;100356;0.6669;405000;11291578594;B
20241014;100358;0.6669;92000;11291579193;B
20241014;100359;0.6669;13000;11291579724;B
20241014;100412;0.6663;5000;11291582728;S
20241014;100412;0.6662;45000;11291582729;S
20241014;100412;0.6662;10000;11291582730;S
20241014;100416;0.6661;1000;11291583484;S
20241014;100421;0.6661;1000;11291584444;S
20241014;100428;0.6662;1000;11291586089;B
20241014;100430;0.6662;1000;11291586481;B
20241014;100430;0.6662;6000;11291586489;B
20241014;100441;0.6665;5000;11291589090;B
20241014;100441;0.6666;35000;11291589091;B
20241014;100442;0.6666;48000;11291589208;B
20241014;100442;0.6668;1000;11291589384;B
20241014;100446;0.6668;2000;11291590247;B
20241014;100449;0.6668;7000;11291591173;B
20241014;100449;0.6668;8000;11291591174;B
20241014;100454;0.6668;7000;11291592259;B
20241014;100455;0.6669;89000;11291592502;B
20241014;100455;0.6669;1000;11291592611;B
20241014;100500;0.6669;17000;11291593611;B
20241014;100504;0.6672;2000;11291594698;B
20241014;100504;0.6674;10000;11291594795;B
20241014;100508;0.6669;9000;11291595820;B
20241014;100512;0.6668;8000;11291596755;B
20241014;100514;0.6669;2000;11291597387;B
20241014;100515;0.6667;10000;11291597582;S
20241014;100515;0.6666;1000;11291597583;S
20241014;100515;0.6665;11000;11291597584;S
20241014;100515;0.6664;1000;11291597585;S
20241014;100515;0.6664;11000;11291597586;S
20241014;100515;0.6662;20000;11291597587;S
20241014;100515;0.6661;1000;11291597588;S
20241014;100515;0.6661;5000;11291597589;S
20241014;100524;0.6661;25000;11291599752;S
20241014;100524;0.666;37000;11291599753;S
20241014;100524;0.666;1000;11291599754;S
20241014;100524;0.666;7000;11291599755;S
20241014;100524;0.6659;7000;11291599756;S
20241014;100524;0.6658;226000;11291599757;S
20241014;100524;0.6657;151000;11291599758;S
20241014;100524;0.6657;600000;11291599759;S
20241014;100524;0.6656;80000;11291599760;S
20241014;100524;0.6653;25000;11291599761;S
20241014;100524;0.6652;80000;11291599762;S
20241014;100524;0.6651;49000;11291599763;S
20241014;100524;0.665;32000;11291599764;S
20241014;100524;0.665;50000;11291599765;S
20241014;100524;0.6646;40000;11291599766;S
20241014;100524;0.6644;7000;11291599767;S
20241014;100524;0.6641;80000;11291599768;S
20241014;100524;0.6637;14000;11291599769;S
20241014;100524;0.6636;489000;11291599770;S
20241014;100525;0.6662;17000;11291600070;B
20241014;100525;0.6663;83000;11291600071;B
20241014;100528;0.6659;1000;11291600846;B
20241014;100532;0.666;20000;11291601445;B
20241014;100535;0.6653;83000;11291602243;S
20241014;100535;0.6653;9000;11291602244;S
20241014;100543;0.6664;1000;11291603991;B
20241014;100544;0.6663;9000;11291604094;B
20241014;100544;0.6665;1000;11291604095;B
20241014;100550;0.665;1000;11291605506;S
20241014;100553;0.6653;1000;11291605965;S
20241014;100553;0.6652;452000;11291605966;S
20241014;100555;0.6666;1000;11291606394;B
20241014;100555;0.6661;5000;11291606426;S
20241014;100555;0.6651;124000;11291606427;S
20241014;100558;0.6666;1000;11291606993;B
20241014;100604;0.6664;3000;11291608508;B
20241014;100607;0.6649;4000;11291609251;S
20241014;100612;0.6648;20000;11291610580;S
20241014;100612;0.6647;40000;11291610581;S
20241014;100618;0.6651;13000;11291612225;S
20241014;100621;0.666;9000;11291613093;B
20241014;100621;0.6651;1000;11291613315;S
20241014;100621;0.6651;277000;11291613316;S
20241014;100626;0.6653;2000;11291614531;B
20241014;100626;0.666;11000;11291614532;B
20241014;100626;0.6661;5000;11291614533;B
20241014;100626;0.6661;30000;11291614534;B
20241014;100626;0.6662;20000;11291614535;B
20241014;100626;0.6664;184000;11291614536;B
20241014;100631;0.6658;2000;11291616164;S
20241014;100636;0.666;3000;11291617768;S
20241014;100639;0.666;15000;11291618507;S
20241014;100639;0.6659;15000;11291618508;S
20241014;100644;0.6659;21000;11291619719;S
20241014;100647;0.6664;42000;11291620517;B
20241014;100647;0.6664;108000;11291620518;B
20241014;100647;0.6665;1000;11291620589;B
20241014;100651;0.6659;6000;11291621587;S
20241014;100651;0.6656;4000;11291621588;S
20241014;100652;0.6665;1000;11291621809;B
20241014;100655;0.666;15000;11291622540;S
20241014;100655;0.6659;1000;11291622541;S
20241014;100655;0.6658;184000;11291622542;S
20241014;100657;0.6664;100000;11291622942;B
20241014;100715;0.6664;226000;11291627183;B
20241014;100715;0.6664;88000;11291627184;B
20241014;100715;0.6665;76000;11291627185;B
20241014;100715;0.6657;60000;11291627208;S
20241014;100740;0.6664;1000;11291633116;B
20241014;100750;0.6663;1000;11291635352;S
20241014;100752;0.6652;89000;11291635882;S
20241014;100818;0.6656;2000;11291641552;S
20241014;100818;0.6656;3000;11291641553;S
20241014;100818;0.6656;1000;11291641633;S
20241014;100818;0.6656;59000;11291641634;S
20241014;100820;0.6662;1000;11291642205;B
20241014;100820;0.6662;117000;11291642212;B
20241014;100820;0.6662;20000;11291642213;B
20241014;100820;0.6663;1000;11291642214;B
20241014;100820;0.6663;10000;11291642215;B
20241014;100820;0.6663;20000;11291642216;B
20241014;100820;0.6665;122000;11291642217;B
20241014;100820;0.6665;51000;11291642218;B
20241014;100820;0.6665;1000;11291642219;B
20241014;100820;0.6666;20000;11291642220;B
20241014;100820;0.6667;5000;11291642221;B
20241014;100820;0.6667;5000;11291642222;B
20241014;100820;0.6668;73000;11291642223;B
20241014;100829;0.6653;1000;11291644080;S
20241014;100832;0.6653;4000;11291644851;S
20241014;100832;0.6652;2000;11291644852;S
20241014;100832;0.6652;7000;11291644853;S
20241014;100835;0.6663;5000;11291645536;B
20241014;100842;0.6655;30000;11291647048;S
20241014;100842;0.6655;21000;11291647049;S
20241014;100844;0.666;1000;11291647431;B
20241014;100846;0.666;10000;11291647891;B
20241014;100848;0.666;9000;11291648351;B
20241014;100900;0.666;1000;11291651484;B
20241014;100900;0.666;1000;11291651611;B
20241014;100905;0.666;2000;11291652904;B
20241014;100907;0.666;1000;11291653461;B
20241014;100914;0.6655;1000;11291655492;S
20241014;100914;0.6654;5000;11291655493;S
20241014;100914;0.6654;9000;11291655494;S
20241014;100914;0.6653;1000;11291655495;S
20241014;100914;0.6653;1000;11291655496;S
20241014;100914;0.6653;4000;11291655497;S
20241014;100914;0.6653;35000;11291655498;S
20241014;100914;0.6653;4000;11291655499;S
20241014;100916;0.6659;7000;11291656267;B
20241014;100916;0.666;8000;11291656268;B
20241014;100916;0.6652;2000;11291656276;S
20241014;100916;0.6652;3000;11291656277;S
20241014;100922;0.6658;1000;11291657814;B
20241014;100933;0.6653;1000;11291661016;S
20241014;100934;0.6658;1000;11291661261;B
20241014;100934;0.6658;3000;11291661266;B
20241014;100934;0.6658;3000;11291661267;B
20241014;100934;0.6659;35000;11291661268;B
20241014;100934;0.666;167000;11291661269;B
20241014;100934;0.666;20000;11291661270;B
20241014;100934;0.6664;72000;11291661271;B
20241014;100935;0.6655;35000;11291661580;S
20241014;100935;0.665;2000;11291661581;S
20241014;100935;0.665;226000;11291661582;S
20241014;100935;0.665;226000;11291661583;S
20241014;100935;0.665;122000;11291661584;S
20241014;100935;0.6649;189000;11291661585;S
20241014;100937;0.665;41000;11291662234;S
20241014;100938;0.665;93000;11291662495;S
20241014;100938;0.6649;8000;11291662496;S
20241014;100938;0.6648;729000;11291662497;S
20241014;100938;0.6648;30000;11291662498;S
20241014;100938;0.6648;35000;11291662499;S
20241014;100938;0.6644;3000;11291662500;S
20241014;100938;0.6641;440000;11291662501;S
20241014;100938;0.6636;80000;11291662502;S
20241014;100938;0.6636;151000;11291662503;S
20241014;100938;0.6635;1000;11291662504;S
20241014;100938;0.6635;50000;11291662505;S
20241014;100938;0.6635;381000;11291662506;S
20241014;100945;0.6648;17000;11291665128;B
20241014;100950;0.6649;1000;11291666669;B
20241014;100953;0.6648;1000;11291667453;B
20241014;100959;0.6647;11000;11291668621;B
20241014;100959;0.6648;35000;11291668622;B
20241014;101001;0.6649;4000;11291669042;S
20241014;101001;0.6644;35000;11291669043;S
20241014;101001;0.6641;6000;11291669044;S
20241014;101008;0.6649;1000;11291670741;B
20241014;101009;0.6641;1000;11291670899;S
20241014;101013;0.664;60000;11291671803;S
20241014;101014;0.664;3000;11291672225;S
20241014;101017;0.6647;1000;11291672942;B
20241014;101024;0.6641;1000;11291674745;S
20241014;101024;0.6641;29000;11291674746;S
20241014;101030;0.6642;6000;11291676194;S
20241014;101034;0.6641;1000;11291677350;S
20241014;101037;0.6649;1000;11291677995;B
20241014;101037;0.6649;19000;11291677996;B
20241014;101038;0.664;5000;11291678295;S
20241014;101046;0.6648;1000;11291681169;B
20241014;101055;0.6647;1000;11291683282;B
20241014;101056;0.6647;1000;11291683554;B
20241014;101104;0.6642;2000;11291685214;S
20241014;101104;0.6641;2000;11291685215;S
20241014;101104;0.664;7000;11291685216;S
20241014;101104;0.664;18000;11291685217;S
20241014;101109;0.664;102000;11291686356;S
20241014;101109;0.664;2000;11291686357;S
20241014;101109;0.6638;1000;11291686358;S
20241014;101109;0.6637;1000;11291686359;S
20241014;101109;0.6636;242000;11291686360;S
20241014;101109;0.6636;35000;11291686361;S
20241014;101109;0.6635;1000;11291686362;S
20241014;101109;0.6635;420000;11291686363;S
20241014;101109;0.6635;183000;11291686364;S
20241014;101111;0.6636;1000;11291686813;S
20241014;101111;0.6636;1000;11291686814;S
20241014;101111;0.6635;1000;11291686815;S
20241014;101118;0.6642;7000;11291688107;B
20241014;101118;0.6642;35000;11291688108;B
20241014;101118;0.6642;8000;11291688234;S
20241014;101118;0.664;2000;11291688235;S
20241014;101118;0.6639;2000;11291688236;S
20241014;101118;0.6636;5000;11291688237;S
20241014;101118;0.6635;6000;11291688238;S
20241014;101118;0.6635;37000;11291688239;S
20241014;101120;0.6635;103000;11291688544;S
20241014;101120;0.6635;5000;11291688545;S
20241014;101120;0.6634;200000;11291688546;S
20241014;101120;0.6634;1000;11291688547;S
20241014;101120;0.6634;19000;11291688548;S
20241014;101120;0.6633;520000;11291688549;S
20241014;101121;0.6643;5000;11291688795;B
20241014;101121;0.6643;35000;11291688796;B
20241014;101121;0.6646;10000;11291688797;B
20241014;101129;0.6644;1000;11291690347;S
20241014;101143;0.664;150000;11291694241;B
20241014;101143;0.664;35000;11291694242;B
20241014;101143;0.6642;1000;11291694243;B
20241014;101143;0.6642;1000;11291694244;B
20241014;101143;0.6643;20000;11291694245;B
20241014;101143;0.6645;80000;11291694246;B
20241014;101143;0.6648;79000;11291694247;B
20241014;101144;0.6636;2000;11291694747;S
20241014;101144;0.6636;3000;11291694766;S
20241014;101144;0.6635;25000;11291694767;S
20241014;101144;0.6634;51000;11291694768;S
20241014;101144;0.6633;51000;11291694769;S
20241014;101145;0.6648;2000;11291695063;B
20241014;101151;0.6642;3000;11291696944;B
20241014;101151;0.6642;1000;11291697008;B
20241014;101154;0.6634;1000;11291697926;S
20241014;101155;0.6633;429000;11291698157;S
20241014;101155;0.6631;1000;11291698158;S
20241014;101155;0.6631;30000;11291698159;S
20241014;101155;0.663;4000;11291698160;S
20241014;101155;0.663;3000;11291698161;S
20241014;101155;0.663;7000;11291698162;S
20241014;101155;0.663;1000;11291698163;S
20241014;101158;0.6633;1000;11291699031;S
20241014;101158;0.6626;1000;11291699032;S
20241014;101158;0.6625;2000;11291699033;S
20241014;101158;0.6624;5000;11291699034;S
20241014;101158;0.6623;26000;11291699035;S
20241014;101158;0.6622;15000;11291699036;S
20241014;101158;0.6628;1000;11291699161;S
20241014;101158;0.6624;1000;11291699162;S
20241014;101159;0.6624;5000;11291699302;S
20241014;101159;0.6623;13000;11291699303;S
20241014;101159;0.6622;10000;11291699304;S
20241014;101159;0.6622;1000;11291699305;S
20241014;101159;0.6622;35000;11291699306;S
20241014;101159;0.6621;86000;11291699307;S
20241014;101209;0.6632;1000;11291702281;B
20241014;101210;0.6623;1000;11291702449;S
20241014;101215;0.6623;5000;11291703590;S
20241014;101215;0.6622;55000;11291703591;S
20241014;101215;0.6631;1000;11291703729;B
20241014;101217;0.6631;4000;11291704187;B
20241014;101217;0.6631;8000;11291704188;B
20241014;101218;0.6623;3000;11291704383;S
20241014;101218;0.6622;9000;11291704384;S
20241014;101218;0.6621;296000;11291704385;S
20241014;101218;0.662;2000;11291704386;S
20241014;101218;0.662;20000;11291704387;S
20241014;101218;0.662;5000;11291704388;S
20241014;101218;0.662;5000;11291704389;S
20241014;101218;0.662;35000;11291704390;S
20241014;101218;0.6619;5000;11291704391;S
20241014;101218;0.6617;1000;11291704392;S
20241014;101218;0.6617;1000;11291704393;S
20241014;101218;0.6617;10000;11291704394;S
20241014;101218;0.6617;2000;11291704395;S
20241014;101218;0.6617;106000;11291704396;S
20241014;101219;0.6621;2000;11291704594;S
20241014;101219;0.662;1000;11291704595;S
20241014;101219;0.662;35000;11291704596;S
20241014;101219;0.662;6000;11291704597;S
20241014;101219;0.6619;6000;11291704598;S
20241014;101219;0.6617;65000;11291704599;S
20241014;101221;0.6632;4000;11291705203;B
20241014;101223;0.6628;5000;11291705930;B
20241014;101223;0.6628;2000;11291705940;B
20241014;101225;0.6631;30000;11291706519;B
20241014;101225;0.6631;2000;11291706520;B
20241014;101225;0.6631;19000;11291706521;B
20241014;101226;0.6622;1000;11291706826;S
20241014;101226;0.6621;35000;11291706827;S
20241014;101226;0.662;40000;11291706828;S
20241014;101226;0.662;1000;11291706829;S
20241014;101226;0.6618;2000;11291706830;S
20241014;101226;0.6617;190000;11291706831;S
20241014;101226;0.6616;1000;11291706832;S
20241014;101226;0.6616;2000;11291706833;S
20241014;101226;0.6616;4000;11291706834;S
20241014;101226;0.6616;471000;11291706835;S
20241014;101232;0.6623;8000;11291708376;S
20241014;101234;0.6633;30000;11291709028;B
20241014;101234;0.6633;20000;11291709029;B
20241014;101246;0.6623;12000;11291711491;S
20241014;101246;0.6622;13000;11291711492;S
20241014;101249;0.6632;1000;11291712203;B
20241014;101251;0.6624;30000;11291712690;S
20241014;101253;0.6632;1000;11291713150;B
20241014;101254;0.6632;3000;11291713251;B
20241014;101254;0.6632;17000;11291713252;B
20241014;101254;0.663;1000;11291713356;B
20241014;101300;0.6624;4000;11291714667;S
20241014;101304;0.6624;6000;11291715489;S
20241014;101311;0.6627;49000;11291717122;B
20241014;101311;0.6627;9000;11291717123;B
20241014;101314;0.6627;25000;11291717680;B
20241014;101314;0.6627;25000;11291717681;B
20241014;101316;0.6624;60000;11291718125;S
20241014;101318;0.6624;200000;11291718693;S
20241014;101318;0.6624;1000;11291718694;S
20241014;101318;0.662;10000;11291718695;S
20241014;101318;0.6619;35000;11291718696;S
20241014;101318;0.6617;54000;11291718697;S
20241014;101338;0.6618;100000;11291723064;S
20241014;101338;0.6618;7000;11291723065;S
20241014;101342;0.6617;5000;11291723990;S
20241014;101344;0.6618;5000;11291724428;B
20241014;101344;0.6618;5000;11291724429;B
20241014;101344;0.6622;5000;11291724451;B
20241014;101344;0.6622;5000;11291724452;B
20241014;101350;0.6617;1000;11291726156;S
20241014;101351;0.6617;10000;11291726427;S
20241014;101356;0.6621;15000;11291727704;B
20241014;101406;0.6624;16000;11291729733;B
20241014;101406;0.6624;34000;11291729734;B
20241014;101408;0.6625;2000;11291730605;B
20241014;101410;0.6625;8000;11291730859;B
20241014;101410;0.6625;2000;11291730860;B
20241014;101411;0.6625;6000;11291731106;B
20241014;101411;0.6625;35000;11291731107;B
20241014;101414;0.6625;59000;11291731716;S
20241014;101414;0.6625;1000;11291731717;S
20241014;101417;0.6628;8000;11291732388;B
20241014;101417;0.6628;7000;11291732389;B
20241014;101417;0.6625;1000;11291732447;S
20241014;101417;0.6624;4000;11291732448;S
20241014;101421;0.6624;1000;11291733156;S
20241014;101425;0.6624;5000;11291733871;S
20241014;101428;0.662;1000;11291734489;B
20241014;101434;0.6618;5000;11291735915;S
20241014;101434;0.6618;3000;11291735916;S
20241014;101435;0.662;1000;11291736417;B
20241014;101436;0.662;18000;11291736549;B
20241014;101436;0.662;2000;11291736550;B
20241014;101445;0.662;1000;11291738634;S
20241014;101445;0.662;1000;11291738635;S
20241014;101450;0.662;25000;11291739801;B
20241014;101450;0.662;1000;11291739802;B
20241014;101457;0.6618;2000;11291741758;S
20241014;101457;0.6618;1000;11291741759;S
20241014;101457;0.6618;1000;11291741760;S
20241014;101457;0.6618;25000;11291741761;S
20241014;101457;0.6617;121000;11291741762;S
20241014;101503;0.6617;9000;11291743590;S
20241014;101503;0.6617;1000;11291743591;S
20241014;101503;0.6617;5000;11291743592;S
20241014;101504;0.6617;4000;11291744055;S
20241014;101504;0.6615;5000;11291744056;S
20241014;101504;0.6615;32000;11291744057;S
20241014;101505;0.6615;9000;11291744426;S
20241014;101506;0.662;15000;11291744765;B
20241014;101506;0.6617;2000;11291744959;S
20241014;101507;0.662;4000;11291745290;B
20241014;101508;0.6617;1000;11291745547;S
20241014;101509;0.6617;1000;11291746067;S
20241014;101510;0.6619;1000;11291746741;B
20241014;101510;0.6617;1000;11291746788;S
20241014;101511;0.6617;45000;11291747093;S
20241014;101511;0.6616;14000;11291747094;S
20241014;101511;0.6615;11000;11291747095;S
20241014;101512;0.6615;2000;11291747572;S
20241014;101513;0.6615;1000;11291748011;S
20241014;101513;0.6615;6000;11291748018;S
20241014;101513;0.6615;4000;11291748061;S
20241014;101513;0.6615;60000;11291748125;S
20241014;101514;0.6618;2000;11291748398;B
20241014;101515;0.6619;1000;11291748836;B
20241014;101515;0.6619;4000;11291748880;B
20241014;101515;0.6615;2000;11291749050;S
20241014;101516;0.6619;2000;11291749405;B
20241014;101517;0.6618;1000;11291750036;B
20241014;101517;0.6619;1000;11291750076;B
20241014;101518;0.6615;5000;11291750248;S
20241014;101518;0.6619;1000;11291750447;B
20241014;101518;0.6615;3000;11291750579;S
20241014;101519;0.6618;1000;11291750824;S
20241014;101519;0.6615;1000;11291750825;S
20241014;101521;0.662;3000;11291751657;B
20241014;101522;0.6616;10000;11291751855;S
20241014;101522;0.6615;6000;11291751856;S
20241014;101522;0.6615;2000;11291752240;S
20241014;101526;0.6615;6000;11291753531;S
20241014;101526;0.6615;2000;11291753574;S
20241014;101526;0.6619;1000;11291753789;B
20241014;101527;0.6615;10000;11291754417;S
20241014;101527;0.6615;49000;11291754553;S
20241014;101527;0.6614;2000;11291754554;S
20241014;101527;0.6614;22000;11291754555;S
20241014;101527;0.6613;20000;11291754556;S
20241014;101527;0.6613;1000;11291754557;S
20241014;101527;0.6613;5000;11291754558;S
20241014;101527;0.6613;1000;11291754559;S
20241014;101529;0.662;5000;11291755470;B
20241014;101529;0.662;1000;11291755748;B
20241014;101534;0.6618;30000;11291757525;S
20241014;101534;0.6614;1000;11291757526;S
20241014;101534;0.6614;35000;11291757527;S
20241014;101534;0.6613;5000;11291757528;S
20241014;101534;0.6613;1000;11291757529;S
20241014;101534;0.6613;16000;11291757530;S
20241014;101534;0.6613;1000;11291757531;S
20241014;101534;0.6613;2000;11291757532;S
20241014;101534;0.6613;2000;11291757533;S
20241014;101534;0.6613;7000;11291757534;S
20241014;101535;0.6616;17000;11291757803;B
20241014;101535;0.6618;3000;11291757804;B
20241014;101535;0.6613;3000;11291757864;S
20241014;101535;0.6612;13000;11291757865;S
20241014;101535;0.6612;10000;11291757992;S
20241014;101536;0.6612;1000;11291758190;S
20241014;101537;0.6612;2000;11291758599;S
20241014;101537;0.6612;1000;11291758600;S
20241014;101538;0.6612;4000;11291759037;S
20241014;101539;0.6612;28000;11291759127;S
20241014;101539;0.6612;1000;11291759343;S
20241014;101539;0.6612;1000;11291759344;S
20241014;101540;0.6612;5000;11291759610;S
20241014;101540;0.6612;4000;11291759611;S
20241014;101540;0.6619;16000;11291759727;B
20241014;101541;0.6612;3000;11291759965;S
20241014;101541;0.6612;2000;11291759966;S
20241014;101541;0.6612;100000;11291759974;S
20241014;101542;0.6612;17000;11291760196;S
20241014;101542;0.6612;17000;11291760198;S
20241014;101542;0.6612;400000;11291760348;S
20241014;101542;0.6612;56000;11291760350;S
20241014;101542;0.6612;58000;11291760351;S
20241014;101543;0.6612;67000;11291760592;S
20241014;101543;0.6612;66000;11291760593;S
20241014;101543;0.6612;250000;11291760598;S
20241014;101544;0.6616;2000;11291760913;B
20241014;101544;0.6612;250000;11291760993;S
20241014;101544;0.6612;19000;11291761054;S
20241014;101544;0.6612;19000;11291761056;S
20241014;101544;0.6612;2000;11291761201;S
20241014;101545;0.6612;31000;11291761304;S
20241014;101545;0.6612;83000;11291761439;S
20241014;101545;0.6612;84000;11291761440;S
20241014;101546;0.6612;2000;11291761742;S
20241014;101546;0.6612;1000;11291761758;S
20241014;101546;0.6612;5000;11291761860;S
20241014;101546;0.6612;6000;11291761861;S
20241014;101546;0.6612;20000;11291761978;S
20241014;101546;0.6612;3000;11291762017;S
20241014;101547;0.6612;1000;11291762214;S
20241014;101548;0.6613;2000;11291762428;B
20241014;101548;0.6612;4000;11291762539;S
20241014;101548;0.6612;2000;11291762541;S
20241014;101548;0.6612;100000;11291762661;S
20241014;101549;0.6612;100000;11291762987;S
20241014;101549;0.6612;17000;11291762989;S
20241014;101549;0.6612;16000;11291762990;S
20241014;101550;0.6612;17000;11291763292;S
20241014;101550;0.6612;17000;11291763293;S
20241014;101555;0.6616;10000;11291765153;B
20241014;101556;0.6612;2000;11291765393;S
20241014;101556;0.6612;1000;11291765395;S
20241014;101556;0.6612;99000;11291765403;S
20241014;101556;0.6612;400000;11291765405;S
20241014;101556;0.6612;17000;11291765751;S
20241014;101556;0.6612;16000;11291765752;S
20241014;101557;0.6614;1000;11291765883;B
20241014;101557;0.6612;67000;11291765956;S
20241014;101557;0.6612;300000;11291765957;S
20241014;101557;0.6612;65000;11291765958;S
20241014;101557;0.6612;100000;11291765959;S
20241014;101557;0.6612;2000;11291765960;S
20241014;101557;0.6612;10000;11291765961;S
20241014;101557;0.6612;10000;11291765962;S
20241014;101557;0.6612;1000;11291765963;S
20241014;101557;0.6612;42000;11291765964;S
20241014;101557;0.6612;158000;11291765965;S
20241014;101557;0.6612;1000;11291765966;S
20241014;101558;0.6611;78000;11291766188;S
20241014;101558;0.6611;22000;11291766190;S
20241014;101558;0.6611;1000;11291766191;S
20241014;101558;0.6611;1000;11291766192;S
20241014;101558;0.661;1000;11291766198;S
20241014;101558;0.661;52000;11291766199;S
20241014;101558;0.661;30000;11291766289;S
20241014;101559;0.661;27000;11291766570;S
20241014;101559;0.661;26000;11291766571;S
20241014;101600;0.6612;1000;11291766712;S
20241014;101600;0.6612;5000;11291766813;S
20241014;101600;0.6612;5000;11291766814;S
20241014;101600;0.6612;10000;11291766819;S
20241014;101600;0.6616;1000;11291766824;B
20241014;101601;0.6612;2000;11291767205;S
20241014;101601;0.6612;2000;11291767207;S
20241014;101606;0.6616;1000;11291768970;B
20241014;101607;0.6612;1000;11291769384;S
20241014;101610;0.6615;1000;11291770439;B
20241014;101611;0.6612;74000;11291770804;S
20241014;101611;0.6612;10000;11291770805;S
20241014;101611;0.6612;1000;11291770806;S
20241014;101611;0.6611;47000;11291770807;S
20241014;101611;0.661;65000;11291770808;S
20241014;101611;0.661;3000;11291770809;S
20241014;101612;0.661;33000;11291771037;S
20241014;101612;0.661;34000;11291771038;S
20241014;101612;0.661;130000;11291771048;S
20241014;101612;0.661;1000;11291771049;S
20241014;101612;0.661;1000;11291771050;S
20241014;101612;0.661;300000;11291771051;S
20241014;101612;0.661;5000;11291771052;S
20241014;101612;0.661;8000;11291771053;S
20241014;101612;0.661;5000;11291771054;S
20241014;101612;0.661;2000;11291771055;S
20241014;101613;0.6607;20000;11291771386;B
20241014;101613;0.6606;2000;11291771429;S
20241014;101613;0.6606;4000;11291771430;S
20241014;101613;0.6606;2000;11291771431;S
20241014;101613;0.6605;2000;11291771434;S
20241014;101613;0.6605;1000;11291771435;S
20241014;101613;0.6603;5000;11291771436;S
20241014;101613;0.6603;5000;11291771437;S
20241014;101613;0.6603;30000;11291771438;S
20241014;101613;0.6602;25000;11291771440;S
20241014;101613;0.6602;27000;11291771441;S
20241014;101613;0.6602;27000;11291771442;S
20241014;101613;0.6614;5000;11291771510;B
20241014;101613;0.6614;5000;11291771511;B
20241014;101613;0.6614;3000;11291771548;B
20241014;101613;0.6604;5000;11291771565;S
20241014;101613;0.6604;8000;11291771566;S
20241014;101614;0.6604;1000;11291771711;S
20241014;101614;0.6604;2000;11291771720;S
20241014;101614;0.6604;2000;11291771721;S
20241014;101615;0.6604;2000;11291772103;S
20241014;101615;0.6604;2000;11291772104;S
20241014;101615;0.6603;1000;11291772105;S
20241014;101617;0.6612;2000;11291772710;S
20241014;101617;0.6605;15000;11291772711;S
20241014;101617;0.6604;20000;11291772712;S
20241014;101617;0.6604;15000;11291772713;S
20241014;101617;0.6603;8000;11291772714;S
20241014;101618;0.6603;10000;11291772911;S
20241014;101618;0.6603;10000;11291772912;S
20241014;101619;0.6604;5000;11291773376;S
20241014;101619;0.6604;35000;11291773377;S
20241014;101619;0.6603;17000;11291773378;S
20241014;101619;0.6603;60000;11291773379;S
20241014;101619;0.6603;89000;11291773380;S
20241014;101620;0.6603;30000;11291773542;S
20241014;101620;0.6603;5000;11291773543;S
20241014;101620;0.6603;34000;11291773544;S
20241014;101621;0.6608;1000;11291773864;B
20241014;101621;0.6603;12000;11291773986;S
20241014;101622;0.6603;2000;11291774167;S
20241014;101622;0.6603;2000;11291774168;S
20241014;101624;0.6608;4000;11291774808;B
20241014;101624;0.6609;5000;11291774809;B
20241014;101624;0.661;5000;11291774810;B
20241014;101624;0.6611;35000;11291774811;B
20241014;101624;0.6612;5000;11291774812;B
20241014;101624;0.6614;30000;11291774813;B
20241014;101624;0.6614;5000;11291774814;B
20241014;101625;0.6614;15000;11291775018;S
20241014;101625;0.6614;15000;11291775019;S
20241014;101626;0.6614;1000;11291775329;S
20241014;101632;0.6616;28000;11291777086;B
20241014;101633;0.6615;5000;11291777409;S
20241014;101633;0.6615;5000;11291777411;S
20241014;101633;0.6615;6000;11291777473;S
20241014;101634;0.6615;1000;11291777644;S
20241014;101634;0.6615;1000;11291777645;S
20241014;101635;0.662;1000;11291778010;B
20241014;101641;0.6615;2000;11291779765;S
20241014;101641;0.6614;24000;11291779766;S
20241014;101641;0.6615;5000;11291779905;S
20241014;101641;0.6615;4000;11291779906;S
20241014;101643;0.6615;90000;11291780374;S
20241014;101643;0.6614;84000;11291780375;S
20241014;101644;0.6619;1000;11291780435;B
20241014;101644;0.6615;22000;11291780573;S
20241014;101644;0.6614;29000;11291780575;S
20241014;101644;0.6615;7000;11291780577;S
20241014;101650;0.6615;1000;11291782218;S
20241014;101655;0.662;50000;11291783498;B
20241014;101655;0.662;93000;11291783501;B
20241014;101655;0.662;31000;11291783502;B
20241014;101655;0.662;100000;11291783566;B
20241014;101656;0.6614;9000;11291783685;S
20241014;101656;0.6614;8000;11291783686;S
20241014;101657;0.6614;38000;11291784004;S
20241014;101657;0.6614;37000;11291784006;S
20241014;101701;0.6615;1000;11291784979;S
20241014;101708;0.6619;1000;11291786846;B
20241014;101708;0.6619;12000;11291786847;B
20241014;101709;0.6615;1000;11291787056;B
20241014;101709;0.6614;2000;11291787118;S
20241014;101709;0.6614;1000;11291787119;S
20241014;101710;0.662;1000;11291787231;B
20241014;101711;0.6618;1000;11291787486;S
20241014;101711;0.6619;1000;11291787558;B
20241014;101711;0.662;1000;11291787559;B
20241014;101713;0.662;18000;11291787965;B
20241014;101714;0.6619;1000;11291788243;S
20241014;101714;0.6618;3000;11291788244;S
20241014;101714;0.6618;2000;11291788245;S
20241014;101715;0.662;1000;11291788802;S
20241014;101715;0.6618;2000;11291788803;S
20241014;101715;0.6616;14000;11291788804;S
20241014;101715;0.6616;5000;11291788805;S
20241014;101715;0.6616;35000;11291788806;S
20241014;101715;0.6615;3000;11291788807;S
20241014;101716;0.6617;3000;11291788970;B
20241014;101716;0.6616;10000;11291788989;B
20241014;101716;0.6617;7000;11291788990;B
20241014;101716;0.6617;35000;11291788991;B
20241014;101717;0.6615;2000;11291789391;S
20241014;101717;0.6614;6000;11291789392;S
20241014;101717;0.6614;4000;11291789393;S
20241014;101718;0.6614;500000;11291790010;S
20241014;101719;0.6614;43000;11291790224;S
20241014;101719;0.661;20000;11291790225;S
20241014;101719;0.6607;35000;11291790229;S
20241014;101719;0.6605;5000;11291790230;S
20241014;101719;0.6605;5000;11291790231;S
20241014;101719;0.6604;30000;11291790232;S
20241014;101719;0.6603;29000;11291790233;S
20241014;101721;0.6603;1000;11291790618;S
20241014;101721;0.6603;1000;11291790619;S
20241014;101721;0.6603;3000;11291790620;S
20241014;101721;0.6603;73000;11291790621;S
20241014;101722;0.6603;13000;11291790884;S
20241014;101722;0.6603;13000;11291790885;S
20241014;101736;0.6604;1000;11291795455;S
20241014;101737;0.6604;1000;11291795749;S
20241014;101738;0.6612;2000;11291796355;B
20241014;101739;0.6604;1000;11291796706;S
20241014;101742;0.6604;1000;11291797452;S
20241014;101747;0.6605;1000;11291798795;S
20241014;101748;0.6603;1000;11291799029;S
20241014;101752;0.6611;4000;11291800307;B
20241014;101752;0.6608;1000;11291800364;B
20241014;101754;0.6612;1000;11291800827;B
20241014;101757;0.6606;1000;11291801694;S
20241014;101757;0.6612;1000;11291801711;B
20241014;101758;0.6604;1000;11291801909;S
20241014;101758;0.6604;35000;11291801910;S
20241014;101758;0.6604;151000;11291801911;S
20241014;101758;0.6603;2000;11291801912;S
20241014;101758;0.6603;10000;11291801913;S
20241014;101758;0.6603;10000;11291801914;S
20241014;101758;0.6603;200000;11291801915;S
20241014;101758;0.6603;1000;11291801916;S
20241014;101758;0.6603;73000;11291801917;S
20241014;101758;0.6603;1000;11291801918;S
20241014;101758;0.6603;5000;11291801919;S
20241014;101758;0.6602;21000;11291801920;S
20241014;101758;0.6602;490000;11291801921;S
20241014;101758;0.6602;1000;11291801931;S
20241014;101759;0.6603;1000;11291802201;S
20241014;101759;0.6602;166000;11291802202;S
20241014;101759;0.6602;166000;11291802203;S
20241014;101800;0.6612;1000;11291802423;B
20241014;101800;0.661;1000;11291802486;B
20241014;101801;0.6602;1000;11291802675;S
20241014;101801;0.6611;1000;11291802715;B
20241014;101801;0.6602;502000;11291802762;S
20241014;101801;0.6602;3000;11291802763;S
20241014;101801;0.6602;5000;11291802764;S
20241014;101801;0.6602;35000;11291802765;S
20241014;101801;0.6602;5000;11291802766;S
20241014;101801;0.6601;1000;11291802767;S
20241014;101801;0.6601;1000;11291802768;S
20241014;101801;0.6601;9000;11291802769;S
20241014;101801;0.6601;1000;11291802770;S
20241014;101801;0.6601;1000;11291802771;S
20241014;101801;0.6601;1000;11291802772;S
20241014;101801;0.6601;1000;11291802773;S
20241014;101801;0.6601;1000;11291802774;S
20241014;101801;0.6601;1000;11291802775;S
20241014;101801;0.6601;10000;11291802776;S
20241014;101801;0.6601;1000;11291802777;S
20241014;101801;0.6601;10000;11291802778;S
20241014;101801;0.66;1000;11291802779;S
20241014;101801;0.66;302000;11291802780;S
20241014;101801;0.66;1000;11291802781;S
20241014;101801;0.66;1000;11291802782;S
20241014;101801;0.66;1000;11291802783;S
20241014;101801;0.66;1000;11291802784;S
20241014;101801;0.66;1000;11291802785;S
20241014;101801;0.66;1000;11291802786;S
20241014;101801;0.66;1000;11291802787;S
20241014;101801;0.66;1000;11291802788;S
20241014;101801;0.66;199000;11291802789;S
20241014;101801;0.66;1000;11291802793;S
20241014;101801;0.6601;1000;11291802851;B
20241014;101801;0.6601;5000;11291802865;B
20241014;101802;0.6601;1000;11291802941;B
20241014;101802;0.6601;1000;11291802953;B
20241014;101802;0.66;1000;11291802986;S
20241014;101802;0.66;1000;11291802987;S
20241014;101802;0.66;1000;11291802988;S
20241014;101802;0.66;4000;11291802989;S
20241014;101802;0.66;1000;11291803050;S
20241014;101802;0.66;1000;11291803054;S
20241014;101802;0.66;30000;11291803055;S
20241014;101802;0.66;1000;11291803056;S
20241014;101802;0.66;30000;11291803057;S
20241014;101802;0.66;44000;11291803058;S
20241014;101802;0.66;1000;11291803059;S
20241014;101802;0.66;5000;11291803060;S
20241014;101802;0.66;2000;11291803061;S
20241014;101802;0.66;10000;11291803062;S
20241014;101802;0.66;1000;11291803063;S
20241014;101802;0.66;1000;11291803064;S
20241014;101802;0.66;1000;11291803065;S
20241014;101802;0.66;1000;11291803066;S
20241014;101802;0.66;20000;11291803067;S
20241014;101802;0.66;35000;11291803068;S
20241014;101802;0.66;5000;11291803069;S
20241014;101802;0.66;1000;11291803070;S
20241014;101802;0.66;2000;11291803071;S
20241014;101802;0.66;1000;11291803072;S
20241014;101802;0.66;1000;11291803073;S
20241014;101802;0.66;166000;11291803074;S
20241014;101802;0.6601;2000;11291803101;B
20241014;101802;0.6601;2000;11291803102;S
20241014;101802;0.6601;13000;11291803136;S
20241014;101802;0.66;21000;11291803137;S
20241014;101802;0.66;3000;11291803177;S
20241014;101803;0.66;10000;11291803292;S
20241014;101803;0.66;3000;11291803293;S
20241014;101803;0.66;1000;11291803294;S
20241014;101803;0.66;50000;11291803295;S
20241014;101803;0.66;1000;11291803296;S
20241014;101803;0.66;3000;11291803297;S
20241014;101803;0.66;20000;11291803298;S
20241014;101803;0.66;1000;11291803299;S
20241014;101803;0.66;21000;11291803300;S
20241014;101803;0.66;1000;11291803301;S
20241014;101803;0.66;5000;11291803302;S
20241014;101803;0.66;250000;11291803303;S
20241014;101803;0.66;1000;11291803304;S
20241014;101803;0.66;500000;11291803305;S
20241014;101803;0.66;1000;11291803306;S
20241014;101803;0.66;2000;11291803307;S
20241014;101803;0.66;1000;11291803308;S
20241014;101803;0.66;10000;11291803309;S
20241014;101803;0.66;1000;11291803310;S
20241014;101803;0.66;1000;11291803311;S
20241014;101803;0.66;1000;11291803312;S
20241014;101803;0.66;5000;11291803313;S
20241014;101803;0.66;1000;11291803314;S
20241014;101803;0.66;21000;11291803315;S
20241014;101803;0.66;1000;11291803316;S
20241014;101803;0.66;3000;11291803317;S
20241014;101803;0.66;1000;11291803318;S
20241014;101803;0.66;9000;11291803319;S
20241014;101803;0.66;5000;11291803320;S
20241014;101803;0.66;1000;11291803321;S
20241014;101803;0.66;10000;11291803322;S
20241014;101803;0.66;59000;11291803323;S
20241014;101803;0.6602;3000;11291803431;B
20241014;101803;0.66;5000;11291803502;S
20241014;101803;0.66;3000;11291803503;S
20241014;101804;0.66;20000;11291803750;S
20241014;101805;0.66;63000;11291803986;S
20241014;101805;0.66;176000;11291803987;S
20241014;101805;0.66;1000;11291803988;S
20241014;101805;0.66;3000;11291803989;S
20241014;101805;0.66;1000;11291803990;S
20241014;101805;0.66;200000;11291803991;S
20241014;101805;0.66;1000;11291803992;S
20241014;101805;0.66;1000;11291803993;S
20241014;101805;0.66;5000;11291803994;S
20241014;101805;0.66;1000;11291803995;S
20241014;101805;0.66;1000;11291803996;S
20241014;101805;0.66;1000;11291803997;S
20241014;101805;0.66;2000;11291803998;S
20241014;101805;0.66;33000;11291803999;S
20241014;101805;0.66;5000;11291804000;S
20241014;101805;0.66;1000;11291804001;S
20241014;101805;0.66;2000;11291804002;S
20241014;101805;0.6598;1000;11291804003;S
20241014;101805;0.6598;1000;11291804004;S
20241014;101805;0.6597;1000;11291804005;S
20241014;101805;0.6597;25000;11291804006;S
20241014;101805;0.6596;1000;11291804007;S
20241014;101805;0.6596;1000;11291804008;S
20241014;101805;0.6596;1000;11291804009;S
20241014;101805;0.6596;35000;11291804010;S
20241014;101805;0.6595;1000;11291804012;S
20241014;101805;0.6594;1000;11291804014;S
20241014;101805;0.6594;7000;11291804015;S
20241014;101805;0.6594;18000;11291804016;S
20241014;101805;0.6591;19000;11291804021;S
20241014;101805;0.659;1000;11291804022;S
20241014;101805;0.659;5000;11291804023;S
20241014;101805;0.659;95000;11291804024;S
20241014;101805;0.659;71000;11291804067;S
20241014;101805;0.659;1000;11291804068;S
20241014;101805;0.6588;1000;11291804070;S
20241014;101805;0.6588;151000;11291804071;S
20241014;101805;0.6588;99000;11291804072;S
20241014;101805;0.6588;200000;11291804106;S
20241014;101805;0.6596;5000;11291804114;B
20241014;101805;0.6596;60000;11291804136;B
20241014;101805;0.6588;282000;11291804169;S
20241014;101805;0.6589;51000;11291804237;B
20241014;101805;0.659;5000;11291804238;B
20241014;101805;0.659;4000;11291804239;B
20241014;101806;0.6589;1000;11291804269;B
20241014;101806;0.6589;1000;11291804309;B
20241014;101806;0.6588;109000;11291804319;S
20241014;101806;0.6588;159000;11291804329;S
20241014;101806;0.6587;2000;11291804330;S
20241014;101806;0.6587;35000;11291804331;S
20241014;101806;0.6586;104000;11291804332;S
20241014;101806;0.6586;96000;11291804339;S
20241014;101806;0.6585;1000;11291804340;S
20241014;101806;0.6585;30000;11291804341;S
20241014;101806;0.6583;1000;11291804342;S
20241014;101806;0.6581;2000;11291804343;S
20241014;101806;0.658;1000;11291804344;S
20241014;101806;0.658;10000;11291804345;S
20241014;101806;0.658;9000;11291804346;S
20241014;101806;0.658;1000;11291804347;S
20241014;101806;0.658;10000;11291804348;S
20241014;101806;0.658;18000;11291804349;S
20241014;101806;0.658;1000;11291804350;S
20241014;101806;0.658;20000;11291804351;S
20241014;101806;0.658;80000;11291804382;S
20241014;101806;0.6578;20000;11291804383;S
20241014;101806;0.6578;15000;11291804385;S
20241014;101806;0.6577;2000;11291804386;S
20241014;101806;0.6577;53000;11291804387;S
20241014;101806;0.6595;2000;11291804388;B
20241014;101806;0.6595;1000;11291804405;B
20241014;101806;0.6585;60000;11291804426;B
20241014;101806;0.6578;13000;11291804429;S
20241014;101806;0.6585;1000;11291804468;B
20241014;101806;0.6578;22000;11291804469;S
20241014;101806;0.6578;3000;11291804470;S
20241014;101806;0.6577;124000;11291804471;S
20241014;101806;0.6585;20000;11291804473;B
20241014;101806;0.6586;40000;11291804474;B
20241014;101806;0.6581;81000;11291804479;B
20241014;101806;0.6589;3000;11291804491;S
20241014;101807;0.6583;120000;11291804586;B
20241014;101807;0.6583;26000;11291804623;B
20241014;101807;0.6587;34000;11291804624;B
20241014;101807;0.6583;50000;11291804659;B
20241014;101807;0.6583;60000;11291804666;B
20241014;101807;0.6583;1000;11291804685;B
20241014;101807;0.6582;35000;11291804692;B
20241014;101807;0.6582;10000;11291804708;S
20241014;101807;0.6593;5000;11291804745;B
20241014;101807;0.6587;2000;11291804769;B
20241014;101808;0.6585;1000;11291804925;S
20241014;101808;0.6585;5000;11291804926;S
20241014;101808;0.6585;4000;11291804927;S
20241014;101808;0.6584;2000;11291805098;S
20241014;101809;0.6584;3000;11291805275;S
20241014;101809;0.6584;2000;11291805276;S
20241014;101810;0.659;1000;11291805523;S
20241014;101810;0.6594;1000;11291805542;B
20241014;101810;0.6594;1000;11291805562;B
20241014;101811;0.6594;1000;11291805820;B
20241014;101811;0.6593;1000;11291805902;B
20241014;101812;0.6589;1000;11291806022;B
20241014;101812;0.6593;1000;11291806086;B
20241014;101813;0.6586;5000;11291806184;S
20241014;101813;0.6586;35000;11291806185;S
20241014;101813;0.6586;8000;11291806186;S
20241014;101813;0.6585;3000;11291806187;S
20241014;101813;0.6585;1000;11291806188;S
20241014;101813;0.6585;8000;11291806189;S
20241014;101813;0.6584;1000;11291806190;S
20241014;101813;0.6584;5000;11291806191;S
20241014;101813;0.6583;34000;11291806192;S
20241014;101813;0.6588;17000;11291806267;B
20241014;101813;0.6589;17000;11291806268;B
20241014;101814;0.6593;3000;11291806599;B
20241014;101814;0.6593;2000;11291806600;B
20241014;101814;0.6592;1000;11291806705;B
20241014;101814;0.6592;1000;11291806706;B
20241014;101814;0.6593;28000;11291806707;B
20241014;101814;0.6594;2000;11291806708;B
20241014;101814;0.6596;11000;11291806709;B
20241014;101815;0.6591;7000;11291806886;B
20241014;101815;0.6591;3000;11291806896;B
20241014;101815;0.6591;4000;11291807002;B
20241014;101815;0.6603;1000;11291807071;B
20241014;101816;0.6595;1000;11291807361;B
20241014;101816;0.6598;4000;11291807369;S
20241014;101816;0.659;2000;11291807554;S
20241014;101816;0.659;35000;11291807555;S
20241014;101816;0.6588;5000;11291807556;S
20241014;101816;0.6587;18000;11291807557;S
20241014;101816;0.6596;1000;11291807569;B
20241014;101817;0.6585;1000;11291807614;S
20241014;101817;0.6597;1000;11291807621;B
20241014;101817;0.6588;9000;11291807667;B
20241014;101817;0.659;10000;11291807668;B
20241014;101818;0.6598;1000;11291808113;B
20241014;101819;0.6588;1000;11291808523;S
20241014;101819;0.6595;1000;11291808598;B
20241014;101820;0.6595;1000;11291808862;B
20241014;101820;0.6593;1000;11291808868;B
20241014;101820;0.6588;1000;11291809113;S
20241014;101821;0.6593;8000;11291809136;B
20241014;101821;0.6588;3000;11291809142;S
20241014;101821;0.6587;7000;11291809143;S
20241014;101821;0.6587;1000;11291809346;S
20241014;101821;0.6587;1000;11291809347;S
20241014;101822;0.6593;4000;11291809385;B
20241014;101822;0.6595;11000;11291809386;B
20241014;101822;0.6595;5000;11291809430;B
20241014;101822;0.6594;4000;11291809496;B
20241014;101822;0.6595;1000;11291809497;B
20241014;101823;0.6587;5000;11291809661;S
20241014;101823;0.6595;5000;11291809693;B
20241014;101823;0.6594;1000;11291809935;B
20241014;101823;0.6587;1000;11291810154;S
20241014;101823;0.6587;1000;11291810155;S
20241014;101824;0.6592;2000;11291810191;B
20241014;101825;0.6587;1000;11291810405;S
20241014;101825;0.6587;1000;11291810414;S
20241014;101826;0.6591;3000;11291810700;B
20241014;101826;0.6587;1000;11291810816;S
20241014;101827;0.6587;1000;11291810985;S
20241014;101827;0.659;1000;11291811040;S
20241014;101827;0.659;1000;11291811075;S
20241014;101828;0.6587;1000;11291811299;S
20241014;101828;0.659;1000;11291811391;B
20241014;101828;0.6591;2000;11291811438;B
20241014;101829;0.6588;1000;11291811530;S
20241014;101833;0.6594;1000;11291812621;B
20241014;101834;0.659;1000;11291813023;S
20241014;101835;0.659;4000;11291813190;S
20241014;101835;0.6588;4000;11291813191;S
20241014;101835;0.6587;92000;11291813192;S
20241014;101835;0.6587;1000;11291813193;S
20241014;101835;0.6585;10000;11291813194;S
20241014;101835;0.6585;151000;11291813195;S
20241014;101835;0.6585;2000;11291813196;S
20241014;101835;0.6585;14000;11291813197;S
20241014;101835;0.6584;100000;11291813198;S
20241014;101835;0.6583;30000;11291813199;S
20241014;101835;0.6582;20000;11291813200;S
20241014;101835;0.6582;199000;11291813201;S
20241014;101835;0.6582;5000;11291813202;S
20241014;101835;0.6581;1000;11291813203;S
20241014;101835;0.658;2000;11291813204;S
20241014;101835;0.658;60000;11291813205;S
20241014;101835;0.658;5000;11291813206;S
20241014;101836;0.658;55000;11291813532;S
20241014;101836;0.658;1000;11291813533;S
20241014;101836;0.658;10000;11291813535;B
20241014;101836;0.6578;70000;11291813536;S
20241014;101836;0.6577;1000;11291813537;S
20241014;101836;0.6577;4000;11291813538;S
20241014;101836;0.6576;2000;11291813539;S
20241014;101836;0.6576;5000;11291813540;S
20241014;101836;0.6574;20000;11291813541;S
20241014;101836;0.6573;3000;11291813542;S
20241014;101836;0.6573;4000;11291813543;S
20241014;101836;0.6573;20000;11291813544;S
20241014;101836;0.6573;12000;11291813545;S
20241014;101836;0.6573;8000;11291813546;S
20241014;101836;0.6573;18000;11291813547;S
20241014;101837;0.6582;1000;11291813724;B
20241014;101837;0.6582;1000;11291813729;B
20241014;101837;0.6582;97000;11291813767;B
20241014;101837;0.6582;1000;11291813768;B
20241014;101837;0.6588;11000;11291813769;B
20241014;101837;0.6589;91000;11291813770;B
20241014;101838;0.6577;33000;11291814039;S
20241014;101838;0.6577;33000;11291814040;S
20241014;101838;0.6586;2000;11291814073;B
20241014;101839;0.6578;1000;11291814247;S
20241014;101840;0.6586;2000;11291814454;B
20241014;101840;0.6586;1000;11291814476;B
20241014;101841;0.6578;4000;11291814671;S
20241014;101841;0.6577;47000;11291814672;S
20241014;101841;0.6576;1000;11291814674;S
20241014;101841;0.6582;1000;11291814792;B
20241014;101841;0.6577;9000;11291814917;S
20241014;101841;0.6577;7000;11291814918;S
20241014;101844;0.6584;1000;11291815456;B
20241014;101845;0.6584;1000;11291815767;B
20241014;101845;0.6584;1000;11291815788;B
20241014;101846;0.6584;1000;11291816125;B
20241014;101846;0.6577;1000;11291816319;S
20241014;101847;0.6584;1000;11291816569;B
20241014;101848;0.6577;7000;11291816798;S
20241014;101849;0.6577;2000;11291817023;S
20241014;101849;0.6577;1000;11291817024;S
20241014;101850;0.6577;50000;11291817265;S
20241014;101850;0.6585;1000;11291817422;B
20241014;101851;0.6577;7000;11291817494;S
20241014;101851;0.6577;8000;11291817495;S
20241014;101851;0.6586;1000;11291817630;B
20241014;101851;0.6586;2000;11291817631;B
20241014;101852;0.6577;1000;11291817877;S
20241014;101853;0.6585;3000;11291818189;B
20241014;101854;0.6578;1000;11291818465;S
20241014;101855;0.6583;2000;11291818602;B
20241014;101856;0.6578;1000;11291818867;S
20241014;101856;0.6583;3000;11291818983;B
20241014;101856;0.6583;2000;11291818984;B
20241014;101857;0.6578;1000;11291819125;S
20241014;101857;0.6578;1000;11291819127;S
20241014;101857;0.6578;1000;11291819251;S
20241014;101857;0.6578;9000;11291819252;S
20241014;101857;0.6577;69000;11291819253;S
20241014;101857;0.6583;2000;11291819329;B
20241014;101858;0.658;1000;11291819438;B
20241014;101858;0.6577;13000;11291819562;S
20241014;101858;0.6577;12000;11291819563;S
20241014;101858;0.6583;1000;11291819630;B
20241014;101859;0.658;1000;11291819706;B
20241014;101859;0.6577;10000;11291819764;S
20241014;101900;0.6578;2000;11291820051;S
20241014;101900;0.6578;1000;11291820052;S
20241014;101901;0.6583;1000;11291820582;B
20241014;101901;0.6583;4000;11291820685;B
20241014;101901;0.6583;6000;11291820686;B
20241014;101902;0.6578;1000;11291820913;S
20241014;101903;0.6581;1000;11291821028;B
20241014;101903;0.6578;2000;11291821153;S
20241014;101904;0.6584;1000;11291821315;B
20241014;101904;0.6584;3000;11291821455;B
20241014;101905;0.658;1000;11291821710;S
20241014;101906;0.6583;2000;11291821908;B
20241014;101906;0.6581;1000;11291822135;B
20241014;101907;0.6584;1000;11291822171;B
20241014;101908;0.6583;1000;11291822732;B
20241014;101909;0.6582;1000;11291822968;B
20241014;101910;0.6583;1000;11291823100;B
20241014;101910;0.6583;1000;11291823230;B
20241014;101911;0.658;40000;11291823516;S
20241014;101912;0.6583;2000;11291823594;B
20241014;101912;0.6583;1000;11291823611;B
20241014;101912;0.658;7000;11291823835;S
20241014;101912;0.658;7000;11291823836;S
20241014;101912;0.6583;5000;11291823861;B
20241014;101913;0.658;1000;11291824140;S
20241014;101914;0.6583;2000;11291824261;B
20241014;101914;0.658;1000;11291824320;S
20241014;101914;0.658;1000;11291824456;S
20241014;101914;0.6583;1000;11291824487;B
20241014;101915;0.658;1000;11291824678;S
20241014;101916;0.658;60000;11291824865;S
20241014;101916;0.658;5000;11291824874;S
20241014;101916;0.658;1000;11291824930;S
20241014;101916;0.6584;8000;11291825054;B
20241014;101916;0.6584;11000;11291825055;B
20241014;101916;0.6584;10000;11291825094;S
20241014;101916;0.6585;10000;11291825095;B
20241014;101917;0.6584;1000;11291825170;S
20241014;101917;0.6584;2000;11291825171;S
20241014;101918;0.6584;68000;11291825717;S
20241014;101918;0.6583;11000;11291825718;S
20241014;101918;0.6582;1000;11291825719;S
20241014;101918;0.6582;11000;11291825720;S
20241014;101918;0.658;76000;11291825721;S
20241014;101918;0.6578;8000;11291825722;S
20241014;101918;0.6578;1000;11291825752;B
20241014;101919;0.6577;1000;11291825936;S
20241014;101919;0.6577;1000;11291825937;S
20241014;101919;0.6577;1000;11291825938;S
20241014;101920;0.6577;13000;11291826208;S
20241014;101920;0.6577;16000;11291826209;S
20241014;101920;0.6577;30000;11291826210;S
20241014;101920;0.6578;5000;11291826233;B
20241014;101921;0.6578;1000;11291826406;B
20241014;101921;0.6577;1000;11291826433;S
20241014;101921;0.6577;1000;11291826434;S
20241014;101921;0.6578;3000;11291826448;B
20241014;101921;0.6578;2000;11291826559;B
20241014;101922;0.6578;1000;11291826780;B
20241014;101922;0.6577;1000;11291826791;S
20241014;101922;0.6578;1000;11291826964;B
20241014;101922;0.6578;2000;11291827020;B
20241014;101923;0.6578;1000;11291827139;B
20241014;101923;0.6577;1000;11291827153;S
20241014;101923;0.6578;11000;11291827157;B
20241014;101923;0.6578;4000;11291827160;B
20241014;101923;0.6578;4000;11291827267;B
20241014;101923;0.6578;5000;11291827278;B
20241014;101924;0.6577;1000;11291827463;S
20241014;101924;0.6578;1000;11291827544;B
20241014;101924;0.6577;249000;11291827591;S
20241014;101924;0.6577;10000;11291827592;S
20241014;101924;0.6577;2000;11291827593;S
20241014;101924;0.6577;2000;11291827594;S
20241014;101924;0.6577;15000;11291827595;S
20241014;101924;0.6576;187000;11291827596;S
20241014;101924;0.6576;15000;11291827597;S
20241014;101924;0.6575;1000;11291827598;S
20241014;101924;0.6575;5000;11291827599;S
20241014;101924;0.6575;13000;11291827600;S
20241014;101924;0.6574;1000;11291827601;S
20241014;101924;0.6573;60000;11291827602;S
20241014;101924;0.6573;91000;11291827603;S
20241014;101924;0.6573;10000;11291827604;S
20241014;101924;0.6572;20000;11291827605;S
20241014;101924;0.6572;100000;11291827606;S
20241014;101924;0.6572;5000;11291827607;S
20241014;101924;0.6571;1000;11291827608;S
20241014;101924;0.6571;25000;11291827609;S
20241014;101924;0.6571;1000;11291827610;S
20241014;101924;0.6571;151000;11291827611;S
20241014;101924;0.6571;1000;11291827612;S
20241014;101924;0.657;1000;11291827613;S
20241014;101924;0.657;155000;11291827614;S
20241014;101924;0.657;3000;11291827615;S
20241014;101924;0.6573;2000;11291827660;B
20241014;101924;0.6571;4000;11291827681;S
20241014;101924;0.6571;2000;11291827683;S
20241014;101925;0.6576;9000;11291827701;S
20241014;101925;0.6576;22000;11291827702;S
20241014;101925;0.6578;2000;11291827705;B
20241014;101925;0.6578;1000;11291827717;B
20241014;101925;0.6578;1000;11291827769;B
20241014;101925;0.6576;20000;11291827838;S
20241014;101925;0.6577;10000;11291827866;B
20241014;101925;0.6576;37000;11291827955;S
20241014;101925;0.6576;28000;11291827958;S
20241014;101926;0.6586;3000;11291828101;B
20241014;101927;0.658;5000;11291828381;B
20241014;101927;0.6583;1000;11291828382;B
20241014;101927;0.6586;4000;11291828478;B
20241014;101927;0.6586;4000;11291828479;B
20241014;101927;0.6586;1000;11291828503;B
20241014;101927;0.6586;1000;11291828504;B
20241014;101927;0.6584;1000;11291828505;S
20241014;101929;0.6578;1000;11291829092;S
20241014;101930;0.658;2000;11291829269;B
20241014;101931;0.6585;1000;11291829472;B
20241014;101931;0.6585;1000;11291829627;B
20241014;101932;0.6586;1000;11291829891;B
20241014;101932;0.6586;3000;11291829892;B
20241014;101932;0.6586;1000;11291829974;B
20241014;101933;0.6586;2000;11291830122;B
20241014;101933;0.6586;2000;11291830299;B
20241014;101933;0.6586;1000;11291830307;B
20241014;101933;0.6586;1000;11291830429;B
20241014;101934;0.658;5000;11291830693;S
20241014;101934;0.6578;4000;11291830694;S
20241014;101934;0.6577;9000;11291830695;S
20241014;101934;0.6576;112000;11291830696;S
20241014;101934;0.6576;9000;11291830697;S
20241014;101934;0.6572;1000;11291830698;S
20241014;101934;0.6572;5000;11291830699;S
20241014;101934;0.6572;5000;11291830700;S
20241014;101934;0.6571;145000;11291830701;S
20241014;101934;0.657;205000;11291830702;S
20241014;101934;0.6583;1000;11291830729;B
20241014;101934;0.6583;2000;11291830737;B
20241014;101935;0.6583;3000;11291830792;B
20241014;101935;0.6584;1000;11291830830;B
20241014;101935;0.6584;1000;11291830958;B
20241014;101935;0.6584;1000;11291830972;B
20241014;101937;0.658;2000;11291831635;B
20241014;101939;0.658;1000;11291832050;B
20241014;101939;0.658;1000;11291832091;B
20241014;101940;0.658;1000;11291832143;B
20241014;101941;0.6582;1000;11291832393;B
20241014;101942;0.6578;3000;11291832631;S
20241014;101942;0.6576;1000;11291832632;S
20241014;101942;0.6574;1000;11291832633;S
20241014;101943;0.6581;1000;11291832950;B
20241014;101944;0.6581;1000;11291833068;B
20241014;101944;0.658;1000;11291833199;B
20241014;101945;0.6581;3000;11291833272;B
20241014;101945;0.6582;2000;11291833273;B
20241014;101946;0.658;1000;11291833509;S
20241014;101946;0.6582;6000;11291833517;B
20241014;101947;0.6582;3000;11291833725;B
20241014;101947;0.6582;1000;11291833740;B
20241014;101947;0.6582;10000;11291833842;B
20241014;101949;0.6582;7000;11291834169;B
20241014;101949;0.6582;1000;11291834294;B
20241014;101949;0.6583;1000;11291834417;B
20241014;101950;0.6575;1000;11291834581;S
20241014;101950;0.6583;1000;11291834665;B
20241014;101951;0.6583;1000;11291834989;B
20241014;101951;0.6583;1000;11291834990;B
20241014;101952;0.6583;1000;11291835068;B
20241014;101952;0.6583;10000;11291835242;B
20241014;101952;0.6583;1000;11291835248;B
20241014;101953;0.6583;1000;11291835347;B
20241014;101954;0.6583;2000;11291835763;B
20241014;101954;0.6583;1000;11291835814;B
20241014;101955;0.6583;3000;11291836058;B
20241014;101956;0.6583;1000;11291836292;B
20241014;101957;0.6575;1000;11291836339;S
20241014;101958;0.6582;1000;11291836653;S
20241014;101958;0.6576;6000;11291836654;S
20241014;101958;0.6576;5000;11291836655;S
20241014;101958;0.6583;1000;11291836781;B
20241014;101959;0.6583;1000;11291836868;B
20241014;102000;0.6583;4000;11291837517;B
20241014;102001;0.6583;3000;11291837555;B
20241014;102001;0.6584;21000;11291837556;B
20241014;102001;0.6585;1000;11291837557;B
20241014;102001;0.6586;2000;11291837558;B
20241014;102001;0.6586;35000;11291837559;B
20241014;102001;0.6589;9000;11291837753;B
20241014;102001;0.659;4000;11291837754;B
20241014;102001;0.659;1000;11291837758;B
20241014;102001;0.659;1000;11291837772;B
20241014;102002;0.6579;72000;11291837896;S
20241014;102004;0.6586;1000;11291838743;B
20241014;102004;0.6586;1000;11291838751;B
20241014;102005;0.6586;1000;11291838856;B
20241014;102006;0.6586;7000;11291839267;B
20241014;102006;0.6587;3000;11291839268;B
20241014;102007;0.6589;1000;11291839397;B
20241014;102007;0.6589;4000;11291839520;B
20241014;102009;0.6589;1000;11291839880;B
20241014;102009;0.6588;10000;11291840160;S
20241014;102010;0.6589;1000;11291840185;B
20241014;102010;0.6589;1000;11291840222;B
20241014;102010;0.6582;6000;11291840463;S
20241014;102010;0.6582;4000;11291840464;S
20241014;102011;0.6589;2000;11291840627;B
20241014;102011;0.6582;10000;11291840782;S
20241014;102011;0.6582;25000;11291840783;S
20241014;102012;0.659;1000;11291840858;B
20241014;102012;0.6589;10000;11291841012;B
20241014;102012;0.659;38000;11291841013;B
20241014;102012;0.659;8000;11291841014;B
20241014;102012;0.659;44000;11291841015;B
20241014;102013;0.659;1000;11291841050;B
20241014;102013;0.659;1000;11291841092;B
20241014;102013;0.6582;2000;11291841252;S
20241014;102013;0.6582;30000;11291841253;S
20241014;102013;0.6582;28000;11291841254;S
20241014;102015;0.659;1000;11291841585;B
20241014;102015;0.659;2000;11291841740;B
20241014;102015;0.659;1000;11291841781;B
20241014;102016;0.659;1000;11291841828;B
20241014;102016;0.659;49000;11291841972;B
20241014;102016;0.6593;35000;11291841973;B
20241014;102016;0.6595;13000;11291841974;B
20241014;102016;0.6598;3000;11291841975;B
20241014;102018;0.6596;1000;11291842425;B
20241014;102018;0.6596;1000;11291842461;B
20241014;102018;0.6595;1000;11291842510;B
20241014;102018;0.6595;1000;11291842557;B
20241014;102019;0.6585;1000;11291842865;S
20241014;102019;0.6595;6000;11291842891;B
20241014;102021;0.6586;1000;11291843456;S
20241014;102021;0.6586;1000;11291843457;S
20241014;102022;0.6594;2000;11291843527;B
20241014;102022;0.6594;8000;11291843528;B
20241014;102022;0.6594;2000;11291843651;B
20241014;102023;0.6586;1000;11291843816;S
20241014;102023;0.6585;10000;11291843817;S
20241014;102023;0.6596;2000;11291843918;B
20241014;102023;0.6596;1000;11291843992;B
20241014;102024;0.6596;1000;11291844176;B
20241014;102026;0.6596;51000;11291844563;B
20241014;102027;0.6597;8000;11291844787;B
20241014;102028;0.6596;1000;11291845144;B
20241014;102028;0.6596;4000;11291845249;B
20241014;102029;0.6596;1000;11291845419;B
20241014;102029;0.6596;1000;11291845511;B
20241014;102030;0.6596;1000;11291845880;B
20241014;102030;0.6596;2000;11291845888;B
20241014;102031;0.6594;1000;11291846586;B
20241014;102032;0.6594;17000;11291846759;B
20241014;102032;0.6594;1000;11291847002;B
20241014;102033;0.6596;2000;11291847831;B
20241014;102033;0.6596;1000;11291847860;B
20241014;102034;0.6596;7000;11291847909;B
20241014;102034;0.6596;18000;11291847910;B
20241014;102034;0.6595;7000;11291848301;B
20241014;102035;0.6595;11000;11291848774;B
20241014;102035;0.6595;10000;11291848798;B
20241014;102037;0.6596;2000;11291849974;B
20241014;102037;0.6596;2000;11291850165;B
20241014;102038;0.6596;1000;11291850491;B
20241014;102039;0.6588;1000;11291851613;S
20241014;102039;0.6588;1000;11291851614;S
20241014;102039;0.6586;3000;11291851615;S
20241014;102041;0.6593;4000;11291852923;B
20241014;102043;0.6587;9000;11291854111;S
20241014;102044;0.6596;5000;11291854338;B
20241014;102044;0.6596;1000;11291854375;B
20241014;102044;0.6596;154000;11291854398;B
20241014;102044;0.6596;35000;11291854399;B
20241014;102044;0.6597;11000;11291854400;B
20241014;102044;0.6597;1000;11291854741;B
20241014;102045;0.6597;1000;11291855250;B
20241014;102045;0.6597;2000;11291855434;B
20241014;102045;0.6589;5000;11291855534;S
20241014;102045;0.6588;7000;11291855535;S
20241014;102048;0.6594;5000;11291857165;B
20241014;102048;0.6595;8000;11291857166;B
20241014;102048;0.6596;1000;11291857434;B
20241014;102048;0.6596;2000;11291857449;B
20241014;102049;0.6596;1000;11291857888;B
20241014;102049;0.6596;5000;11291857980;B
20241014;102049;0.6596;35000;11291857981;B
20241014;102049;0.6597;27000;11291857982;B
20241014;102049;0.6598;4000;11291857983;B
20241014;102049;0.6598;4000;11291857984;B
20241014;102049;0.6598;12000;11291857985;B
20241014;102049;0.6599;70000;11291857986;B
20241014;102049;0.66;300000;11291857987;B
20241014;102049;0.6603;150000;11291857988;B
20241014;102049;0.6603;7000;11291857989;B
20241014;102049;0.6604;13000;11291857990;B
20241014;102049;0.6604;1000;11291857991;B
20241014;102049;0.6604;1000;11291857992;B
20241014;102049;0.6604;30000;11291857993;B
20241014;102049;0.6606;196000;11291857994;B
20241014;102049;0.6598;6000;11291858440;B
20241014;102049;0.6598;6000;11291858452;B
20241014;102049;0.6599;2000;11291858453;B
20241014;102051;0.6598;10000;11291859630;B
20241014;102051;0.6598;1000;11291859765;B
20241014;102052;0.6598;1000;11291860131;B
20241014;102052;0.6601;35000;11291860132;B
20241014;102052;0.6601;12000;11291860147;S
20241014;102052;0.6601;2000;11291860183;S
20241014;102052;0.6599;10000;11291860184;S
20241014;102052;0.6599;12000;11291860229;S
20241014;102052;0.6599;12000;11291860261;S
20241014;102052;0.6599;1000;11291860295;S
20241014;102052;0.6598;6000;11291860371;B
20241014;102054;0.6598;5000;11291861136;B
20241014;102054;0.66;2000;11291861137;B
20241014;102054;0.6598;3000;11291861309;B
20241014;102055;0.6598;1000;11291861416;B
20241014;102056;0.6598;4000;11291862138;B
20241014;102056;0.6592;8000;11291862431;S
20241014;102058;0.6598;4000;11291863447;B
20241014;102059;0.6598;1000;11291864205;B
20241014;102059;0.6598;1000;11291864618;B
20241014;102059;0.6598;1000;11291864647;B
20241014;102103;0.6598;9000;11291867086;B
20241014;102103;0.6599;35000;11291867087;B
20241014;102103;0.66;10000;11291867088;B
20241014;102103;0.66;6000;11291867089;B
20241014;102108;0.6598;1000;11291870595;B
20241014;102113;0.6595;1000;11291873693;S
20241014;102113;0.6595;10000;11291873694;S
20241014;102113;0.6594;5000;11291873695;S
20241014;102113;0.6593;5000;11291873696;S
20241014;102113;0.6592;30000;11291873697;S
20241014;102113;0.6592;9000;11291873698;S
20241014;102114;0.6595;8000;11291874333;B
20241014;102116;0.6598;1000;11291875048;S
20241014;102116;0.6599;5000;11291875337;B
20241014;102117;0.6598;1000;11291876031;B
20241014;102117;0.6598;1000;11291876063;B
20241014;102117;0.6598;9000;11291876064;B
20241014;102118;0.6599;5000;11291876725;B
20241014;102118;0.6599;12000;11291876726;B
20241014;102118;0.66;6000;11291876727;B
20241014;102119;0.66;1000;11291877081;B
20241014;102120;0.6599;5000;11291878759;B
20241014;102121;0.6599;9000;11291879630;B
20241014;102121;0.6599;19000;11291879631;B
20241014;102121;0.66;19000;11291879632;B
20241014;102122;0.66;4000;11291880399;B
20241014;102123;0.66;2000;11291881745;B
20241014;102127;0.6596;5000;11291884015;S
20241014;102127;0.6596;1000;11291884016;S
20241014;102128;0.6598;2000;11291885160;B
20241014;102132;0.66;8000;11291887509;B
20241014;102135;0.66;4000;11291889694;B
20241014;102135;0.66;3000;11291889695;B
20241014;102141;0.6596;1000;11291893800;S
20241014;102141;0.6596;1000;11291893801;S
20241014;102141;0.6596;3000;11291893802;S
20241014;102145;0.6595;21000;11291896743;S
20241014;102147;0.6595;189000;11291897797;S
20241014;102149;0.6598;1000;11291898779;S
20241014;102149;0.6599;1000;11291899361;B
20241014;102149;0.6599;1000;11291899500;B
20241014;102150;0.6599;1000;11291899630;B
20241014;102150;0.6599;1000;11291899743;B
20241014;102150;0.6599;1000;11291899892;B
20241014;102157;0.66;2000;11291904658;B
20241014;102157;0.66;1000;11291904659;B
20241014;102201;0.6601;1000;11291907283;B
20241014;102202;0.6601;1000;11291907660;B
20241014;102203;0.6601;1000;11291908069;B
20241014;102204;0.6601;1000;11291908754;B
20241014;102206;0.6601;1000;11291910022;B
20241014;102208;0.6604;1000;11291910911;B
20241014;102209;0.6604;1000;11291911886;B
20241014;102210;0.6596;3000;11291912134;S
20241014;102211;0.6604;1000;11291912774;B
20241014;102213;0.6604;1000;11291914021;B
20241014;102214;0.6603;1000;11291914892;B
20241014;102215;0.6597;1000;11291915216;S
20241014;102215;0.6603;10000;11291915502;B
20241014;102217;0.6602;1000;11291916250;B
20241014;102218;0.6597;4000;11291917274;S
20241014;102218;0.6596;1000;11291917275;S
20241014;102218;0.6595;55000;11291917276;S
20241014;102226;0.6601;1000;11291921916;B
20241014;102226;0.6595;3000;11291922200;S
20241014;102233;0.6601;4000;11291926786;B
20241014;102233;0.6601;6000;11291926787;B
20241014;102244;0.66;36000;11291934711;B
20241014;102244;0.66;35000;11291934712;B
20241014;102244;0.6601;9000;11291934713;B
20241014;102250;0.66;10000;11291938573;B
20241014;102255;0.66;36000;11291941284;B
20241014;102255;0.66;24000;11291941285;B
20241014;102256;0.6595;1000;11291942180;S
20241014;102302;0.6601;59000;11291946551;B
20241014;102302;0.6601;35000;11291946552;B
20241014;102303;0.6603;10000;11291947087;B
20241014;102303;0.6603;35000;11291947088;B
20241014;102303;0.6604;88000;11291947296;B
20241014;102304;0.6604;10000;11291948131;B
20241014;102312;0.6601;12000;11291953258;S
20241014;102317;0.6607;7000;11291956172;B
20241014;102317;0.6607;10000;11291956173;B
20241014;102317;0.6607;35000;11291956174;B
20241014;102317;0.6609;15000;11291956175;B
20241014;102317;0.661;10000;11291956176;B
20241014;102317;0.661;10000;11291956177;B
20241014;102317;0.6612;13000;11291956178;B
20241014;102317;0.6602;226000;11291956296;S
20241014;102317;0.6601;894000;11291956297;S
20241014;102317;0.66;9000;11291956298;S
20241014;102317;0.6597;35000;11291956299;S
20241014;102317;0.6595;31000;11291956300;S
20241014;102317;0.6595;20000;11291956301;S
20241014;102317;0.6595;1000;11291956302;S
20241014;102317;0.6595;1000;11291956303;S
20241014;102317;0.6595;5000;11291956304;S
20241014;102317;0.6595;5000;11291956305;S
20241014;102317;0.6595;8000;11291956306;S
20241014;102317;0.6594;1000;11291956307;S
20241014;102317;0.6591;2000;11291956308;S
20241014;102317;0.6591;1000;11291956309;S
20241014;102317;0.659;9000;11291956310;S
20241014;102317;0.659;15000;11291956311;S
20241014;102317;0.659;3000;11291956312;S
20241014;102317;0.6589;11000;11291956313;S
20241014;102317;0.6589;2000;11291956314;S
20241014;102317;0.6589;80000;11291956315;S
20241014;102317;0.6586;5000;11291956316;S
20241014;102317;0.6586;1000;11291956317;S
20241014;102317;0.6586;1000;11291956318;S
20241014;102317;0.6583;151000;11291956319;S
20241014;102317;0.6582;100000;11291956320;S
20241014;102317;0.6582;80000;11291956321;S
20241014;102317;0.658;9000;11291956322;S
20241014;102317;0.658;8000;11291956323;S
20241014;102317;0.658;1000;11291956324;S
20241014;102317;0.658;1000;11291956325;S
20241014;102317;0.658;1000;11291956326;S
20241014;102317;0.658;3000;11291956327;S
20241014;102317;0.658;2000;11291956328;S
20241014;102317;0.658;2000;11291956329;S
20241014;102317;0.658;7000;11291956330;S
20241014;102317;0.658;269000;11291956331;S
20241014;102317;0.6608;5000;11291956336;B
20241014;102318;0.659;3000;11291957181;S
20241014;102320;0.659;12000;11291958053;S
20241014;102320;0.6587;31000;11291958054;S
20241014;102320;0.6586;17000;11291958055;S
20241014;102322;0.6601;3000;11291959351;B
20241014;102325;0.6598;100000;11291961542;B
20241014;102326;0.6598;1000;11291962486;B
20241014;102329;0.66;1000;11291964561;B
20241014;102338;0.6596;5000;11291970811;B
20241014;102338;0.6596;5000;11291970812;B
20241014;102348;0.6588;3000;11291977827;S
20241014;102348;0.6587;3000;11291977828;S
20241014;102348;0.6587;30000;11291977829;S
20241014;102348;0.6586;23000;11291977830;S
20241014;102348;0.6586;3000;11291977831;S
20241014;102348;0.6586;3000;11291977832;S
20241014;102348;0.6585;150000;11291977833;S
20241014;102349;0.6592;1000;11291978279;B
20241014;102350;0.6586;5000;11291978839;S
20241014;102350;0.6585;10000;11291978840;S
20241014;102353;0.6585;20000;11291980500;S
20241014;102354;0.6585;1000;11291980600;S
20241014;102354;0.6591;4000;11291980652;B
20241014;102354;0.6591;6000;11291980653;B
20241014;102359;0.6592;10000;11291981485;B
20241014;102400;0.6592;1000;11291981696;B
20241014;102401;0.6591;1000;11291982072;B
20241014;102401;0.6591;2000;11291982073;B
20241014;102405;0.6591;1000;11291983253;B
20241014;102405;0.6591;19000;11291983254;B
20241014;102409;0.6593;10000;11291984947;B
20241014;102413;0.6586;1000;11291985613;S
20241014;102413;0.6586;5000;11291985614;S
20241014;102413;0.6585;19000;11291985615;S
20241014;102413;0.6585;2000;11291985616;S
20241014;102413;0.6585;33000;11291985617;S
20241014;102415;0.6592;1000;11291986001;B
20241014;102420;0.6583;3000;11291986640;S
20241014;102422;0.6588;22000;11291986980;S
20241014;102427;0.6588;4000;11291987942;S
20241014;102430;0.6588;3000;11291988457;S
20241014;102433;0.6591;3000;11291988853;B
20241014;102434;0.6592;4000;11291989007;B
20241014;102434;0.6594;6000;11291989008;B
20241014;102441;0.6594;1000;11291990170;B
20241014;102443;0.6591;6000;11291990438;S
20241014;102443;0.6591;1000;11291990439;S
20241014;102443;0.6589;1000;11291990440;S
20241014;102449;0.6592;1000;11291991254;B
20241014;102500;0.6588;14000;11291993492;S
20241014;102500;0.659;1000;11291993498;B
20241014;102503;0.659;70000;11291993990;B
20241014;102504;0.6588;8000;11291994188;S
20241014;102505;0.659;10000;11291994346;B
20241014;102507;0.659;5000;11291994717;B
20241014;102508;0.659;1000;11291994903;B
20241014;102512;0.659;5000;11291995552;B
20241014;102513;0.659;1000;11291995746;B
20241014;102515;0.6588;2000;11291996083;S
20241014;102515;0.6586;6000;11291996084;S
20241014;102515;0.6585;2000;11291996085;S
20241014;102515;0.6583;2000;11291996086;S
20241014;102515;0.6583;48000;11291996087;S
20241014;102516;0.6583;6000;11291996305;S
20241014;102516;0.6589;2000;11291996348;B
20241014;102516;0.6589;13000;11291996349;B
20241014;102521;0.6587;2000;11291997344;B
20241014;102521;0.6588;8000;11291997345;B
20241014;102533;0.6588;5000;11291999870;B
20241014;102534;0.6584;1000;11292000068;S
20241014;102534;0.6584;22000;11292000071;S
20241014;102542;0.6586;25000;11292001908;S
20241014;102542;0.6584;23000;11292001909;S
20241014;102543;0.6584;2000;11292002153;B
20241014;102545;0.6584;1000;11292002482;B
20241014;102545;0.6584;10000;11292002499;B
20241014;102552;0.6585;1000;11292003919;S
20241014;102556;0.6585;1000;11292004529;S
20241014;102556;0.6584;9000;11292004530;S
20241014;102603;0.6588;1000;11292005761;B
20241014;102605;0.6588;4000;11292006015;B
20241014;102605;0.6588;1000;11292006040;B
20241014;102606;0.6588;1000;11292006113;B
20241014;102611;0.6588;20000;11292007161;B
20241014;102613;0.6584;10000;11292007463;S
20241014;102614;0.6588;10000;11292007686;B
20241014;102614;0.6588;10000;11292007687;B
20241014;102615;0.6583;60000;11292007853;S
20241014;102620;0.659;1000;11292008556;B
20241014;102620;0.659;10000;11292008591;B
20241014;102621;0.6584;16000;11292008874;S
20241014;102621;0.6583;40000;11292008875;S
20241014;102621;0.6583;5000;11292008876;S
20241014;102621;0.6583;16000;11292008877;S
20241014;102621;0.6582;100000;11292008878;S
20241014;102621;0.6582;1000;11292008879;S
20241014;102621;0.6582;16000;11292008880;S
20241014;102621;0.6581;5000;11292008897;S
20241014;102621;0.6581;3000;11292009083;S
20241014;102621;0.6581;9000;11292009084;S
20241014;102621;0.6583;1000;11292009254;S
20241014;102621;0.6581;2000;11292009255;S
20241014;102622;0.6587;17000;11292009431;B
20241014;102622;0.6587;35000;11292009432;B
20241014;102622;0.6588;16000;11292009433;B
20241014;102622;0.659;7000;11292009434;B
20241014;102623;0.659;1000;11292009546;B
20241014;102630;0.6585;2000;11292010780;B
20241014;102642;0.6586;10000;11292012910;B
20241014;102657;0.6585;14000;11292015620;S
20241014;102701;0.6585;3000;11292016498;S
20241014;102705;0.6585;3000;11292017068;S
20241014;102711;0.6582;9000;11292017775;S
20241014;102712;0.6584;1000;11292017860;B
20241014;102712;0.6585;2000;11292017861;B
20241014;102712;0.6585;7000;11292017862;B
20241014;102719;0.6586;3000;11292018876;B
20241014;102719;0.6586;1000;11292018877;B
20241014;102720;0.6583;1000;11292019024;S
20241014;102720;0.6582;30000;11292019025;S
20241014;102720;0.6582;12000;11292019026;S
20241014;102720;0.6581;12000;11292019027;S
20241014;102720;0.658;5000;11292019028;S
20241014;102721;0.658;18000;11292019242;S
20241014;102732;0.6584;1000;11292021279;B
20241014;102732;0.6584;35000;11292021280;B
20241014;102738;0.6588;1000;11292023299;B
20241014;102739;0.6588;10000;11292023639;B
20241014;102742;0.6588;1000;11292024098;B
20241014;102742;0.6585;1000;11292024110;S
20241014;102742;0.6584;10000;11292024111;S
20241014;102742;0.6583;1000;11292024112;S
20241014;102742;0.6582;13000;11292024113;S
20241014;102743;0.658;8000;11292024245;S
20241014;102743;0.658;20000;11292024246;S
20241014;102743;0.658;9000;11292024247;S
20241014;102743;0.658;1000;11292024248;S
20241014;102743;0.658;9000;11292024249;S
20241014;102743;0.658;8000;11292024250;S
20241014;102743;0.658;1000;11292024251;S
20241014;102743;0.658;1000;11292024252;S
20241014;102743;0.658;1000;11292024253;S
20241014;102743;0.658;2000;11292024254;S
20241014;102743;0.658;20000;11292024255;S
20241014;102743;0.658;1000;11292024256;S
20241014;102743;0.658;19000;11292024257;S
20241014;102743;0.658;10000;11292024258;S
20241014;102743;0.6579;1000;11292024259;S
20241014;102743;0.6579;6000;11292024260;S
20241014;102743;0.6578;33000;11292024261;S
20241014;102748;0.6585;3000;11292025261;B
20241014;102803;0.6586;3000;11292028697;S
20241014;102804;0.6586;5000;11292028906;S
20241014;102804;0.6586;1000;11292028907;S
20241014;102804;0.6586;9000;11292028908;S
20241014;102804;0.6585;1000;11292028909;S
20241014;102804;0.6584;4000;11292028910;S
20241014;102804;0.6584;35000;11292028911;S
20241014;102804;0.658;1000;11292028912;S
20241014;102804;0.658;2000;11292028913;S
20241014;102804;0.6579;151000;11292028914;S
20241014;102804;0.6578;167000;11292028915;S
20241014;102804;0.6577;5000;11292028916;S
20241014;102804;0.6577;100000;11292028917;S
20241014;102804;0.6577;5000;11292028918;S
20241014;102804;0.6576;1000;11292028919;S
20241014;102804;0.6576;1000;11292028920;S
20241014;102804;0.6575;50000;11292028921;S
20241014;102804;0.6575;1000;11292028922;S
20241014;102804;0.6575;1000;11292028923;S
20241014;102804;0.6574;11000;11292028924;S
20241014;102804;0.6574;400000;11292028925;S
20241014;102804;0.6572;2000;11292028926;S
20241014;102804;0.6572;13000;11292028927;S
20241014;102804;0.6571;200000;11292028928;S
20241014;102804;0.6571;5000;11292028929;S
20241014;102804;0.6571;1000;11292028930;S
20241014;102804;0.657;92000;11292028931;S
20241014;102804;0.657;30000;11292028932;S
20241014;102804;0.657;25000;11292028933;S
20241014;102804;0.657;6000;11292028934;S
20241014;102804;0.657;6000;11292028935;S
20241014;102804;0.657;7000;11292028936;S
20241014;102804;0.657;11000;11292028937;S
20241014;102804;0.657;100000;11292028938;S
20241014;102804;0.657;5000;11292028939;S
20241014;102804;0.657;10000;11292028940;S
20241014;102804;0.657;60000;11292028941;S
20241014;102804;0.657;10000;11292028942;S
20241014;102804;0.657;25000;11292028943;S
20241014;102804;0.657;1000;11292028944;S
20241014;102804;0.657;5000;11292028945;S
20241014;102804;0.657;3000;11292028946;S
20241014;102804;0.657;30000;11292028947;S
20241014;102804;0.657;4000;11292028948;S
20241014;102804;0.657;1000;11292028949;S
20241014;102804;0.657;14000;11292028950;S
20241014;102804;0.657;100000;11292028951;S
20241014;102804;0.657;1000;11292028952;S
20241014;102804;0.657;5000;11292028953;S
20241014;102804;0.6569;4000;11292028954;S
20241014;102804;0.6569;80000;11292028955;S
20241014;102804;0.6568;1000;11292028956;S
20241014;102804;0.6568;2000;11292028957;S
20241014;102804;0.6567;1000;11292028958;S
20241014;102804;0.6567;70000;11292028959;S
20241014;102804;0.6567;1000;11292028960;S
20241014;102804;0.6566;1000;11292028961;S
20241014;102804;0.6566;30000;11292028962;S
20241014;102804;0.6566;10000;11292028963;S
20241014;102804;0.6566;5000;11292028964;S
20241014;102804;0.6566;1000;11292028965;S
20241014;102804;0.6566;196000;11292028966;S
20241014;102804;0.6566;1000;11292028967;S
20241014;102804;0.6566;1000;11292028968;S
20241014;102804;0.6566;5000;11292028969;S
20241014;102804;0.6565;2000;11292028970;S
20241014;102804;0.6565;100000;11292028971;S
20241014;102804;0.6565;2000;11292028972;S
20241014;102804;0.6565;736000;11292028973;S
20241014;102804;0.6565;1028000;11292028974;S
20241014;102804;0.6585;68000;11292028975;S
20241014;102804;0.658;8000;11292028983;B
20241014;102804;0.658;1000;11292028985;B
20241014;102804;0.658;9000;11292028986;B
20241014;102804;0.658;1000;11292028987;B
20241014;102804;0.658;2000;11292028989;B
20241014;102804;0.6582;1000;11292028996;B
20241014;102804;0.6583;8000;11292028997;B
20241014;102804;0.6583;9000;11292028998;B
20241014;102804;0.6585;1000;11292029020;B
20241014;102804;0.6585;8000;11292029024;B
20241014;102804;0.6585;9000;11292029026;B
20241014;102805;0.658;1000;11292029047;S
20241014;102805;0.658;2000;11292029048;S
20241014;102805;0.6585;1000;11292029058;B
20241014;102805;0.6585;8000;11292029063;B
20241014;102805;0.6585;9000;11292029082;B
20241014;102805;0.6585;1000;11292029083;B
20241014;102805;0.6585;8000;11292029088;B
20241014;102805;0.6586;9000;11292029093;B
20241014;102805;0.6587;1000;11292029096;B
20241014;102805;0.6586;1000;11292029131;S
20241014;102805;0.6586;8000;11292029132;S
20241014;102805;0.6586;9000;11292029133;S
20241014;102805;0.6586;1000;11292029148;S
20241014;102805;0.6586;4000;11292029149;S
20241014;102805;0.6586;8000;11292029150;S
20241014;102805;0.6584;35000;11292029151;S
20241014;102805;0.658;1000;11292029157;S
20241014;102805;0.6585;1000;11292029166;B
20241014;102805;0.6586;1000;11292029180;S
20241014;102805;0.6586;1000;11292029213;B
20241014;102805;0.6586;10000;11292029229;B
20241014;102805;0.658;2000;11292029297;S
20241014;102805;0.658;1000;11292029298;S
20241014;102805;0.6579;35000;11292029299;S
20241014;102805;0.6577;8000;11292029300;S
20241014;102806;0.658;2000;11292029375;S
20241014;102806;0.658;1000;11292029376;S
20241014;102807;0.6583;2000;11292029515;B
20241014;102807;0.6583;2000;11292029552;B
20241014;102808;0.6583;1000;11292029588;B
20241014;102808;0.6583;1000;11292029603;B
20241014;102813;0.658;36000;11292030292;S
20241014;102813;0.658;1000;11292030293;S
20241014;102813;0.6577;13000;11292030294;S
20241014;102813;0.6577;10000;11292030295;S
20241014;102817;0.6575;1000;11292030925;S
20241014;102817;0.6574;16000;11292030926;S
20241014;102817;0.6574;35000;11292030927;S
20241014;102817;0.657;151000;11292030928;S
20241014;102817;0.6569;47000;11292030929;S
20241014;102820;0.6577;5000;11292031372;B
20241014;102827;0.6578;24000;11292032258;B
20241014;102827;0.6578;9000;11292032259;B
20241014;102827;0.6578;70000;11292032260;B
20241014;102827;0.6582;10000;11292032279;B
20241014;102827;0.6585;167000;11292032289;B
20241014;102827;0.6586;150000;11292032290;B
20241014;102827;0.6586;35000;11292032291;B
20241014;102827;0.6589;1000;11292032345;B
20241014;102827;0.6589;20000;11292032346;B
20241014;102827;0.659;11000;11292032379;B
20241014;102827;0.659;6000;11292032380;B
20241014;102827;0.6592;14000;11292032381;B
20241014;102827;0.6592;3000;11292032382;B
20241014;102827;0.6592;6000;11292032383;B
20241014;102828;0.6586;204000;11292032588;S
20241014;102828;0.6586;20000;11292032589;S
20241014;102828;0.6586;15000;11292032749;S
20241014;102828;0.6584;19000;11292032750;S
20241014;102828;0.6584;31000;11292032828;S
20241014;102828;0.6584;44000;11292033029;S
20241014;102829;0.6586;3000;11292033114;S
20241014;102829;0.6584;3000;11292033115;S
20241014;102829;0.6584;53000;11292033141;S
20241014;102829;0.6582;35000;11292033142;S
20241014;102829;0.6573;193000;11292033143;S
20241014;102829;0.6586;3000;11292033222;S
20241014;102829;0.6583;3000;11292033231;B
20241014;102829;0.6585;3000;11292033239;B
20241014;102829;0.6587;10000;11292033242;B
20241014;102829;0.6586;3000;11292033250;S
20241014;102829;0.6586;3000;11292033256;S
20241014;102829;0.6586;3000;11292033271;S
20241014;102829;0.6586;3000;11292033292;S
20241014;102829;0.6586;3000;11292033353;S
20241014;102829;0.6586;3000;11292033368;S
20241014;102829;0.6586;2000;11292033376;S
20241014;102834;0.6588;9000;11292034410;B
20241014;102835;0.6578;14000;11292034593;S
20241014;102835;0.6578;35000;11292034594;S
20241014;102835;0.6577;1000;11292034595;S
20241014;102843;0.6589;1000;11292035876;B
20241014;102843;0.659;1000;11292035877;B
20241014;102843;0.659;8000;11292035878;B
20241014;102844;0.6591;1000;11292036151;B
20241014;102844;0.6591;1000;11292036158;B
20241014;102844;0.6591;1000;11292036162;B
20241014;102845;0.6591;1000;11292036540;B
20241014;102854;0.6592;3000;11292038118;B
20241014;102900;0.6592;1000;11292039192;B
20241014;102906;0.6593;1000;11292040215;S
20241014;102907;0.6593;3000;11292040401;B
20241014;102907;0.6594;5000;11292040402;B
20241014;102907;0.6595;2000;11292040403;B
20241014;102908;0.6592;1000;11292040537;S
20241014;102911;0.6596;5000;11292041168;B
20241014;102913;0.6596;25000;11292041608;B
20241014;102913;0.6598;28000;11292041609;B
20241014;102913;0.6599;47000;11292041610;B
20241014;102913;0.6592;1000;11292041668;S
20241014;102913;0.6591;1000;11292041669;S
20241014;102913;0.6591;11000;11292041670;S
20241014;102914;0.6593;1000;11292041843;B
20241014;102920;0.6591;12000;11292042616;S
20241014;102920;0.6591;30000;11292042617;S
20241014;102920;0.659;1000;11292042618;S
20241014;102920;0.659;17000;11292042619;S
20241014;102923;0.6593;7000;11292043315;B
20241014;102925;0.6593;1000;11292043696;B
20241014;102928;0.6593;10000;11292044257;B
20241014;102931;0.6593;1000;11292044721;B
20241014;102933;0.659;5000;11292045754;S
20241014;102934;0.6593;11000;11292045787;B
20241014;102934;0.6593;1000;11292045788;B
20241014;102934;0.6596;14000;11292045789;B
20241014;102934;0.6597;6000;11292045790;B
20241014;102934;0.6597;35000;11292045791;B
20241014;102934;0.6598;12000;11292045792;B
20241014;102934;0.6598;21000;11292045793;B
20241014;102934;0.6592;1000;11292045805;S
20241014;102937;0.6598;1000;11292046234;B
20241014;102940;0.6592;1000;11292046798;S
20241014;102944;0.6593;302000;11292047628;S
20241014;102958;0.6594;4000;11292050524;B
20241014;102958;0.6594;3000;11292050525;B
20241014;102958;0.6595;2000;11292050526;B
20241014;102958;0.6596;1000;11292050527;B
20241014;103001;0.6596;1000;11292051215;B
20241014;103002;0.6596;1000;11292051378;B
20241014;103008;0.6596;22000;11292052422;B
20241014;103008;0.6597;1000;11292052423;B
20241014;103009;0.6593;17000;11292052505;S
20241014;103012;0.6596;10000;11292053070;B
20241014;103013;0.6594;60000;11292053256;S
20241014;103019;0.6594;1000;11292054085;S
20241014;103020;0.6597;3000;11292054312;B
20241014;103027;0.6596;1000;11292055802;B
20241014;103029;0.6596;5000;11292056128;B
20241014;103030;0.6596;4000;11292056362;B
20241014;103030;0.6597;1000;11292056363;B
20241014;103032;0.6596;2000;11292056773;B
20241014;103035;0.6596;10000;11292057274;B
20241014;103041;0.6597;13000;11292058280;B
20241014;103042;0.6594;2000;11292058505;S
20241014;103042;0.6594;20000;11292058506;S
20241014;103043;0.6594;40000;11292058596;S
20241014;103043;0.6593;10000;11292058597;S
20241014;103044;0.6596;105000;11292059003;B
20241014;103044;0.6597;226000;11292059004;B
20241014;103044;0.6597;151000;11292059005;B
20241014;103044;0.6598;18000;11292059006;B
20241014;103050;0.6598;10000;11292060215;B
20241014;103051;0.6598;6000;11292060348;B
20241014;103054;0.6594;50000;11292060863;S
20241014;103055;0.6593;20000;11292061071;S
20241014;103055;0.6593;40000;11292061088;S
20241014;103057;0.6596;3000;11292061368;B
20241014;103101;0.6595;1000;11292062029;B
20241014;103105;0.6593;31000;11292062754;S
20241014;103106;0.6593;80000;11292062843;S
20241014;103106;0.6593;1000;11292062844;S
20241014;103106;0.6593;18000;11292062845;S
20241014;103106;0.6593;119000;11292062846;S
20241014;103106;0.6591;74000;11292062847;S
20241014;103106;0.6591;35000;11292062848;S
20241014;103106;0.659;78000;11292062849;S
20241014;103106;0.659;3000;11292062850;S
20241014;103106;0.659;1000;11292062851;S
20241014;103106;0.659;4000;11292062852;S
20241014;103106;0.659;95000;11292062853;S
20241014;103106;0.659;62000;11292062854;S
20241014;103107;0.659;16000;11292062998;S
20241014;103107;0.6594;7000;11292063055;B
20241014;103114;0.659;50000;11292064616;S
20241014;103114;0.6588;10000;11292064617;S
20241014;103115;0.6591;1000;11292064724;B
20241014;103115;0.6587;50000;11292064782;S
20241014;103138;0.6591;4000;11292068304;B
20241014;103142;0.6588;1000;11292068892;S
20241014;103142;0.6588;11000;11292068893;S
20241014;103150;0.6591;1000;11292069965;B
20241014;103151;0.6588;61000;11292070041;S
20241014;103151;0.6588;1000;11292070042;S
20241014;103151;0.6588;20000;11292070043;S
20241014;103151;0.6587;78000;11292070044;S
20241014;103154;0.659;1000;11292070517;B
20241014;103154;0.6591;9000;11292070518;B
20241014;103159;0.6591;2000;11292072089;B
20241014;103203;0.6591;1000;11292073185;B
20241014;103203;0.6592;15000;11292073186;B
20241014;103212;0.6591;1000;11292075461;S
20241014;103212;0.659;1000;11292075462;S
20241014;103212;0.6589;1000;11292075463;S
20241014;103212;0.6589;41000;11292075464;S
20241014;103212;0.6588;11000;11292075465;S
20241014;103214;0.6588;60000;11292075897;S
20241014;103214;0.6588;69000;11292075942;S
20241014;103226;0.6588;36000;11292078512;S
20241014;103226;0.6587;14000;11292078513;S
20241014;103236;0.6588;4000;11292080597;B
20241014;103240;0.6591;1000;11292081104;B
20241014;103248;0.6588;6000;11292082968;S
20241014;103248;0.6588;20000;11292082969;S
20241014;103248;0.6588;8000;11292083161;S
20241014;103257;0.6591;1000;11292084961;B
20241014;103259;0.659;1000;11292085154;B
20241014;103300;0.659;23000;11292085552;B
20241014;103301;0.6591;3000;11292085929;B
20241014;103304;0.6591;2000;11292087003;B
20241014;103307;0.6591;6000;11292087460;B
20241014;103309;0.6591;1000;11292087948;B
20241014;103311;0.6591;1000;11292088396;B
20241014;103311;0.6591;290000;11292088453;B
20241014;103311;0.6591;5000;11292088454;B
20241014;103311;0.6592;5000;11292088455;B
20241014;103311;0.6592;145000;11292088457;B
20241014;103311;0.6593;586000;11292088458;B
20241014;103311;0.6593;188000;11292088459;B
20241014;103312;0.6592;30000;11292088553;B
20241014;103312;0.6591;2000;11292088562;S
20241014;103316;0.6592;1000;11292089226;S
20241014;103316;0.6591;1000;11292089227;S
20241014;103318;0.6591;60000;11292089859;S
20241014;103321;0.6593;500000;11292090556;B
20241014;103322;0.6593;4000;11292090695;B
20241014;103323;0.6593;4000;11292090724;B
20241014;103325;0.6593;1000;11292091136;B
20241014;103330;0.6593;11000;11292092275;B
20241014;103334;0.6593;1000;11292092910;B
20241014;103341;0.6593;2000;11292094940;B
20241014;103343;0.6591;7000;11292095537;S
20241014;103350;0.6591;10000;11292097039;S
20241014;103350;0.6591;1000;11292097040;S
20241014;103350;0.6593;10000;11292097083;B
20241014;103350;0.6593;1000;11292097112;B
20241014;103353;0.6591;1000;11292097654;S
20241014;103353;0.6591;5000;11292097655;S
20241014;103353;0.6591;1000;11292097656;S
20241014;103353;0.6591;3000;11292097657;S
20241014;103353;0.6591;70000;11292097658;S
20241014;103354;0.6592;1000;11292098155;B
20241014;103355;0.6592;190000;11292098221;B
20241014;103355;0.6593;110000;11292098222;B
20241014;103400;0.6593;1000;11292099137;B
20241014;103405;0.6591;6000;11292100188;S
20241014;103414;0.6593;7000;11292101924;B
20241014;103415;0.659;1000;11292101961;S
20241014;103415;0.659;2000;11292101962;S
20241014;103415;0.659;36000;11292101963;S
20241014;103415;0.659;9000;11292101964;S
20241014;103415;0.659;12000;11292101965;S
20241014;103415;0.6593;6000;11292102047;B
20241014;103420;0.6591;1000;11292102996;B
20241014;103420;0.6592;1000;11292102997;B
20241014;103420;0.6592;59000;11292102998;B
20241014;103420;0.6593;63000;11292102999;B
20241014;103428;0.6592;1000;11292104236;B
20241014;103429;0.6592;3000;11292104383;B
20241014;103429;0.6592;1000;11292104384;B
20241014;103432;0.6592;3000;11292104827;B
