<DATE>;<TIME>;<LAST>;<VOL>;<ID>;<OPER>
20241015;095943;878;1;11297659300;S
20241015;095943;878;3;11297659301;S
20241015;095943;878;20;11297659302;S
20241015;095943;878;1;11297659303;S
20241015;095943;878;35;11297659304;B
20241015;095943;878;10;11297659305;B
20241015;095943;878;24;11297659306;B
20241015;095943;878;1;11297659307;S
20241015;095943;878;5;11297659308;S
20241015;095943;878;21;11297659309;S
20241015;095943;878;4;11297659310;S
20241015;095943;878;2;11297659311;B
20241015;095943;878;1;11297659312;S
20241015;095943;878;10;11297659313;B
20241015;095943;878;3;11297659314;B
20241015;095943;878;2;11297659315;B
20241015;095943;878;5;11297659316;S
20241015;095943;878;2;11297659317;S
20241015;095943;878;1;11297659318;S
20241015;095943;878;4;11297659319;S
20241015;095943;878;3;11297659320;S
20241015;095943;878;6;11297659321;S
20241015;095943;878;45;11297659322;B
20241015;095943;878;1;11297659323;B
20241015;100000;878;120;11297664344;B
20241015;100001;878;5;11297664510;B
20241015;100004;877.7;1;11297666178;S
20241015;100004;877.7;2;11297666179;S
20241015;100004;877.7;1;11297666180;S
20241015;100004;878;1;11297667327;B
20241015;100005;877.7;1;11297668549;S
20241015;100005;877.7;1;11297668550;S
20241015;100005;878;1;11297668751;B
20241015;100005;878;189;11297668864;B
20241015;100005;878;4;11297669400;B
20241015;100005;878;1;11297669605;B
20241015;100006;878;2;11297670060;B
20241015;100006;877.7;1;11297670062;S
20241015;100006;877.7;1;11297670063;S
20241015;100006;877.6;1;11297670064;S
20241015;100006;877.6;2;11297670146;S
20241015;100007;878;1;11297671028;B
20241015;100007;877.5;1;11297671031;S
20241015;100007;877.4;2;11297671032;S
20241015;100007;878;5;11297671409;B
20241015;100007;878;14;11297671624;B
20241015;100007;878;50;11297671726;B
20241015;100007;877.4;1;11297671813;S
20241015;100009;878;26;11297672549;B
20241015;100014;878;1;11297674295;B
20241015;100018;878;200;11297675659;B
20241015;100022;877.9;5;11297677197;B
20241015;100022;878;2;11297677198;B
20241015;100025;878;11;11297677912;B
20241015;100028;878;1;11297679066;B
20241015;100029;877.5;20;11297679450;S
20241015;100035;877.9;79;11297681636;B
20241015;100038;877.9;2;11297682744;B
20241015;100041;877.4;131;11297683826;S
20241015;100042;877.4;131;11297683857;S
20241015;100042;877.4;5;11297683973;S
20241015;100112;877.6;3;11297691219;B
20241015;100123;877.6;7;11297693389;B
20241015;100123;877.7;1;11297693390;B
20241015;100123;877.9;102;11297693391;B
20241015;100131;877.5;1;11297695217;S
20241015;100139;877.4;2;11297697458;S
20241015;100147;877.7;1;11297699622;B
20241015;100149;877.7;4;11297700439;B
20241015;100149;877.8;1;11297700440;B
20241015;100155;877.9;3;11297702024;B
20241015;100155;878;22;11297702025;B
20241015;100226;877.9;1;11297709262;B
20241015;100226;878;99;11297709263;B
20241015;100228;877.9;2;11297709569;B
20241015;100228;878;2;11297709570;B
20241015;100235;877.8;5;11297711260;S
20241015;100235;877.5;1;11297711261;S
20241015;100235;877.4;18;11297711262;S
20241015;100235;877.4;1;11297711263;S
20241015;100235;877.4;1;11297711264;S
20241015;100235;877.4;1;11297711265;S
20241015;100235;877.3;18;11297711266;S
20241015;100235;877.1;1;11297711267;S
20241015;100235;877;1;11297711268;S
20241015;100235;877;8;11297711269;S
20241015;100235;877;2;11297711270;S
20241015;100235;876.8;38;11297711271;S
20241015;100240;876.7;1;11297712223;S
20241015;100250;876.9;1;11297714081;S
20241015;100257;876.7;3;11297715618;S
20241015;100311;877.7;1;11297718444;B
20241015;100321;877.5;1;11297720466;B
20241015;100321;877.6;1;11297720467;B
20241015;100325;877.5;1;11297721428;B
20241015;100325;877.6;24;11297721429;B
20241015;100330;877.5;12;11297722316;B
20241015;100332;877.6;15;11297722775;B
20241015;100333;877.6;10;11297722956;B
20241015;100340;877.6;6;11297724399;B
20241015;100346;877.6;2;11297725514;B
20241015;100353;877.6;2;11297727095;B
20241015;100355;877.1;1;11297727507;S
20241015;100355;876.9;1;11297727508;S
20241015;100355;876.9;57;11297727509;S
20241015;100355;876.9;31;11297727510;S
20241015;100355;876.8;110;11297727511;S
20241015;100410;877.3;5;11297730275;B
20241015;100410;877.4;1;11297730276;B
20241015;100410;877.4;16;11297730277;B
20241015;100410;877.5;57;11297730278;B
20241015;100410;877.5;57;11297730279;B
20241015;100410;877.6;14;11297730280;B
20241015;100433;877.6;1;11297734884;B
20241015;100441;877.6;8;11297736815;B
20241015;100507;877.6;6;11297742971;B
20241015;100510;877.4;20;11297743541;S
20241015;100512;877.5;20;11297743967;B
20241015;100512;877.6;65;11297743968;B
20241015;100524;877.6;20;11297746073;B
20241015;100543;877.6;26;11297749626;B
20241015;100543;877.6;1;11297749627;B
20241015;100543;877.8;3;11297749628;B
20241015;100543;877.9;18;11297749629;B
20241015;100549;877.9;3;11297750887;B
20241015;100553;877.9;1;11297751760;B
20241015;100616;877.9;1;11297756062;S
20241015;100626;878;3;11297758063;B
20241015;100631;878;1;11297759248;B
20241015;100634;877.9;2;11297760019;S
20241015;100634;877.7;8;11297760020;S
20241015;100637;877.9;1;11297760769;B
20241015;100638;877.9;3;11297761016;B
20241015;100640;877.7;1;11297761474;S
20241015;100658;877.9;5;11297764833;B
20241015;100658;878;10;11297764834;B
20241015;100659;878;10;11297764982;B
20241015;100712;878;1;11297766988;B
20241015;100713;878;1;11297767208;B
20241015;100715;878;1;11297767574;B
20241015;100721;877.8;6;11297768600;S
20241015;100721;877.7;10;11297768601;S
20241015;100721;877.7;57;11297768602;S
20241015;100721;877.6;27;11297768603;S
20241015;100722;877.9;14;11297768701;B
20241015;100730;877.7;17;11297770386;S
20241015;100730;877.6;23;11297770387;S
20241015;100746;877.9;1;11297773427;B
20241015;100756;877.9;6;11297775565;B
20241015;100807;877.6;17;11297777707;S
20241015;100814;877.9;6;11297779472;B
20241015;100817;877.9;10;11297780019;B
20241015;100829;878;82;11297782427;B
20241015;100831;877.9;1;11297782875;S
20241015;100834;878;70;11297783588;B
20241015;100846;878;4;11297786098;B
20241015;100905;877.9;3;11297790674;S
20241015;100918;878;2;11297793170;B
20241015;100925;878;31;11297794599;B
20241015;100941;878;1;11297797598;B
20241015;100944;878;4;11297798159;B
20241015;100945;877.9;2;11297798356;S
20241015;100945;877.9;3;11297798357;S
20241015;100951;878;15;11297799483;B
20241015;101000;878;1;11297801082;B
20241015;101014;877.9;1;11297804692;S
20241015;101015;878;262;11297804859;B
20241015;101019;878;50;11297805441;B
20241015;101020;877.9;1;11297805558;S
20241015;101054;877.9;1;11297811496;S
20241015;101101;878;130;11297812356;B
20241015;101101;877.9;1;11297812366;S
20241015;101101;877.9;1;11297812367;S
20241015;101101;877.8;1;11297812368;S
20241015;101101;877.8;57;11297812369;S
20241015;101102;878;1;11297812497;B
20241015;101110;878;6;11297813594;B
20241015;101112;878;1;11297813767;B
20241015;101118;878;15;11297814702;B
20241015;101154;877.8;8;11297819674;S
20241015;101216;877.8;1;11297823095;S
20241015;101232;878;1;11297825081;B
20241015;101232;878;2;11297825093;B
20241015;101241;878;2;11297826359;B
20241015;101249;878;40;11297827524;B
20241015;101254;878;73;11297828087;B
20241015;101254;878;20;11297828167;B
20241015;101301;878;6;11297828993;B
20241015;101303;878;13;11297829428;B
20241015;101304;877.8;1;11297829507;S
20241015;101304;877.8;1;11297829508;S
20241015;101306;878;220;11297829756;B
20241015;101307;878;22;11297829868;B
20241015;101312;877.8;1;11297830583;S
20241015;101315;878;1;11297831263;B
20241015;101316;878;11;11297831375;B
20241015;101319;878;2;11297832076;B
20241015;101322;877.9;1;11297832664;S
20241015;101338;877.9;9;11297834829;S
20241015;101338;877.9;3;11297834830;S
20241015;101338;877.9;148;11297834831;S
20241015;101344;877.9;1;11297835624;S
20241015;101344;877.8;5;11297835625;S
20241015;101344;877.8;6;11297835626;S
20241015;101407;878;5;11297838515;B
20241015;101409;878;6;11297838732;B
20241015;101416;878;2;11297839615;B
20241015;101416;878;20;11297839706;B
20241015;101419;878;35;11297840012;B
20241015;101429;877.9;3;11297841204;S
20241015;101442;878;1;11297843277;B
20241015;101442;878;3;11297843352;B
20241015;101450;878;50;11297844499;B
20241015;101450;878;50;11297844504;B
20241015;101450;878;1;11297844507;B
20241015;101451;878;50;11297844520;B
20241015;101451;878;200;11297844570;B
20241015;101451;878;200;11297844592;B
20241015;101452;878;50;11297844612;B
20241015;101458;878;38;11297845915;B
20241015;101502;878;1;11297846837;B
20241015;101504;878;1;11297847295;B
20241015;101504;878;1;11297847332;B
20241015;101505;877.9;2;11297847646;S
20241015;101510;877.9;1;11297848702;S
20241015;101513;877.9;1;11297850523;S
20241015;101521;877.9;154;11297854690;S
20241015;101529;878;1;11297856917;B
20241015;101531;878;7;11297857532;B
20241015;101531;878;1;11297857634;B
20241015;101533;878;1;11297858164;B
20241015;101536;877.9;44;11297858856;S
20241015;101536;877.9;2;11297858857;S
20241015;101536;877.9;10;11297858858;S
20241015;101536;877.9;5;11297858859;S
20241015;101541;877.9;1;11297859982;B
20241015;101544;877.9;20;11297860554;B
20241015;101552;877.9;2;11297862448;B
20241015;101611;877.9;5;11297866515;B
20241015;101614;877.9;2;11297867348;B
20241015;101615;877.9;1;11297867542;B
20241015;101615;877.9;1;11297867588;B
20241015;101617;877.9;1;11297868208;B
20241015;101632;877.9;1;11297871708;B
20241015;101633;877.9;1;11297871994;B
20241015;101636;877.9;1;11297872535;B
20241015;101641;877.9;2;11297873568;B
20241015;101647;877.9;50;11297874581;B
20241015;101648;877.9;37;11297874790;B
20241015;101648;877.9;13;11297874791;B
20241015;101650;877.9;50;11297875087;B
20241015;101651;877.9;2;11297875275;B
20241015;101653;877.9;5;11297875529;B
20241015;101706;877.9;4;11297878141;B
20241015;101706;877.9;2;11297878142;B
20241015;101713;877.9;5;11297879194;B
20241015;101739;877.9;7;11297883544;B
20241015;101739;878;43;11297883545;B
20241015;101747;878;30;11297884790;B
20241015;101805;877.9;5;11297887598;B
20241015;101808;877.8;30;11297887983;S
20241015;101811;877.9;1;11297888433;B
20241015;101815;877.9;1;11297889001;B
20241015;101845;877.9;1;11297894473;B
20241015;101846;877.9;1;11297894501;B
20241015;101848;877.9;1;11297894793;B
20241015;101848;877.9;5;11297894794;B
20241015;101848;877.9;5;11297894795;B
20241015;101859;878;4;11297896721;B
20241015;101902;878;10;11297897284;B
20241015;101909;877.9;19;11297898641;S
20241015;101919;877.9;1;11297900376;S
20241015;101939;877.9;119;11297903881;S
20241015;101939;877.9;6;11297903882;S
20241015;101939;877.9;2;11297903883;S
20241015;101939;877.9;15;11297903884;S
20241015;101939;877.8;64;11297903885;S
20241015;101939;877.8;2;11297903886;S
20241015;101939;877.7;1;11297903887;S
20241015;101939;877.7;294;11297903888;S
20241015;101939;877.8;37;11297903898;S
20241015;101939;877.7;71;11297903899;S
20241015;101939;877.7;25;11297903900;S
20241015;101939;877.7;5;11297903901;S
20241015;101939;877.6;62;11297903902;S
20241015;101944;877.9;3;11297904820;B
20241015;101958;877.9;5;11297907149;B
20241015;102007;877.7;8;11297909134;S
20241015;102007;877.6;17;11297909135;S
20241015;102007;877.6;50;11297909136;S
20241015;102007;877.5;9;11297909137;S
20241015;102007;877.5;20;11297909138;S
20241015;102007;877.5;91;11297909139;S
20241015;102007;877.4;105;11297909140;S
20241015;102017;877.5;1;11297911139;S
20241015;102022;877.5;1;11297912282;B
20241015;102022;877.9;1;11297912283;B
20241015;102024;877.4;8;11297913363;S
20241015;102037;877.8;1;11297920473;B
20241015;102037;877.8;19;11297920474;B
20241015;102044;877.8;1;11297924685;S
20241015;102045;877.8;1;11297925524;B
20241015;102048;877.8;12;11297926764;B
20241015;102048;877.9;44;11297926765;B
20241015;102049;877.9;3;11297927515;B
20241015;102052;877.9;10;11297929016;B
20241015;102052;877.9;10;11297929017;B
20241015;102052;877.9;57;11297929018;S
20241015;102106;878;2;11297936920;B
20241015;102115;878;2;11297941556;B
20241015;102121;877.9;1;11297944894;S
20241015;102125;877.9;54;11297946904;S
20241015;102127;878;2;11297947590;B
20241015;102133;878;2;11297950545;B
20241015;102138;878;8;11297953039;B
20241015;102138;878;10;11297953191;B
20241015;102153;877.9;10;11297959977;S
20241015;102201;878;2;11297963779;B
20241015;102206;878;1;11297966162;B
20241015;102207;878;1;11297966501;B
20241015;102224;878;20;11297970100;B
20241015;102240;878;4;11297971764;B
20241015;102253;878;180;11297974373;B
20241015;102257;877.9;1;11297975309;S
20241015;102309;878;230;11297977375;B
20241015;102310;878;10;11297977544;B
20241015;102312;878;11;11297977658;B
20241015;102312;878;1000;11297977726;B
20241015;102313;878;10;11297977765;B
20241015;102313;878;50;11297977766;B
20241015;102313;878;20;11297977771;B
20241015;102313;878;25;11297977774;B
20241015;102313;878;200;11297977777;B
20241015;102313;878;50;11297977778;B
20241015;102313;878;10;11297977780;B
20241015;102313;878;30;11297977782;B
20241015;102313;878;11;11297977786;B
20241015;102313;878;100;11297977787;B
20241015;102313;878;10;11297977791;B
20241015;102313;878;50;11297977801;B
20241015;102314;878;50;11297977859;B
20241015;102314;878;70;11297977860;B
20241015;102314;878;30;11297977879;B
20241015;102314;878;6;11297977880;B
20241015;102314;878;7;11297977881;B
20241015;102314;878;32;11297977882;B
20241015;102314;878;2;11297977883;B
20241015;102314;878.1;7;11297977884;B
20241015;102314;879;1;11297977887;B
20241015;102314;879;2;11297977891;B
20241015;102314;879;1;11297977892;B
20241015;102314;879.5;2;11297977893;B
20241015;102314;879.9;8;11297977894;B
20241015;102314;880;7;11297977895;B
20241015;102314;880;27;11297977905;B
20241015;102314;880;10;11297977906;B
20241015;102314;880;1;11297977907;B
20241015;102314;880;3;11297977908;B
20241015;102314;880;9;11297977909;B
20241015;102314;880;1;11297977910;B
20241015;102314;880;2;11297977911;B
20241015;102314;880;1;11297977912;B
20241015;102314;880;6;11297977913;B
20241015;102314;880;1;11297977914;B
20241015;102314;880;6;11297977915;B
20241015;102314;880;6;11297977985;B
20241015;102314;880.2;70;11297977986;B
20241015;102314;880.3;9;11297977987;B
20241015;102314;880.4;9;11297977988;B
20241015;102314;880.5;5;11297977989;B
20241015;102314;880.7;101;11297977990;B
20241015;102315;880;2;11297978026;B
20241015;102315;880;1;11297978027;B
20241015;102315;880.8;9;11297978028;B
20241015;102315;880;6;11297978089;B
20241015;102317;879.9;1;11297978241;B
20241015;102318;879.6;1;11297978362;S
20241015;102324;878.4;2;11297978745;S
20241015;102421;878.4;2;11297985720;S
20241015;102421;878.4;1;11297985721;B
20241015;102426;879.2;1;11297986294;B
20241015;102426;879.3;1;11297986295;B
20241015;102431;879.3;4;11297986871;B
20241015;102431;879.3;2;11297986872;B
20241015;102431;879.3;1;11297986873;B
20241015;102431;879.4;10;11297986874;B
20241015;102431;879.5;2;11297986875;B
20241015;102431;879.6;2;11297986876;B
20241015;102431;879.7;9;11297986877;B
20241015;102432;879.7;1;11297987022;B
20241015;102432;879.7;1;11297987023;B
20241015;102443;879.5;1;11297988448;B
20241015;102446;879.4;1;11297989287;B
20241015;102446;879.4;3;11297989288;B
20241015;102447;879.4;2;11297989336;B
20241015;102447;878.6;1;11297989347;S
20241015;102451;879;5;11297990070;S
20241015;102501;879;20;11297991333;S
20241015;102502;879.3;10;11297991458;B
20241015;102505;879.4;1;11297991798;B
20241015;102506;879;1;11297991942;S
20241015;102522;879.3;4;11297994605;B
20241015;102526;879.3;6;11297995133;B
20241015;102526;879.3;5;11297995134;B
20241015;102526;879.4;4;11297995135;B
20241015;102548;879.1;1;11297997564;S
20241015;102548;879.1;1;11297997565;S
20241015;102548;879.1;2;11297997566;S
20241015;102550;879;17;11297997858;S
20241015;102550;879;4;11297997859;S
20241015;102550;879;6;11297997860;S
20241015;102556;878.9;5;11297998555;B
20241015;102556;879;10;11297998556;B
20241015;102556;879;10;11297998557;B
20241015;102556;879;4;11297998558;B
20241015;102607;879;6;11298000137;S
20241015;102612;879.1;10;11298000808;B
20241015;102631;879.1;97;11298003288;B
20241015;102631;879.1;3;11298003289;B
20241015;102631;879.1;2;11298003294;B
20241015;102631;879.4;10;11298003311;B
20241015;102631;879.5;5;11298003312;B
20241015;102633;879.8;30;11298003559;B
20241015;102635;879.8;5;11298003695;B
20241015;102638;879.8;15;11298004140;B
20241015;102638;879.9;11;11298004141;B
20241015;102638;880;4;11298004142;B
20241015;102638;880;10;11298004143;B
20241015;102638;880.2;6;11298004144;B
20241015;102638;880.4;10;11298004145;B
20241015;102638;880.9;44;11298004146;B
20241015;102642;880.9;6;11298004593;B
20241015;102642;881;1;11298004594;B
20241015;102642;881;2;11298004595;B
20241015;102642;881.1;1;11298004596;B
20241015;102642;881.1;50;11298004597;B
20241015;102642;881.3;1;11298004598;B
20241015;102642;881.4;10;11298004599;B
20241015;102642;881.5;1;11298004600;B
20241015;102642;881.6;10;11298004601;B
20241015;102642;881.6;72;11298004602;B
20241015;102642;881.8;29;11298004603;B
20241015;102643;880.8;10;11298004680;B
20241015;102643;881;2;11298004808;S
20241015;102644;880.7;29;11298004890;S
20241015;102644;880.3;70;11298004891;S
20241015;102644;880;57;11298004892;S
20241015;102644;879.9;4;11298004893;S
20241015;102645;881;2;11298004981;B
20241015;102645;881.7;1;11298004982;B
20241015;102645;881.7;3;11298004983;B
20241015;102646;881.3;54;11298005076;B
20241015;102646;881.4;70;11298005077;B
20241015;102646;881.4;16;11298005078;B
20241015;102646;881.6;20;11298005079;B
20241015;102646;881.8;21;11298005080;B
20241015;102646;881.8;20;11298005081;B
20241015;102646;881.9;49;11298005082;B
20241015;102646;881.9;4;11298005111;B
20241015;102652;881.5;5;11298005626;B
20241015;102652;881.6;5;11298005627;B
20241015;102652;881.7;50;11298005628;B
20241015;102652;881.9;178;11298005629;B
20241015;102652;882;1;11298005630;B
20241015;102652;882;7;11298005631;B
20241015;102652;882;15;11298005632;B
20241015;102652;882;5;11298005633;B
20241015;102652;882.2;1;11298005634;B
20241015;102652;882.3;10;11298005635;B
20241015;102652;882.5;1;11298005636;B
20241015;102652;882.5;1;11298005637;B
20241015;102652;882.7;50;11298005638;B
20241015;102652;882.9;1;11298005639;B
20241015;102652;883;2;11298005640;B
20241015;102652;883;4;11298005641;B
20241015;102653;881;2;11298005733;S
20241015;102654;882;5;11298006785;B
20241015;102654;882;1;11298006786;B
20241015;102654;882;1;11298006787;B
20241015;102654;882.5;20;11298006788;B
20241015;102654;882.8;8;11298006789;B
20241015;102654;882.9;2;11298006790;B
20241015;102654;883;63;11298006791;B
20241015;102654;883;6;11298006836;B
20241015;102654;883;6;11298006985;B
20241015;102654;883;20;11298006986;B
20241015;102654;883.1;10;11298006987;B
20241015;102654;883.3;5;11298006988;B
20241015;102654;883.3;4;11298006989;B
20241015;102654;883.3;20;11298006990;B
20241015;102654;883.4;50;11298006991;B
20241015;102654;883.4;16;11298006992;B
20241015;102654;883.5;20;11298006993;B
20241015;102654;883.7;50;11298006994;B
20241015;102654;883.7;49;11298006995;B
20241015;102655;883.8;1;11298007614;B
20241015;102657;883.3;1;11298009632;S
20241015;102702;883.7;5;11298015262;B
20241015;102702;883.7;20;11298015263;B
20241015;102702;883.7;75;11298015264;B
20241015;102704;883.7;12;11298017007;B
20241015;102704;883.8;20;11298017008;B
20241015;102704;883.8;50;11298017009;B
20241015;102704;883.9;1;11298017010;B
20241015;102704;883.9;28;11298017011;B
20241015;102705;884;1;11298018223;B
20241015;102705;884;1;11298018224;B
20241015;102705;884;50;11298018225;B
20241015;102705;884;10;11298018226;B
20241015;102705;884;1;11298018227;B
20241015;102705;884;10;11298018228;B
20241015;102705;884.1;3;11298018229;B
20241015;102705;884.1;2;11298018230;B
20241015;102705;884.2;22;11298018231;B
20241015;102706;882.8;5;11298018811;S
20241015;102706;884;4;11298019146;B
20241015;102707;884.2;1;11298020241;B
20241015;102707;884.3;1;11298020242;B
20241015;102707;884.3;2;11298020243;B
20241015;102707;884.3;20;11298020244;B
20241015;102709;884.6;20;11298022008;B
20241015;102709;884.7;1;11298022009;B
20241015;102709;884.8;9;11298022010;B
20241015;102710;884.8;2;11298023219;B
20241015;102712;884.8;9;11298025001;B
20241015;102712;884.9;1;11298025002;B
20241015;102712;885;56;11298025473;B
20241015;102712;885;6;11298025524;B
20241015;102712;883.9;1;11298025837;S
20241015;102712;883.9;16;11298025838;S
20241015;102712;883.9;52;11298025839;S
20241015;102712;883.8;31;11298025840;S
20241015;102712;883.8;5;11298025915;S
20241015;102713;883.8;10;11298026285;S
20241015;102713;884.8;1;11298026569;B
20241015;102714;884.8;20;11298027783;B
20241015;102715;884;21;11298028592;S
20241015;102715;884;1;11298028805;S
20241015;102715;883.9;72;11298028887;S
20241015;102716;883.8;32;11298028951;S
20241015;102716;884.6;57;11298029284;B
20241015;102716;884.7;55;11298029285;B
20241015;102717;884.6;20;11298030562;B
20241015;102717;884.7;36;11298030563;B
20241015;102718;884.7;20;11298030764;B
20241015;102719;884.7;11;11298031421;B
20241015;102719;884.7;1;11298031496;B
20241015;102726;884;1;11298039175;B
20241015;102727;884;1;11298039577;B
20241015;102727;884;1;11298039578;B
20241015;102727;884.5;16;11298039579;B
20241015;102727;884.6;16;11298039580;B
20241015;102727;884.6;20;11298039581;B
20241015;102727;884.7;8;11298039582;B
20241015;102727;884.7;1;11298039583;B
20241015;102727;884.7;27;11298039584;B
20241015;102730;884;1;11298043338;S
20241015;102730;883.9;35;11298043339;S
20241015;102732;883.9;22;11298045045;S
20241015;102732;883.8;34;11298045046;S
20241015;102732;884.6;20;11298045133;B
20241015;102734;884.5;1;11298047272;B
20241015;102734;884.6;37;11298047273;B
20241015;102734;884.6;50;11298047274;B
20241015;102734;884.6;15;11298047380;S
20241015;102736;884.6;50;11298049506;S
20241015;102737;884.7;45;11298050242;B
20241015;102737;884.7;50;11298050243;B
20241015;102737;884.8;5;11298050244;B
20241015;102737;884.7;2;11298050543;S
20241015;102738;884.6;50;11298051432;S
20241015;102739;884.6;97;11298052115;S
20241015;102739;884.3;11;11298052509;B
20241015;102741;884.3;1;11298054018;B
20241015;102745;884.1;1;11298059121;S
20241015;102745;884;12;11298059122;S
20241015;102745;884;9;11298059123;S
20241015;102745;883.9;9;11298059124;S
20241015;102745;883.9;19;11298059125;S
20241015;102748;883.9;81;11298061887;S
20241015;102748;883.9;10;11298061888;S
20241015;102748;883.8;188;11298061889;S
20241015;102748;883.8;10;11298061890;S
20241015;102748;883.7;200;11298061891;S
20241015;102749;884;1;11298062658;S
20241015;102755;883;5;11298070248;S
20241015;102755;883;5;11298070249;S
20241015;102757;883.8;1;11298071526;B
20241015;102757;883.9;1;11298071527;B
20241015;102800;884;2;11298075539;B
20241015;102804;882.7;1;11298079664;S
20241015;102805;882.7;1;11298080876;S
20241015;102813;883.8;5;11298089451;B
20241015;102813;883.8;1;11298089452;B
20241015;102813;883.8;1;11298089453;B
20241015;102816;883.8;1;11298092545;B
20241015;102816;883.9;1;11298092546;B
20241015;102816;883.9;1;11298092547;B
20241015;102818;883.8;5;11298094424;B
20241015;102819;883.8;10;11298094725;S
20241015;102820;883.8;35;11298096423;S
20241015;102826;883.7;5;11298103512;B
20241015;102827;882.9;1;11298103640;S
20241015;102833;883.6;1;11298109073;B
20241015;102833;883.6;1;11298109074;B
20241015;102833;883.7;1;11298109075;B
20241015;102833;883.7;3;11298109076;B
20241015;102833;883.8;15;11298109077;B
20241015;102833;883.8;3;11298109078;B
20241015;102833;883.9;76;11298109079;B
20241015;102833;883.7;9;11298109233;B
20241015;102837;883;1;11298113003;S
20241015;102837;882.9;4;11298113004;S
20241015;102838;883.7;1;11298113301;B
20241015;102845;883.7;8;11298119724;S
20241015;102845;883.7;23;11298119725;S
20241015;102851;883.6;2;11298124902;B
20241015;102851;883.6;13;11298124903;B
20241015;102852;883.2;24;11298125090;S
20241015;102900;883.6;7;11298132391;B
20241015;102900;883.6;3;11298132392;B
20241015;102911;883.5;5;11298142454;B
20241015;102911;883.5;10;11298142455;B
20241015;102911;883.5;50;11298142456;B
20241015;102911;883.6;21;11298142457;B
20241015;102911;883.6;2;11298142458;B
20241015;102911;883.7;19;11298142459;B
20241015;102911;883.7;2;11298142460;B
20241015;102911;883.8;1;11298142461;B
20241015;102911;883.8;50;11298142462;B
20241015;102911;883.9;50;11298142463;B
20241015;102911;884;1;11298142464;B
20241015;102911;884;50;11298142465;B
20241015;102911;884;19;11298142466;B
20241015;102916;883.9;3;11298146673;B
20241015;102916;884;7;11298146674;B
20241015;102926;883.8;5;11298156915;B
20241015;102926;883.9;98;11298156916;B
20241015;102926;883.9;7;11298156917;B
20241015;102926;884;40;11298156918;B
20241015;102933;884;11;11298164754;B
20241015;102942;884;3;11298174609;B
20241015;102943;884;3;11298175081;B
20241015;102944;884;28;11298176137;B
20241015;102944;884;41;11298176138;B
20241015;102946;884;50;11298178195;B
20241015;102946;884;9;11298178251;B
20241015;102948;884.4;4;11298181040;B
20241015;102948;884.5;9;11298181041;B
20241015;102948;884.6;20;11298181042;B
20241015;102948;884.6;9;11298181043;B
20241015;102948;884.7;58;11298181044;B
20241015;102949;884.6;50;11298181583;B
20241015;102949;884.7;11;11298181584;B
20241015;102949;884.7;1;11298181585;B
20241015;102949;884.8;100;11298181586;B
20241015;102949;884.8;1;11298181587;B
20241015;102949;884.9;1;11298181588;B
20241015;102949;884.9;100;11298181589;B
20241015;102949;884.9;5;11298181590;B
20241015;102949;884.9;50;11298181591;B
20241015;102949;885;16;11298181592;B
20241015;102950;884.3;1;11298183204;S
20241015;102950;884;49;11298183205;S
20241015;102957;884.7;1;11298190740;B
20241015;102958;884.1;1;11298191002;S
20241015;103000;884.7;41;11298193933;B
20241015;103002;884.8;1;11298195175;B
20241015;103002;884.9;9;11298195176;B
20241015;103002;885;22;11298195177;B
20241015;103002;885;5;11298195178;B
20241015;103002;885;1;11298195179;B
20241015;103002;885;300;11298195180;B
20241015;103002;885;3;11298195181;B
20241015;103002;885;50;11298195182;B
20241015;103002;885.6;20;11298195183;B
20241015;103002;885.6;1;11298195184;B
20241015;103002;885.7;10;11298195185;B
20241015;103002;885.8;50;11298195186;B
20241015;103002;885.9;150;11298195187;B
20241015;103002;885.9;1;11298195188;B
20241015;103002;885.9;1;11298195189;B
20241015;103002;885.9;50;11298195190;B
20241015;103002;886;1;11298195191;B
20241015;103002;886;1000;11298195192;B
20241015;103002;886;1;11298195193;B
20241015;103002;886;1;11298195194;B
20241015;103002;886.9;1;11298195195;B
20241015;103002;887;30;11298195196;B
20241015;103002;887;2;11298195197;B
20241015;103002;887;1;11298195198;B
20241015;103002;887.3;1;11298195199;B
20241015;103002;887.4;1;11298195200;B
20241015;103002;887.5;10;11298195201;B
20241015;103002;887.5;5;11298195202;B
20241015;103002;888;29;11298195203;B
20241015;103002;888;10;11298195204;B
20241015;103002;888.4;1;11298195205;B
20241015;103002;888.7;1;11298195206;B
20241015;103002;888.8;1;11298195207;B
20241015;103002;888.8;9;11298195208;B
20241015;103002;888.8;20;11298195209;B
20241015;103002;889;1;11298195210;B
20241015;103002;889;5;11298195211;B
20241015;103002;889;50;11298195212;B
20241015;103002;889;100;11298195213;B
20241015;103002;889;50;11298195214;B
20241015;103002;889.2;1;11298195215;B
20241015;103002;889.3;50;11298195216;B
20241015;103002;889.5;55;11298195217;B
20241015;103002;889.6;20;11298195218;B
20241015;103002;889.7;5;11298195219;B
20241015;103002;889.8;1;11298195220;B
20241015;103002;889.8;363;11298195221;B
20241015;103002;888.7;11;11298195228;B
20241015;103002;887.1;20;11298195340;S
20241015;103002;884.2;57;11298195358;S
20241015;103002;884.1;43;11298195359;S
20241015;103002;884.9;12;11298195365;B
20241015;103002;884.9;18;11298195842;B
20241015;103002;884.2;2;11298196117;S
20241015;103002;887;5;11298196287;B
20241015;103002;884.3;4;11298196422;S
20241015;103002;884.6;15;11298196558;S
20241015;103003;885;1;11298196953;B
20241015;103003;884.5;1;11298196975;S
20241015;103003;887;1;11298197713;B
20241015;103003;887;49;11298197714;B
20241015;103007;886.6;1;11298201126;B
20241015;103007;886.8;9;11298201127;B
20241015;103007;886.8;1;11298201404;B
20241015;103007;887;10;11298201405;B
20241015;103007;887.2;1;11298201406;B
20241015;103007;887.4;8;11298201407;B
20241015;103011;887;10;11298205576;B
20241015;103012;887.4;1;11298206265;B
20241015;103012;887.6;1;11298206266;B
20241015;103014;887.1;1;11298208912;S
20241015;103014;887.5;3;11298209156;B
20241015;103017;887.5;7;11298211706;B
20241015;103017;887.6;12;11298211707;B
20241015;103017;887.7;10;11298211708;B
20241015;103017;887.8;6;11298211709;B
20241015;103019;887.7;1;11298213591;B
20241015;103021;887.7;4;11298215149;B
20241015;103021;887.8;19;11298215150;B
20241015;103021;888.3;7;11298215151;B
20241015;103021;888.3;18;11298215152;B
20241015;103021;888.4;60;11298215153;B
20241015;103021;888.9;20;11298215154;B
20241015;103021;888.9;5;11298215155;B
20241015;103021;888.9;40;11298215156;B
20241015;103023;888;10;11298216899;B
20241015;103023;888.9;10;11298216900;B
20241015;103024;888.2;1;11298218480;S
20241015;103024;888.2;2;11298218481;S
20241015;103026;888.8;20;11298220464;B
20241015;103026;888.9;1;11298220465;B
20241015;103026;888.9;12;11298220466;B
20241015;103026;888.9;1;11298220467;B
20241015;103026;889;16;11298220468;B
20241015;103026;889;5;11298221074;B
20241015;103027;889;13;11298221540;B
20241015;103028;889;100;11298222403;B
20241015;103028;888.9;10;11298222945;B
20241015;103028;889;47;11298222946;B
20241015;103030;888.9;100;11298224247;B
20241015;103030;889;2;11298224248;B
20241015;103030;889.7;5;11298224249;B
20241015;103030;889.8;137;11298224250;B
20241015;103030;889.8;1;11298224251;B
20241015;103030;889.9;3;11298224252;B
20241015;103030;890;1;11298224253;B
20241015;103030;890;1;11298224254;B
20241015;103030;890;3;11298224255;B
20241015;103030;890;1;11298224256;B
20241015;103030;890;1;11298224257;B
20241015;103030;890;10;11298224258;B
20241015;103030;890;235;11298224259;B
20241015;103030;888.2;9;11298224653;S
20241015;103030;889.7;10;11298224992;B
20241015;103030;889.9;9;11298224993;B
20241015;103030;890;481;11298224994;B
20241015;103030;890;44;11298225039;B
20241015;103030;890;6;11298225040;B
20241015;103030;890;1;11298225041;B
20241015;103030;890;5;11298225042;B
20241015;103030;890;1;11298225043;B
20241015;103030;890;1;11298225044;B
20241015;103030;890;100;11298225045;B
20241015;103030;890;5;11298225046;B
20241015;103030;890;56;11298225047;B
20241015;103030;890.3;1;11298225048;B
20241015;103030;890.3;1;11298225049;B
20241015;103030;890.3;1;11298225050;S
20241015;103030;888.2;6;11298225259;S
20241015;103031;890.8;6;11298225378;B
20241015;103031;890.9;4;11298225379;B
20241015;103031;889.8;1;11298225659;B
20241015;103031;889.8;1;11298225717;B
20241015;103033;889.7;1;11298227484;B
20241015;103033;889.8;18;11298227485;B
20241015;103033;889.8;31;11298227486;B
20241015;103033;889.1;50;11298227607;S
20241015;103034;889.1;20;11298228544;S
20241015;103034;889;5;11298228545;S
20241015;103034;889.8;8;11298228838;B
20241015;103034;890.4;10;11298228839;B
20241015;103034;890.8;32;11298228840;B
20241015;103034;890.8;1;11298229052;B
20241015;103038;889.4;2;11298232813;S
20241015;103038;889.3;8;11298232814;S
20241015;103038;890.5;7;11298233465;B
20241015;103044;890.3;1;11298239880;B
20241015;103044;890.3;1;11298239881;B
20241015;103044;890.3;20;11298239882;B
20241015;103044;890.3;2;11298239883;B
20241015;103044;890.4;2;11298239884;B
20241015;103044;890.4;5;11298239885;B
20241015;103044;890.5;5;11298239886;B
20241015;103044;890.5;111;11298239887;B
20241015;103044;890.7;37;11298239888;B
20241015;103044;890.8;16;11298239889;B
20241015;103047;890.8;1;11298242282;B
20241015;103048;890.8;8;11298243244;B
20241015;103048;891.1;20;11298243245;B
20241015;103048;891.4;1;11298243246;B
20241015;103048;891.6;1;11298243247;B
20241015;103048;891.6;1;11298244313;B
20241015;103048;892;1;11298244314;B
20241015;103048;892;1;11298244315;B
20241015;103048;892.1;1;11298244316;B
20241015;103048;892.1;10;11298244317;B
20241015;103048;892.2;97;11298244318;B
20241015;103048;892.2;25;11298244343;B
20241015;103050;890.8;1;11298246486;S
20241015;103050;890.8;9;11298246487;S
20241015;103052;892.1;1;11298248465;B
20241015;103052;892.1;9;11298248466;B
20241015;103052;892.2;28;11298248467;B
20241015;103052;892.2;165;11298248468;B
20241015;103053;892.2;25;11298250067;B
20241015;103057;891.7;5;11298254308;B
20241015;103057;892;2;11298254309;B
20241015;103059;892;9;11298256582;B
20241015;103100;891;4;11298258166;S
20241015;103102;891;5;11298259334;S
20241015;103102;890.7;57;11298259335;S
20241015;103102;890.6;8;11298259336;S
20241015;103102;890.6;10;11298260102;S
20241015;103103;890.6;10;11298260664;S
20241015;103103;891.5;5;11298261188;B
20241015;103103;891.6;17;11298261189;B
20241015;103104;891.6;1;11298262386;B
20241015;103104;891.6;1;11298262596;B
20241015;103104;891.6;1;11298262616;B
20241015;103105;891.6;1;11298262829;B
20241015;103105;891.6;1;11298263560;B
20241015;103105;891.6;1;11298263796;B
20241015;103106;891.6;1;11298263968;B
20241015;103106;891.6;1;11298264177;B
20241015;103106;891.6;1;11298264196;B
20241015;103106;891.6;1;11298264415;B
20241015;103106;891.6;1;11298264551;B
20241015;103106;891.6;1;11298264874;B
20241015;103107;891.6;1;11298264954;B
20241015;103107;891.6;1;11298265139;B
20241015;103107;891.6;1;11298265405;B
20241015;103107;891.6;1;11298265476;B
20241015;103107;891.6;1;11298265534;B
20241015;103107;891.6;1;11298265762;B
20241015;103108;891.6;1;11298266179;B
20241015;103108;891.6;1;11298266455;B
20241015;103108;891.6;1;11298266551;B
20241015;103108;891.6;1;11298266744;B
20241015;103108;891.6;1;11298266996;B
20241015;103108;891.6;1;11298267041;B
20241015;103109;891.6;1;11298267341;B
20241015;103109;891.6;1;11298267528;B
20241015;103109;891.6;1;11298267855;B
20241015;103109;891.6;1;11298267982;B
20241015;103109;891.6;1;11298268118;B
20241015;103109;891.6;1;11298268352;B
20241015;103110;891.6;1;11298268554;B
20241015;103110;891.6;1;11298268717;B
20241015;103110;891.6;1;11298269091;B
20241015;103110;891.6;1;11298269359;B
20241015;103110;891.6;1;11298269401;B
20241015;103110;891.6;5;11298269412;B
20241015;103110;891.7;1;11298269609;B
20241015;103111;891.7;1;11298269845;B
20241015;103111;891.6;1;11298269903;S
20241015;103111;891.7;1;11298270060;B
20241015;103111;891.6;94;11298270082;S
20241015;103111;890.7;18;11298270086;B
20241015;103111;891.7;1;11298270197;B
20241015;103111;891.7;1;11298270321;B
20241015;103111;891;1;11298270615;B
20241015;103112;891;1;11298270732;B
20241015;103112;891;1;11298270980;B
20241015;103112;891;1;11298271137;B
20241015;103112;891;1;11298271370;B
20241015;103112;891;1;11298271533;B
20241015;103112;891;1;11298271781;B
20241015;103113;891;1;11298271950;B
20241015;103113;891;1;11298272227;B
20241015;103113;891;1;11298272325;B
20241015;103113;891.6;1;11298272408;B
20241015;103113;891.7;1;11298272632;B
20241015;103114;891.7;1;11298272854;B
20241015;103114;891.7;1;11298273102;B
20241015;103114;891.7;1;11298273338;B
20241015;103114;891.7;1;11298273481;B
20241015;103114;891.7;1;11298273819;B
20241015;103114;891.7;1;11298273939;B
20241015;103115;891.7;1;11298274173;B
20241015;103115;891.7;1;11298274411;B
20241015;103115;891.7;1;11298274616;B
20241015;103115;891.7;1;11298274753;B
20241015;103115;891.7;1;11298275047;B
20241015;103115;891.7;1;11298275225;B
20241015;103116;891.7;1;11298275417;B
20241015;103116;891.7;1;11298275601;B
20241015;103116;891.7;1;11298275839;B
20241015;103116;891.7;1;11298275970;B
20241015;103116;891.7;1;11298276085;B
20241015;103117;891;1;11298276329;B
20241015;103117;890.8;5;11298276365;S
20241015;103117;891;1;11298276558;B
20241015;103117;891;1;11298276679;B
20241015;103117;890.6;11;11298276685;S
20241015;103117;891;1;11298276764;B
20241015;103117;891;2;11298277175;B
20241015;103118;890.6;25;11298277407;S
20241015;103118;890.9;20;11298277736;B
20241015;103118;891;34;11298277737;B
20241015;103118;890.6;6;11298278084;S
20241015;103118;890.3;14;11298278085;S
20241015;103119;890.7;20;11298279144;B
20241015;103119;890.8;10;11298279145;B
20241015;103119;890.9;1;11298279146;B
20241015;103119;891;69;11298279147;B
20241015;103122;890.3;6;11298282161;S
20241015;103122;890.7;20;11298282584;B
20241015;103122;890.8;5;11298282585;B
20241015;103122;890.8;12;11298282586;B
20241015;103122;890.9;1;11298282587;B
20241015;103122;890.9;1;11298282588;B
20241015;103122;890.9;6;11298282589;B
20241015;103122;890.9;10;11298282590;B
20241015;103122;891;113;11298282591;B
20241015;103126;891;100;11298286129;B
20241015;103128;891;20;11298287478;B
20241015;103128;890.9;10;11298287719;B
20241015;103128;891;121;11298287720;B
20241015;103128;891;20;11298287828;B
20241015;103128;891;20;11298287851;B
20241015;103129;891;7;11298288321;B
20241015;103129;891.6;5;11298288322;B
20241015;103130;890.8;20;11298289665;B
20241015;103132;890.6;1;11298291108;S
20241015;103132;890.5;57;11298291109;S
20241015;103132;890.4;2;11298291110;S
20241015;103133;890.8;1;11298292217;S
20241015;103134;890.5;1;11298292614;S
20241015;103134;891;13;11298293001;B
20241015;103135;891;1;11298293441;S
20241015;103137;891.6;1;11298295708;B
20241015;103138;891.1;1;11298296539;S
20241015;103138;891;36;11298296540;S
20241015;103139;891;13;11298297077;B
20241015;103139;891.4;17;11298297078;B
20241015;103141;891.5;40;11298299217;B
20241015;103141;891.6;10;11298299218;B
20241015;103141;891.6;22;11298299219;B
20241015;103141;891.7;28;11298299220;B
20241015;103144;891.3;10;11298301974;B
20241015;103145;890.9;1;11298302431;S
20241015;103148;891.3;19;11298305707;S
20241015;103149;891.3;1;11298306875;S
20241015;103150;891.3;10;11298307587;S
20241015;103153;890.5;1;11298310336;B
20241015;103154;890.5;50;11298311571;B
20241015;103155;890.5;1;11298311878;B
20241015;103155;890.5;1;11298312441;B
20241015;103155;890.5;20;11298312485;B
20241015;103155;890.5;12;11298313039;B
20241015;103157;890.5;10;11298314897;B
20241015;103159;890.5;1;11298316201;B
20241015;103159;890.5;1;11298316750;B
20241015;103159;890.5;1;11298316852;B
20241015;103159;890.5;1;11298316999;B
20241015;103200;890.5;1;11298317138;B
20241015;103200;891.3;1;11298317564;B
20241015;103200;891.3;1;11298317721;B
20241015;103201;891.3;1;11298317901;B
20241015;103201;891.3;1;11298318079;B
20241015;103201;891.3;1;11298318241;B
20241015;103201;891.3;1;11298318347;B
20241015;103201;891.3;1;11298318584;B
20241015;103201;891.7;1;11298318689;B
20241015;103202;891.7;1;11298318920;B
20241015;103202;891.7;6;11298318991;B
20241015;103202;891.7;1;11298319011;B
20241015;103202;891.7;1;11298319125;B
20241015;103202;891.7;1;11298319403;B
20241015;103202;891.7;1;11298319463;B
20241015;103202;891.7;1;11298319616;B
20241015;103203;891.7;1;11298319810;B
20241015;103203;891.7;1;11298319980;B
20241015;103203;891.7;1;11298320143;B
20241015;103203;891.7;1;11298320306;B
20241015;103203;891.7;1;11298320445;B
20241015;103203;891.7;1;11298320583;B
20241015;103204;891.7;1;11298320812;B
20241015;103204;891.9;1;11298320895;B
20241015;103204;891.9;1;11298321089;B
20241015;103204;891.9;1;11298321210;B
20241015;103204;891.9;1;11298321460;B
20241015;103204;891.9;1;11298321505;B
20241015;103205;891.9;1;11298321657;B
20241015;103205;891.9;1;11298321857;B
20241015;103206;891.8;1;11298322549;B
20241015;103206;891.9;20;11298322610;B
20241015;103206;891.7;1;11298323012;B
20241015;103207;891.8;1;11298323599;S
20241015;103207;891.8;1;11298323961;S
20241015;103208;891.8;1;11298324366;S
20241015;103208;891.9;1;11298324684;B
20241015;103208;891.9;1;11298324834;B
20241015;103209;892;1;11298325390;B
20241015;103210;891.9;1;11298325830;S
20241015;103210;891.9;1;11298326446;S
20241015;103211;891.9;1;11298326997;S
20241015;103212;891.9;1;11298327505;S
20241015;103212;891.9;1;11298327856;S
20241015;103213;891.9;1;11298328358;S
20241015;103213;891.9;1;11298328818;B
20241015;103214;891.8;1;11298329384;S
20241015;103214;891.8;1;11298329789;B
20241015;103215;891.8;1;11298330282;B
20241015;103215;891;1;11298330284;S
20241015;103215;890.6;1;11298330285;S
20241015;103215;890.5;53;11298330286;S
20241015;103216;891.4;1;11298331533;B
20241015;103216;891.5;1;11298331534;B
20241015;103216;891.7;4;11298331535;B
20241015;103216;891.8;15;11298331536;B
20241015;103216;891.8;53;11298331537;B
20241015;103216;891.9;14;11298331538;B
20241015;103217;891.9;8;11298332147;B
20241015;103218;891.9;131;11298333035;B
20241015;103221;891.3;1;11298335536;S
20241015;103221;891.1;1;11298335537;S
20241015;103221;890.9;1;11298335538;S
20241015;103221;891;1;11298335871;S
20241015;103221;891.2;1;11298336320;S
20241015;103225;891.3;1;11298340281;S
20241015;103225;891.3;4;11298340282;S
20241015;103225;891.2;55;11298340283;S
20241015;103225;891.2;57;11298340284;S
20241015;103225;891.1;181;11298340285;S
20241015;103225;890.6;5;11298340286;S
20241015;103225;890.5;70;11298340287;S
20241015;103225;890.4;203;11298340288;S
20241015;103225;890.4;300;11298340289;S
20241015;103225;890.3;32;11298340290;S
20241015;103227;890.4;10;11298342559;S
20241015;103230;890.3;4;11298345177;S
20241015;103230;890.3;2;11298345178;S
20241015;103230;890;100;11298345179;S
20241015;103230;889.9;20;11298345277;S
20241015;103230;889.9;20;11298345849;S
20241015;103230;890;10;11298345893;B
20241015;103230;889.7;2;11298345894;S
20241015;103231;889.2;5;11298346312;S
20241015;103231;889.2;1;11298346313;S
20241015;103231;888.9;1;11298346314;S
20241015;103231;888.5;80;11298346315;S
20241015;103231;888.4;44;11298346316;S
20241015;103231;888.4;38;11298346492;S
20241015;103231;888.4;18;11298346505;S
20241015;103231;888.3;22;11298346506;S
20241015;103231;888.2;56;11298346507;S
20241015;103231;888;1;11298346508;S
20241015;103231;888;34;11298346509;S
20241015;103231;888;2;11298347141;S
20241015;103232;888;10;11298347340;S
20241015;103232;888;2;11298347638;S
20241015;103232;887.5;3;11298347639;S
20241015;103232;887.4;2;11298348164;S
20241015;103234;887.5;1;11298349744;S
20241015;103234;887.4;1;11298349745;S
20241015;103234;887;30;11298349746;S
20241015;103234;886.9;1;11298349747;S
20241015;103234;886.4;17;11298349748;S
20241015;103235;887;4;11298351114;S
20241015;103237;886.9;1;11298353015;S
20241015;103237;886.8;1;11298353016;S
20241015;103239;886.8;1;11298354986;S
20241015;103240;886.9;1;11298356789;B
20241015;103240;886.9;2;11298356790;B
20241015;103240;887;7;11298356791;B
20241015;103242;886.9;1;11298358332;S
20241015;103245;887;1;11298361572;B
20241015;103247;886.9;1;11298363577;S
20241015;103247;886.8;5;11298363766;S
20241015;103250;886.9;21;11298366801;B
20241015;103250;886.9;10;11298367067;B
20241015;103252;886.9;18;11298368970;B
20241015;103252;887;82;11298368971;B
20241015;103255;888.3;2;11298372204;B
20241015;103255;888.1;1;11298372380;B
20241015;103255;888.1;1;11298372399;B
20241015;103255;888.1;30;11298372747;B
20241015;103306;887.2;1;11298383601;S
20241015;103308;887.2;10;11298385405;S
20241015;103308;887.2;1;11298385406;S
20241015;103308;887.2;2;11298385407;S
20241015;103308;886.9;3;11298385408;S
20241015;103308;886.9;4;11298385409;S
20241015;103310;888.5;2;11298387434;B
20241015;103310;888.6;1;11298387435;B
20241015;103310;888.6;2;11298387436;B
20241015;103310;888.6;29;11298387437;B
20241015;103310;888.6;6;11298387438;B
20241015;103317;888.3;1;11298394935;B
20241015;103317;888.4;5;11298394936;B
20241015;103317;888.9;1;11298394937;B
20241015;103317;888.9;3;11298394938;B
20241015;103326;888;5;11298402671;B
20241015;103326;888.3;1;11298402672;B
20241015;103326;888.6;26;11298402673;B
20241015;103327;888.6;3;11298404268;B
20241015;103327;888.6;3;11298404274;B
20241015;103328;888.6;1;11298404730;B
20241015;103329;888.5;1;11298405789;B
20241015;103329;888.6;30;11298406237;B
20241015;103329;888.7;5;11298406238;B
20241015;103329;888.7;15;11298406239;B
20241015;103329;888.8;70;11298406240;B
20241015;103329;888.9;80;11298406241;B
20241015;103346;887.8;1;11298423518;S
20241015;103353;888.9;20;11298431005;B
20241015;103354;888.9;35;11298432052;S
20241015;103356;889;5;11298434627;B
20241015;103356;889.1;5;11298434628;B
20241015;103401;888.9;1;11298439777;S
20241015;103409;888.9;10;11298448712;S
20241015;103410;889;1;11298449378;B
20241015;103411;889;15;11298450905;B
20241015;103411;889;34;11298451024;B
20241015;103417;889.1;5;11298456879;B
20241015;103417;889.1;10;11298456880;B
20241015;103423;889;1;11298462970;S
20241015;103425;889;3;11298465880;S
20241015;103425;888.9;1;11298465881;S
20241015;103425;888.3;57;11298465882;S
20241015;103425;888.3;57;11298465883;S
20241015;103425;888.2;115;11298465884;S
20241015;103425;888.1;5;11298465885;S
20241015;103425;888.1;70;11298465886;S
20241015;103425;888;192;11298465887;S
20241015;103429;888.9;7;11298469692;B
20241015;103430;888.9;1;11298470192;B
20241015;103430;888.5;3;11298470471;S
20241015;103431;888.7;15;11298471127;B
20241015;103442;888.2;2;11298482970;S
20241015;103443;888.7;3;11298484195;B
20241015;103444;888.7;2;11298484793;B
20241015;103445;889.1;5;11298485897;B
20241015;103457;888.8;3;11298496751;B
20241015;103502;888.5;1;11298501357;S
20241015;103502;888.4;9;11298501358;S
20241015;103504;888.4;1;11298502998;S
20241015;103506;888.4;1;11298504693;S
20241015;103506;888.4;1;11298504901;S
20241015;103507;888.7;1;11298505904;B
20241015;103512;888.9;1;11298509796;B
20241015;103515;888.4;3;11298512784;S
20241015;103521;888.7;4;11298517941;B
20241015;103521;888.7;14;11298518012;B
20241015;103523;888.4;10;11298519284;S
20241015;103523;888.3;1;11298519285;S
20241015;103523;888.3;10;11298519286;S
20241015;103523;888.2;3;11298519287;S
20241015;103523;888.2;2;11298519288;S
20241015;103523;888.2;2;11298519289;S
20241015;103523;888.2;3;11298519290;S
20241015;103523;888.1;5;11298519291;S
20241015;103523;888.1;2;11298519292;S
20241015;103523;888.1;12;11298519293;S
20241015;103524;888.4;3;11298520599;S
20241015;103540;888.4;1;11298535939;S
20241015;103542;888.8;1;11298537017;B
20241015;103542;888.8;1;11298537977;B
20241015;103542;888.9;5;11298537978;B
20241015;103542;888.9;5;11298537979;B
20241015;103550;888.9;5;11298545402;B
20241015;103553;888.5;22;11298548400;S
20241015;103554;888.8;40;11298549905;B
20241015;103554;888.9;10;11298549906;B
20241015;103600;888.9;6;11298555366;B
20241015;103600;889;10;11298555367;B
20241015;103600;889;5;11298555368;B
20241015;103600;889.1;12;11298555369;B
20241015;103604;888.5;2;11298560571;S
20241015;103610;889;2;11298566788;B
20241015;103610;889.1;1;11298566789;B
20241015;103620;888.9;1;11298574843;S
20241015;103620;889.1;1;11298575850;B
20241015;103622;889.1;6;11298577488;B
20241015;103623;889.1;12;11298578634;B
20241015;103625;889.1;17;11298580691;B
20241015;103626;888.6;3;11298581078;S
20241015;103626;889.1;1;11298581110;B
20241015;103630;889;1;11298584899;B
20241015;103630;889.1;20;11298585149;B
20241015;103633;888.5;57;11298588631;S
20241015;103633;888.5;10;11298588632;S
20241015;103633;888.5;20;11298588665;B
20241015;103635;888.5;1;11298590404;B
20241015;103642;888.5;1;11298597344;B
20241015;103642;888.4;48;11298597940;S
20241015;103643;888.5;3;11298598848;B
20241015;103645;888.4;10;11298600750;S
20241015;103647;888.5;1;11298602282;B
20241015;103647;888.4;38;11298602653;S
20241015;103647;888.2;10;11298602654;S
20241015;103647;888.1;10;11298602655;S
20241015;103647;888;42;11298602656;S
20241015;103647;888;131;11298602783;S
20241015;103648;888.5;1;11298604032;B
20241015;103649;888.4;5;11298604224;B
20241015;103649;888.5;6;11298604225;B
20241015;103649;888.5;5;11298604226;B
20241015;103649;888.6;5;11298604227;B
20241015;103649;888.8;45;11298604228;B
20241015;103654;888.1;45;11298609611;S
20241015;103654;888;43;11298609612;S
20241015;103658;888;80;11298614333;S
20241015;103659;888;3;11298615916;S
20241015;103702;888.5;1;11298618675;B
20241015;103713;888.5;1;11298629481;B
20241015;103713;888.6;4;11298629482;B
20241015;103715;888.7;1;11298632754;B
20241015;103715;888.8;5;11298632755;B
20241015;103715;888.9;4;11298632756;B
20241015;103721;888.1;4;11298637617;S
20241015;103721;888.1;4;11298637618;S
20241015;103721;888;10;11298637619;S
20241015;103722;889;3;11298638689;B
20241015;103722;889;1;11298638690;B
20241015;103722;889;1;11298638691;B
20241015;103729;888.1;1;11298646080;S
20241015;103729;888;49;11298646081;S
20241015;103733;888.5;1;11298650326;B
20241015;103733;888.5;1;11298650842;B
20241015;103733;888.5;3;11298650843;B
20241015;103734;888.1;1;11298651884;S
20241015;103736;888.3;1;11298653474;B
20241015;103738;888.5;7;11298656203;B
20241015;103741;888.5;49;11298658909;B
20241015;103741;888.5;1;11298658910;B
20241015;103741;889.1;2;11298658979;B
20241015;103742;889;2;11298659470;B
20241015;103747;888.7;50;11298662470;B
20241015;103748;888.7;11;11298663013;B
20241015;103751;888.5;2;11298665628;S
20241015;103757;889.2;1;11298671003;B
20241015;103807;889.2;15;11298680103;B
20241015;103809;889;5;11298681441;B
20241015;103810;889;1;11298682774;B
20241015;103816;889;1;11298687836;B
20241015;103821;889;13;11298691983;B
20241015;103822;889;10;11298693089;B
20241015;103823;889;70;11298693714;B
20241015;103826;889.1;1;11298696090;S
20241015;103826;889;9;11298696091;S
20241015;103847;889.1;2;11298715645;S
20241015;103850;889.2;20;11298718557;B
20241015;103853;889.1;1;11298722108;S
20241015;103854;889;2;11298722804;S
20241015;103906;889.2;2;11298735605;B
20241015;103907;889.1;28;11298735722;S
20241015;103907;889;219;11298735723;S
20241015;103907;889;300;11298735724;S
20241015;103907;889;200;11298735725;S
20241015;103907;889;5;11298735726;S
20241015;103907;889;28;11298735727;S
20241015;103907;888.7;1;11298736597;S
20241015;103907;888.3;2;11298736598;S
20241015;103907;888.2;8;11298736599;S
20241015;103911;888.8;20;11298740422;B
20241015;103924;888.3;1;11298751940;S
20241015;103930;888.3;4;11298757590;S
20241015;103930;888.2;3;11298757591;S
20241015;103930;888.2;3;11298757592;S
20241015;103930;888.2;27;11298757593;S
20241015;103930;888.1;2;11298757594;S
20241015;103930;888.1;1;11298757595;S
20241015;103930;888.1;27;11298757596;S
20241015;103930;888.1;93;11298757597;S
20241015;103930;888;950;11298757598;S
20241015;103930;888;2;11298757599;S
20241015;103930;888;20;11298757600;S
20241015;103930;888;200;11298757601;S
20241015;103930;888;1;11298757602;S
20241015;103930;886.9;5;11298757651;S
20241015;103930;886.9;13;11298757748;S
20241015;103933;887.9;12;11298760963;B
20241015;103933;887.9;45;11298761213;B
20241015;103933;888;40;11298761214;B
20241015;103933;888.2;1;11298761215;B
20241015;103933;888.3;70;11298761216;B
20241015;103933;888.7;8;11298761217;B
20241015;103958;888.1;2;11298787856;B
20241015;104007;888;34;11298797227;B
20241015;104011;887.3;2;11298801833;S
20241015;104011;887.2;1;11298801834;S
20241015;104011;887.1;3;11298801835;S
20241015;104011;887;8;11298801836;S
20241015;104011;887;57;11298801837;S
20241015;104011;887;1;11298801838;S
20241015;104011;887;3;11298801839;S
20241015;104011;886.9;25;11298801840;S
20241015;104011;886.9;1;11298801843;S
20241015;104018;887;1;11298809276;S
20241015;104018;887;5;11298809277;S
20241015;104023;887;9;11298814062;S
20241015;104023;887;1;11298814063;S
20241015;104023;887;106;11298814064;B
20241015;104025;887.9;57;11298815106;B
20241015;104027;887.9;3;11298818121;S
20241015;104032;888;1;11298823682;B
20241015;104033;887.9;4;11298823690;S
20241015;104101;887.9;5;11298851748;S
20241015;104102;887.9;9;11298852438;S
20241015;104102;887.6;1;11298852439;S
20241015;104102;887.4;70;11298852440;S
20241015;104104;888;10;11298853745;B
20241015;104105;888;4;11298855122;B
20241015;104107;888;1;11298856229;B
20241015;104119;888;5;11298866568;B
20241015;104119;888;10;11298866569;B
20241015;104119;888;3;11298866570;B
20241015;104131;888;2;11298876653;S
20241015;104134;888;10;11298878924;S
20241015;104136;888;6;11298880916;S
20241015;104145;888.1;2;11298889258;B
20241015;104145;888.1;1;11298889259;B
20241015;104147;888.1;1;11298890679;B
20241015;104156;888;3;11298900227;S
20241015;104159;888;2;11298902554;S
20241015;104209;888.1;2;11298913824;B
20241015;104210;888.1;3;11298914233;B
20241015;104216;888.1;13;11298920745;B
20241015;104216;888.2;7;11298920746;B
20241015;104220;888;4;11298924015;S
20241015;104237;888.1;5;11298941911;B
20241015;104237;888.1;6;11298941912;B
20241015;104249;888;1;11298954074;S
20241015;104251;888;50;11298956431;S
20241015;104251;888.1;2;11298957160;B
20241015;104259;888.1;5;11298964819;B
20241015;104334;888.1;2;11299002055;B
20241015;104342;888.1;11;11299009831;B
20241015;104343;888.1;24;11299011452;B
20241015;104343;888.1;1;11299011453;B
20241015;104343;888.1;2;11299011454;B
20241015;104343;888.1;2;11299011455;B
20241015;104343;888.1;1;11299011456;B
20241015;104343;888.2;4;11299011457;B
20241015;104350;888;2;11299018082;S
20241015;104353;888.1;1;11299020876;B
20241015;104406;888.1;2;11299031809;B
20241015;104409;888.1;1;11299034518;B
20241015;104413;888.1;45;11299038210;B
20241015;104425;888.1;10;11299048800;B
20241015;104427;888;1;11299050566;S
20241015;104433;888;1;11299055431;S
20241015;104433;888;1;11299055432;S
20241015;104433;888;3;11299055433;S
20241015;104433;888;1;11299055434;S
20241015;104441;888;73;11299062939;B
20241015;104504;888.2;39;11299085526;B
20241015;104504;888.2;10;11299085527;B
20241015;104504;888.2;1;11299085528;B
20241015;104505;888.2;1;11299086318;B
20241015;104521;888.3;5;11299102384;B
20241015;104524;888.3;4;11299106703;B
20241015;104538;888;46;11299120961;S
20241015;104540;888;1;11299122899;S
20241015;104555;888.2;1;11299128875;B
20241015;104602;888.2;36;11299129885;B
20241015;104602;888.3;1;11299129886;B
20241015;104602;888.3;20;11299129887;B
20241015;104602;888.3;2;11299129888;B
20241015;104602;888.3;11;11299129889;B
20241015;104602;888.4;30;11299129890;B
20241015;104612;888.4;1;11299131466;B
20241015;104612;888.1;1;11299131472;S
20241015;104618;888.1;14;11299132323;S
20241015;104618;888.1;1;11299132324;S
20241015;104618;888.1;9;11299132325;S
20241015;104618;888.1;30;11299132326;S
20241015;104631;888.4;2;11299134362;B
20241015;104634;888.4;4;11299134681;B
20241015;104635;888.2;1;11299134915;S
20241015;104635;888.2;7;11299134916;S
20241015;104637;888.4;5;11299135074;B
20241015;104642;888.3;1;11299135642;B
20241015;104644;888.4;8;11299135940;B
20241015;104644;888.4;20;11299135941;B
20241015;104644;888.5;50;11299135942;B
20241015;104644;888.5;9;11299135943;B
20241015;104644;888.6;9;11299135944;B
20241015;104644;888.7;5;11299135945;B
20241015;104644;888.7;1;11299135946;B
20241015;104644;888.7;9;11299135947;B
20241015;104648;888.7;1;11299136322;B
20241015;104648;888.7;7;11299136323;B
20241015;104725;888.6;18;11299141315;B
20241015;104725;888.7;50;11299141316;B
20241015;104725;888.7;7;11299141317;B
20241015;104742;888.7;1425;11299143699;S
20241015;104743;888.7;1;11299143863;B
20241015;104756;888.7;3;11299145981;B
20241015;104809;888.5;1;11299148415;B
20241015;104819;888.5;1;11299149647;B
20241015;104819;888.5;4;11299149753;B
20241015;104822;888.3;1;11299150154;S
20241015;104822;888.2;15;11299150155;S
20241015;104838;888.2;225;11299152666;B
20241015;104852;888.2;100;11299155260;B
20241015;104907;888.2;50;11299158480;B
20241015;104910;888.2;3;11299158925;B
20241015;104911;888.2;7;11299159062;B
20241015;104913;888.2;50;11299159267;B
20241015;104917;888.2;1;11299160047;B
20241015;104919;888.2;48;11299160516;B
20241015;104919;888.2;1;11299160517;B
20241015;104919;888.2;1;11299160518;B
20241015;104919;888.4;19;11299160519;B
20241015;104919;888.5;194;11299160520;B
20241015;104919;888.5;17;11299160521;B
20241015;104921;888.5;2;11299160730;B
20241015;104923;888.5;56;11299161060;B
20241015;104923;888.6;1;11299161061;B
20241015;104923;888.6;5;11299161062;B
20241015;104923;888.7;38;11299161063;B
20241015;104932;888.7;2;11299162155;B
20241015;104948;888.6;1;11299164674;B
20241015;104948;888.7;2;11299164675;B
20241015;104949;888.7;30;11299164834;B
20241015;104950;888.2;3;11299164993;S
20241015;104953;888.7;6;11299165361;B
20241015;105009;888.7;1;11299169165;B
20241015;105009;888.7;96;11299169172;B
20241015;105009;888.7;3;11299169173;B
20241015;105009;888.7;1;11299169174;B
20241015;105013;888.3;1;11299169680;S
20241015;105013;888.3;2;11299169681;S
20241015;105021;888.6;1;11299171088;B
20241015;105041;888.6;1;11299176672;B
20241015;105043;888.4;1;11299176824;S
20241015;105043;888.3;1;11299176825;S
20241015;105047;888.3;1;11299177449;B
20241015;105050;888.2;1;11299177793;S
20241015;105050;888.2;3;11299177794;S
20241015;105054;888.3;2;11299178304;B
20241015;105100;888.5;1;11299178737;B
20241015;105110;888.6;2;11299179629;B
20241015;105112;888.6;1;11299179777;B
20241015;105118;888.6;5;11299180479;B
20241015;105120;888.7;4;11299180555;B
20241015;105125;888.6;1;11299181235;B
20241015;105134;888.6;2;11299182175;B
20241015;105134;888.4;3;11299182233;S
20241015;105142;888.6;2;11299183336;B
20241015;105142;888.6;6;11299183337;B
20241015;105142;888.7;2;11299183338;B
20241015;105142;888.7;35;11299183339;B
20241015;105142;888.7;14;11299183340;B
20241015;105142;888.7;1;11299183341;B
20241015;105142;888.7;30;11299183342;B
20241015;105142;888.7;6;11299183343;B
20241015;105142;888.8;18;11299183344;B
20241015;105155;888.7;3;11299185417;B
20241015;105155;888.7;7;11299185418;B
20241015;105203;888.5;1;11299186558;S
20241015;105203;888.5;1;11299186701;B
20241015;105208;888.5;12;11299187551;B
20241015;105208;888.5;1;11299187598;B
20241015;105216;888.5;82;11299188999;B
20241015;105216;888.5;9;11299189000;B
20241015;105220;888.5;6;11299189580;S
20241015;105223;888.7;1;11299190069;B
20241015;105235;888.7;1;11299191715;B
20241015;105238;888.7;1;11299192212;B
20241015;105244;888.7;2;11299192928;B
20241015;105244;888.7;8;11299192929;B
20241015;105249;888.6;1;11299193595;S
20241015;105258;888.5;2;11299194648;S
20241015;105303;888.7;3;11299198182;B
20241015;105304;888.7;2;11299198200;B
20241015;105304;888.7;1;11299198201;B
20241015;105304;888.7;31;11299198202;B
20241015;105305;888.7;20;11299198264;B
20241015;105312;888.7;20;11299199342;B
20241015;105322;888.7;5;11299200645;B
20241015;105322;888.6;2;11299200652;S
20241015;105322;888.5;10;11299200653;S
20241015;105333;888.5;6;11299202027;S
20241015;105336;888.6;1;11299202334;B
20241015;105338;888.7;4;11299202643;B
20241015;105340;888.5;1;11299202900;S
20241015;105345;888.7;7;11299203538;B
20241015;105350;888.7;4;11299204172;B
20241015;105352;888.7;1;11299204346;B
20241015;105352;888.7;4;11299204443;B
20241015;105408;888.5;2;11299206449;S
20241015;105410;888.7;1;11299206584;B
20241015;105410;888.7;22;11299206652;B
20241015;105416;888.7;13;11299207183;B
20241015;105419;888.7;43;11299207590;B
20241015;105419;888.7;7;11299207591;B
20241015;105423;888.7;10;11299208091;S
20241015;105429;888.7;1;11299208692;B
20241015;105429;888.7;6;11299208693;B
20241015;105431;888.7;1;11299208892;B
20241015;105433;888.7;1;11299209075;B
20241015;105459;888.7;4;11299211958;B
20241015;105459;888.7;1;11299211959;B
20241015;105459;888.8;5;11299211960;B
20241015;105500;888.8;5;11299212005;B
20241015;105508;888.8;1;11299213031;B
20241015;105523;888.8;1;11299215582;B
20241015;105530;888.8;30;11299216528;B
20241015;105530;888.8;20;11299216546;B
20241015;105542;888.7;1;11299218048;B
20241015;105542;888.7;9;11299218049;B
20241015;105556;888.8;2;11299219674;B
20241015;105557;888.8;1;11299219786;B
20241015;105625;888.8;117;11299224238;B
20241015;105625;888.8;50;11299224239;B
20241015;105625;888.8;30;11299224240;B
20241015;105625;888.8;2;11299224241;B
20241015;105625;888.8;1;11299224242;B
20241015;105629;888.8;5;11299225065;B
20241015;105635;888.8;1;11299225637;B
20241015;105638;888.8;13;11299225956;B
20241015;105644;888.8;1;11299226885;B
20241015;105652;888.6;1;11299227765;S
20241015;105652;888.6;5;11299227766;S
20241015;105652;888.5;10;11299227767;S
20241015;105653;888.7;1;11299227888;B
20241015;105702;888.5;8;11299229080;S
20241015;105703;888.7;2;11299229523;B
20241015;105705;888.5;50;11299229684;S
20241015;105705;888.8;55;11299229837;B
20241015;105716;888.7;1;11299232069;B
20241015;105720;888.7;2;11299232620;S
20241015;105729;888.8;20;11299233797;B
20241015;105729;888.8;25;11299233798;B
20241015;105729;888.9;5;11299233799;B
20241015;105729;888.9;50;11299233800;B
20241015;105736;888.7;95;11299234630;S
20241015;105748;888.8;3;11299235916;B
20241015;105749;888.7;1;11299236107;S
20241015;105757;888.8;1;11299236779;B
20241015;105808;888.7;1;11299237934;S
20241015;105808;888.5;9;11299237935;S
20241015;105809;888.7;1;11299238074;B
20241015;105819;888.7;24;11299239173;B
20241015;105841;888.7;24;11299241559;B
20241015;105841;888.8;87;11299241560;B
20241015;105855;888.6;3;11299243361;S
20241015;105855;888.5;17;11299243362;S
20241015;105912;888.5;1;11299245450;S
20241015;105930;888.7;1;11299248385;B
20241015;105931;888.5;3;11299248503;S
20241015;105936;888.5;2;11299249011;S
20241015;105937;888.5;1;11299249277;S
20241015;105951;888.5;1;11299250996;S
20241015;110003;888.7;12;11299252438;B
20241015;110003;888.8;9;11299252439;B
20241015;110003;888.8;2;11299252440;B
20241015;110003;888.8;5;11299252441;B
20241015;110003;888.8;12;11299252442;B
20241015;110003;888.9;7;11299252443;B
20241015;110008;888.8;14;11299253225;B
20241015;110008;888.9;14;11299253235;B
20241015;110012;888.9;50;11299253779;B
20241015;110029;888.8;29;11299257770;B
20241015;110029;888.9;1;11299257771;B
20241015;110034;888.6;57;11299258501;S
20241015;110038;888.6;3;11299259097;B
20241015;110042;888.6;1;11299259593;B
20241015;110043;888.6;1;11299259728;B
20241015;110105;888.6;1;11299262444;B
20241015;110105;888.6;49;11299262477;B
20241015;110135;888.5;1;11299267014;S
20241015;110136;888.6;1;11299267253;B
20241015;110221;888.6;2;11299275470;B
20241015;110226;888.5;1;11299276094;S
20241015;110231;888.5;1;11299276832;S
20241015;110231;888.5;1;11299276833;S
20241015;110231;888.5;19;11299276834;S
20241015;110231;888.5;2;11299276835;S
20241015;110234;888.5;5;11299277513;S
20241015;110235;888.5;3;11299277874;S
20241015;110235;888.5;1;11299277875;S
20241015;110235;888.5;1;11299277876;S
20241015;110237;888.4;25;11299278334;S
20241015;110237;888.4;25;11299278335;S
20241015;110238;888.4;32;11299278393;S
20241015;110238;888.4;17;11299278394;S
20241015;110238;888.4;1;11299278395;S
20241015;110238;888.5;1;11299278443;B
20241015;110241;888.4;1;11299278915;B
20241015;110243;888.3;2;11299279721;S
20241015;110243;888.3;2;11299279722;S
20241015;110243;888.3;10;11299279723;S
20241015;110243;888.2;1;11299279724;S
20241015;110243;888.5;1;11299280166;B
20241015;110243;888.5;5;11299280167;B
20241015;110246;888.4;1;11299280849;B
20241015;110247;888.2;4;11299281003;S
20241015;110247;888.2;2;11299281004;S
20241015;110247;888.1;20;11299281005;S
20241015;110247;888.1;4;11299281006;S
20241015;110249;888.1;5;11299281239;S
20241015;110249;888;35;11299281240;S
20241015;110249;888;1;11299281263;S
20241015;110249;888;44;11299281295;S
20241015;110249;888;14;11299281296;S
20241015;110249;888;5;11299281297;S
20241015;110249;888;17;11299281298;S
20241015;110249;888;1;11299281299;S
20241015;110249;888;12;11299281300;S
20241015;110249;887.9;1;11299281311;S
20241015;110249;887.8;17;11299281312;S
20241015;110249;887.8;1;11299281313;S
20241015;110249;887.7;1;11299281314;S
20241015;110250;887.9;3;11299281391;B
20241015;110250;888;3;11299281403;B
20241015;110258;887.7;1;11299283232;S
20241015;110306;887.8;1;11299284639;B
20241015;110306;887.9;3;11299284640;B
20241015;110306;887.9;1;11299284641;B
20241015;110307;887.7;3;11299284672;S
20241015;110307;887.7;1;11299284752;B
20241015;110307;887.6;1;11299284754;S
20241015;110307;887.5;1;11299284755;S
20241015;110307;887.5;2;11299284756;S
20241015;110307;887.3;1;11299284757;S
20241015;110307;887.2;5;11299284758;S
20241015;110314;887.2;1;11299286439;S
20241015;110319;887.6;1;11299287461;B
20241015;110323;887.2;10;11299288208;S
20241015;110325;887.2;9;11299288577;S
20241015;110325;887.2;5;11299288578;S
20241015;110347;887.2;64;11299292296;B
20241015;110347;887.5;1;11299292297;B
20241015;110354;887.6;85;11299293336;S
20241015;110354;887.4;38;11299293337;S
20241015;110354;887.3;28;11299293338;S
20241015;110354;887.2;10;11299293339;S
20241015;110354;887.1;2;11299293340;S
20241015;110354;887.1;1;11299293341;S
20241015;110354;887.1;1;11299293342;S
20241015;110354;887.1;5;11299293343;S
20241015;110414;887;2;11299296793;S
20241015;110414;887;5;11299296794;S
20241015;110414;887;1;11299296795;S
20241015;110414;887;10;11299296796;S
20241015;110415;887;5;11299296894;B
20241015;110415;886.9;4;11299297057;S
20241015;110420;887;1;11299298496;S
20241015;110425;887;1;11299299928;S
20241015;110425;887;3;11299299967;S
20241015;110452;887;11;11299305834;B
20241015;110455;886.9;1;11299306540;S
20241015;110455;886.9;8;11299306562;S
20241015;110455;886.9;103;11299306563;S
20241015;110506;886.9;24;11299308871;S
20241015;110510;886.9;3;11299309771;S
20241015;110512;886.9;1;11299310168;S
20241015;110513;886.9;10;11299310415;S
20241015;110513;886.9;1;11299310490;S
20241015;110518;887;2;11299311546;B
20241015;110522;886.9;50;11299312354;S
20241015;110536;886.9;8;11299315591;S
20241015;110536;886.9;50;11299315592;S
20241015;110536;886.9;5;11299315593;S
20241015;110536;886.9;4;11299315594;S
20241015;110536;886.8;33;11299315595;S
20241015;110538;886.9;1;11299315937;B
20241015;110538;886.9;21;11299315966;B
20241015;110541;886.6;1;11299316834;S
20241015;110541;886.5;1;11299316835;S
20241015;110541;886.5;18;11299316836;S
20241015;110547;886.5;3;11299318333;S
20241015;110556;886.7;1;11299320394;S
20241015;110556;886.6;14;11299320395;S
20241015;110557;886.5;1;11299320663;S
20241015;110559;886.8;14;11299321238;B
20241015;110559;886.9;57;11299321239;B
20241015;110559;886.9;14;11299321240;B
20241015;110559;887;135;11299321241;B
20241015;110603;887;1;11299322111;B
20241015;110605;886.9;1;11299322569;B
20241015;110605;886.9;4;11299322570;B
20241015;110607;887;1;11299323536;B
20241015;110609;886.7;1;11299323852;S
20241015;110610;887;15;11299323990;B
20241015;110619;886.9;1;11299326188;B
20241015;110619;887;24;11299326189;B
20241015;110628;887;20;11299327529;B
20241015;110637;887;1;11299329235;B
20241015;110638;887;50;11299329404;B
20241015;110638;887;1;11299329426;B
20241015;110639;887;50;11299329439;B
20241015;110639;886.9;1;11299329537;S
20241015;110639;886.9;3;11299329538;S
20241015;110701;887;30;11299334362;B
20241015;110715;886.9;1;11299336929;S
20241015;110724;887;2;11299338577;B
20241015;110734;887;1;11299340513;B
20241015;110744;887;16;11299342430;B
20241015;110744;887;2;11299342431;B
20241015;110751;887;17;11299343534;S
20241015;110754;887.1;50;11299344066;B
20241015;110754;887.1;50;11299344080;B
20241015;110802;887.1;30;11299345442;B
20241015;110805;887.9;3;11299345813;B
20241015;110805;887.9;1;11299345814;B
20241015;110805;887.9;7;11299345815;B
20241015;110805;887.9;4;11299345816;B
20241015;110805;887.9;5;11299345967;B
20241015;110819;887.8;5;11299348477;B
20241015;110857;887.7;8;11299356129;B
20241015;110857;887.8;17;11299356130;B
20241015;110933;887.8;4;11299365649;B
20241015;110938;887.8;5;11299366615;B
20241015;110948;887.8;1;11299368764;B
20241015;110948;887.8;1;11299368765;B
20241015;110959;887.4;1;11299371292;S
20241015;111008;887.7;1;11299373136;B
20241015;111008;887.8;1;11299373137;B
20241015;111010;887.8;1;11299373498;B
20241015;111012;887.8;1;11299374404;B
20241015;111013;887.8;20;11299374537;B
20241015;111015;887.8;5;11299374959;B
20241015;111023;887.9;20;11299376300;B
20241015;111031;887.5;1;11299377703;S
20241015;111031;887.5;4;11299377704;S
20241015;111031;887.5;1;11299377705;S
20241015;111033;887.5;1;11299377990;B
20241015;111052;887.5;2;11299381411;B
20241015;111103;887.4;5;11299383466;S
20241015;111103;887.3;5;11299383467;S
20241015;111127;887.2;1;11299388514;B
20241015;111127;887.3;10;11299388515;B
20241015;111127;887.3;10;11299388516;B
20241015;111127;887.3;1;11299388517;B
20241015;111127;887.3;1;11299388518;B
20241015;111127;887.3;1;11299388519;B
20241015;111127;887.4;3;11299388520;B
20241015;111127;887.4;34;11299388521;B
20241015;111127;887.4;38;11299388522;B
20241015;111127;887.4;1;11299388523;B
20241015;111127;887.5;50;11299388524;B
20241015;111130;887.5;1;11299389338;B
20241015;111201;887.4;30;11299395434;B
20241015;111216;887.4;15;11299398895;B
20241015;111236;887.4;2;11299403482;B
20241015;111247;887.2;2;11299405616;S
20241015;111302;887.2;1;11299411248;S
20241015;111304;887.4;1;11299412199;B
20241015;111312;887.2;2;11299415454;S
20241015;111312;887.2;7;11299415455;S
20241015;111312;887.1;24;11299415456;S
20241015;111312;887;29;11299415457;S
20241015;111312;887;1;11299415458;S
20241015;111312;887;24;11299415459;S
20241015;111312;887;43;11299415460;B
20241015;111325;887;1;11299419296;S
20241015;111325;886.9;6;11299419297;S
20241015;111325;886.8;1;11299419298;S
20241015;111325;886.8;1;11299419299;S
20241015;111325;886.7;2;11299419300;S
20241015;111331;887.3;1;11299421614;B
20241015;111331;887.4;10;11299421615;B
20241015;111350;886.8;2;11299428650;S
20241015;111352;887.2;7;11299429315;B
20241015;111356;887;2;11299431367;S
20241015;111357;887.3;1;11299431585;B
20241015;111401;887.4;2;11299433084;B
20241015;111404;887.1;1;11299434012;S
20241015;111404;887.1;3;11299434013;S
20241015;111404;887;25;11299434014;S
20241015;111404;887;3;11299434015;S
20241015;111407;887;25;11299434640;B
20241015;111408;886.9;1;11299435114;S
20241015;111408;886.8;3;11299435115;S
20241015;111408;886.7;1;11299435116;S
20241015;111408;886.6;1;11299435117;S
20241015;111408;886.6;6;11299435118;S
20241015;111414;886.9;1;11299437959;B
20241015;111414;887;14;11299437960;B
20241015;111418;887;1;11299439254;B
20241015;111429;887;1;11299442884;B
20241015;111443;887;227;11299447212;B
20241015;111443;887;10;11299447213;B
20241015;111455;887.1;1;11299450337;B
20241015;111503;887.3;1;11299452086;B
20241015;111503;887.4;1;11299452087;B
20241015;111503;887.2;1;11299452144;S
20241015;111513;887.2;1;11299454676;S
20241015;111513;887.1;5;11299454677;S
20241015;111513;887.1;51;11299454678;S
20241015;111513;887.1;1;11299454679;S
20241015;111522;887;263;11299456664;S
20241015;111522;887;1;11299456665;S
20241015;111522;887;5;11299456666;S
20241015;111538;887;31;11299459755;B
20241015;111538;887.2;14;11299459756;B
20241015;111538;887.3;5;11299459757;B
20241015;111549;887.4;2;11299461706;B
20241015;111557;887.4;6;11299463301;B
20241015;111557;887.4;20;11299463302;B
20241015;111557;887.4;20;11299463303;B
20241015;111557;887.4;54;11299463304;B
20241015;111600;887.4;1;11299463639;B
20241015;111614;887.4;4;11299467595;B
20241015;111614;887.4;4;11299467601;B
20241015;111614;887.4;6;11299467604;B
20241015;111614;887.4;4;11299467608;B
20241015;111614;887.4;4;11299467609;B
20241015;111614;887.4;6;11299467624;B
20241015;111614;887.4;4;11299467628;B
20241015;111614;887.4;4;11299467631;B
20241015;111614;887.4;6;11299467637;B
20241015;111614;887.4;4;11299467650;B
20241015;111614;887.4;4;11299467653;B
20241015;111615;887.4;6;11299467662;B
20241015;111615;887.4;4;11299467692;B
20241015;111615;887.4;4;11299467693;B
20241015;111615;887.4;6;11299467694;B
20241015;111615;887.4;4;11299467721;B
20241015;111615;887.4;4;11299467722;B
20241015;111615;887.4;6;11299467724;B
20241015;111615;887.4;4;11299467734;B
20241015;111615;887.4;4;11299467737;B
20241015;111615;887.4;6;11299467739;B
20241015;111615;887.4;4;11299467752;B
20241015;111615;887.4;4;11299467759;B
20241015;111615;887.4;6;11299467760;B
20241015;111615;887.4;4;11299467775;B
20241015;111615;887.4;6;11299467777;B
20241015;111615;887.4;4;11299467780;B
20241015;111615;887.4;4;11299467793;B
20241015;111615;887.4;6;11299467794;B
20241015;111615;887.4;4;11299467796;B
20241015;111615;887.4;3;11299467807;B
20241015;111615;887.4;5;11299467808;B
20241015;111615;887.4;3;11299467810;B
20241015;111636;887.1;1;11299474133;S
20241015;111636;887.4;1;11299474291;B
20241015;111641;887.4;20;11299475817;B
20241015;111641;887.4;18;11299475931;B
20241015;111644;887.3;1;11299476852;B
20241015;111653;887.4;100;11299479431;B
20241015;111659;887.4;52;11299480892;B
20241015;111659;887.4;1;11299480893;B
20241015;111659;887.4;1;11299480894;B
20241015;111659;887.4;1;11299480895;B
20241015;111659;887.4;4;11299480896;B
20241015;111659;887.4;1;11299480897;B
20241015;111659;887.4;2;11299480898;B
20241015;111659;887.5;138;11299480899;B
20241015;111708;887.5;296;11299482996;B
20241015;111728;887.5;1;11299487440;B
20241015;111749;887.5;4;11299491572;B
20241015;111751;887.5;1;11299491960;B
20241015;111801;887.5;5;11299493986;B
20241015;111807;887.5;10;11299495308;B
20241015;111829;887.3;1;11299499679;S
20241015;111831;887.4;1;11299499983;B
20241015;111831;887.5;7;11299499984;B
20241015;111852;887.5;3;11299503563;B
20241015;111856;887.3;10;11299504357;S
20241015;111856;887.2;5;11299504358;S
20241015;111856;887.1;16;11299504359;S
20241015;111856;887.1;1;11299504360;S
20241015;111856;887;1;11299504361;S
20241015;111856;887;1;11299504362;S
20241015;111856;887;3;11299504363;S
20241015;111856;887;5;11299504364;S
20241015;111856;887;1;11299504365;S
20241015;111856;886.9;1;11299504366;S
20241015;111856;886.9;1;11299504367;S
20241015;111856;886.8;1;11299504368;S
20241015;111856;886.8;1;11299504369;S
20241015;111856;886.8;57;11299504370;S
20241015;111900;886.8;150;11299505016;B
20241015;111903;886.8;1;11299505484;B
20241015;111917;886.8;3;11299508344;B
20241015;111920;886.7;5;11299508961;S
20241015;111924;886.8;3;11299509602;B
20241015;111931;886.8;15;11299511028;B
20241015;111931;886.8;20;11299511191;B
20241015;111934;886.8;1;11299511588;B
20241015;111940;886.8;1;11299513080;B
20241015;111943;886.7;2;11299513894;S
20241015;111945;886.8;2;11299514364;B
20241015;111945;887.3;1;11299514365;B
20241015;111945;887.4;2;11299514366;B
20241015;112001;886.9;1;11299517789;S
20241015;112001;886.9;1;11299517790;S
20241015;112008;886.9;4;11299519483;S
20241015;112008;886.8;2;11299519484;S
20241015;112008;886.8;9;11299519485;S
20241015;112008;886.7;23;11299519486;S
20241015;112008;886.7;57;11299519487;S
20241015;112008;886.7;10;11299519488;S
20241015;112008;886.6;27;11299519489;S
20241015;112008;886.5;28;11299519490;S
20241015;112008;886.5;6;11299519491;S
20241015;112008;886.5;1;11299519492;S
20241015;112008;886.4;39;11299519493;S
20241015;112008;886.3;5;11299519494;S
20241015;112008;886.3;2;11299519495;S
20241015;112008;886.3;1;11299519496;S
20241015;112008;886.2;10;11299519497;S
20241015;112008;886.2;72;11299519498;S
20241015;112008;886.8;9;11299519606;S
20241015;112008;886.3;34;11299519607;S
20241015;112008;886.3;9;11299519610;B
20241015;112008;886.3;9;11299519618;B
20241015;112008;886.3;9;11299519621;B
20241015;112008;886.3;9;11299519634;B
20241015;112008;886.3;9;11299519639;B
20241015;112009;886.3;12;11299519644;B
20241015;112013;887.2;5;11299520805;B
20241015;112043;887.1;9;11299526729;B
20241015;112043;887.1;9;11299526735;B
20241015;112043;887.2;1;11299526755;B
20241015;112043;887.3;1;11299526756;B
20241015;112043;887.3;4;11299526757;B
20241015;112052;887.3;2;11299529057;B
20241015;112101;887.4;1;11299530553;B
20241015;112101;887.4;1;11299530554;B
20241015;112101;887.4;1;11299530555;B
20241015;112101;887.4;27;11299530556;B
20241015;112103;887.4;2;11299530766;B
20241015;112137;887.2;1;11299536711;S
20241015;112138;887.4;28;11299536872;B
20241015;112138;887.4;6;11299536873;B
20241015;112138;887.4;20;11299536874;B
20241015;112138;887.4;5;11299536875;B
20241015;112138;887.4;50;11299536876;B
20241015;112138;887.5;391;11299536877;B
20241015;112146;887.4;33;11299538304;B
20241015;112146;887.5;267;11299538305;B
20241015;112147;887.5;26;11299538561;B
20241015;112147;887.2;22;11299538607;S
20241015;112152;887.5;500;11299540343;B
20241015;112200;887.5;4;11299541668;B
20241015;112226;887.2;1;11299550512;S
20241015;112227;887.2;6;11299550817;S
20241015;112227;887.2;5;11299550818;S
20241015;112227;887.1;1;11299550819;S
20241015;112227;887.1;1;11299550820;S
20241015;112227;887;2;11299550821;S
20241015;112227;887;5;11299550822;S
20241015;112227;886.9;1;11299550823;S
20241015;112227;886.9;5;11299550824;S
20241015;112227;886.8;57;11299550825;S
20241015;112227;886.8;1;11299550826;S
20241015;112227;886.8;66;11299550827;S
20241015;112252;887;16;11299556852;S
20241015;112300;887;2;11299558772;S
20241015;112305;887.3;1;11299559765;B
20241015;112308;887;2;11299560297;S
20241015;112312;887.4;57;11299561095;B
20241015;112312;887.4;10;11299561096;B
20241015;112312;887.4;1;11299561097;B
20241015;112312;887.4;1;11299561098;B
20241015;112312;887.4;1;11299561099;B
20241015;112312;887.5;230;11299561100;B
20241015;112354;887.4;5;11299569405;B
20241015;112355;887.2;1;11299569617;S
20241015;112355;887.1;5;11299569618;S
20241015;112355;887.1;5;11299569619;S
20241015;112355;887;5;11299569620;S
20241015;112355;887;5;11299569621;S
20241015;112355;887;1;11299569622;S
20241015;112355;887;5;11299569623;S
20241015;112355;886.9;1;11299569624;S
20241015;112355;886.9;57;11299569625;S
20241015;112410;886.9;1;11299572197;B
20241015;112432;886.8;1;11299576721;S
20241015;112436;886.9;36;11299577380;B
20241015;112446;886.8;1;11299579263;S
20241015;112446;886.8;9;11299579264;S
20241015;112450;886.9;23;11299580002;B
20241015;112450;887.2;29;11299580003;B
20241015;112450;887.3;57;11299580004;B
20241015;112450;887.3;1;11299580005;B
20241015;112450;887.3;40;11299580006;B
20241015;112459;887.1;1;11299581528;S
20241015;112528;887.3;1;11299586499;B
20241015;112528;887.4;9;11299586500;B
20241015;112607;887.3;1;11299594265;B
20241015;112607;887.4;36;11299594266;B
20241015;112607;887.4;10;11299594267;B
20241015;112607;887.4;1;11299594268;B
20241015;112607;887.4;1;11299594269;B
20241015;112607;887.4;1;11299594270;B
20241015;112607;887.4;1;11299594271;B
20241015;112607;887.5;48;11299594272;B
20241015;112621;887.5;3;11299596295;B
20241015;112623;887.5;4;11299596685;B
20241015;112631;887.5;6;11299598009;B
20241015;112632;887.5;296;11299598168;B
20241015;112641;887.2;5;11299599636;S
20241015;112641;887.1;1;11299599637;S
20241015;112641;887.1;1;11299599638;S
20241015;112641;887;1;11299599639;S
20241015;112641;887;5;11299599640;S
20241015;112641;887;1;11299599641;S
20241015;112641;887;5;11299599642;S
20241015;112641;887;5;11299599643;S
20241015;112641;886.9;1;11299599644;S
20241015;112641;886.9;57;11299599645;S
20241015;112641;886.9;114;11299599646;S
20241015;112641;886.9;28;11299599647;S
20241015;112641;886.8;51;11299599648;S
20241015;112641;886.8;5;11299599649;S
20241015;112641;886.8;1;11299599650;S
20241015;112641;886.7;50;11299599651;S
20241015;112641;886.6;1;11299599652;S
20241015;112641;886.5;20;11299599653;S
20241015;112641;886.5;1;11299599654;S
20241015;112641;886.4;2;11299599655;S
20241015;112641;886.4;20;11299599656;S
20241015;112641;886.4;10;11299599657;S
20241015;112641;886.4;1;11299599658;S
20241015;112641;886.4;34;11299599659;S
20241015;112641;886.3;57;11299599660;S
20241015;112641;886.2;23;11299599661;S
20241015;112646;886.3;2;11299600485;S
20241015;112700;886.5;7;11299602620;S
20241015;112701;886.5;2;11299602700;S
20241015;112701;886.5;1;11299602838;S
20241015;112709;887.1;1;11299603851;B
20241015;112709;887.1;1;11299603852;B
20241015;112730;887.1;1;11299606996;B
20241015;112738;887.2;1;11299608146;B
20241015;112738;887.2;1;11299608147;B
20241015;112805;887.2;1;11299612335;B
20241015;112806;887;1;11299612583;S
20241015;112812;887;4;11299613619;S
20241015;112834;887;2;11299617655;B
20241015;112837;887;5;11299617988;B
20241015;112837;887.1;25;11299617989;B
20241015;112840;887.1;1;11299618313;B
20241015;112849;887.1;10;11299619444;B
20241015;112906;887.1;18;11299621706;B
20241015;112915;886.7;1;11299623411;S
20241015;112915;886.7;8;11299623412;S
20241015;112915;886.6;8;11299623413;S
20241015;112915;886.6;23;11299623414;S
20241015;112917;886.6;31;11299623959;S
20241015;112917;886.5;40;11299623960;S
20241015;112917;886.5;4;11299623961;S
20241015;112917;886.4;1;11299623962;S
20241015;112917;886.4;1;11299623963;S
20241015;112917;886.3;10;11299623964;S
20241015;112917;886.3;1;11299623965;S
20241015;112917;886.3;1;11299623966;S
20241015;112917;886.2;27;11299623967;S
20241015;112917;886.2;2;11299623968;S
20241015;112917;886.2;2;11299623969;S
20241015;112917;886.2;1;11299623970;S
20241015;112917;886.2;70;11299623971;S
20241015;112917;886.1;10;11299623972;S
20241015;112917;886.1;2;11299623973;S
20241015;112940;886.7;1;11299627395;B
20241015;112953;886.7;1;11299628888;B
20241015;112953;886.8;1;11299628889;B
20241015;112953;886.9;4;11299628890;B
20241015;112954;886.2;4;11299629079;S
20241015;112954;886.2;56;11299629080;S
20241015;112954;886.1;74;11299629081;S
20241015;112954;886.1;66;11299629082;S
20241015;113001;886.8;5;11299630037;B
20241015;113005;886.9;1;11299630549;B
20241015;113006;886.9;1;11299630650;B
20241015;113017;886.9;55;11299632049;B
20241015;113025;886.3;6;11299632966;S
20241015;113031;886.9;5;11299633718;B
20241015;113036;886.9;1;11299634419;B
20241015;113043;886.5;15;11299635532;S
20241015;113043;886.9;1;11299635599;B
20241015;113044;886.5;2;11299635617;S
20241015;113132;886.9;1;11299642098;B
20241015;113133;886.9;2;11299642198;B
20241015;113135;886.9;1;11299642778;B
20241015;113139;886.9;25;11299643241;B
20241015;113151;886.9;5;11299644948;B
20241015;113157;886.9;10;11299645770;B
20241015;113209;886.9;1;11299647524;B
20241015;113218;886.6;1;11299649836;S
20241015;113222;886.8;1;11299650468;B
20241015;113240;886.7;7;11299652650;B
20241015;113240;886.8;3;11299652651;B
20241015;113254;886.7;4;11299655023;B
20241015;113256;886.5;1;11299655374;S
20241015;113325;886.5;20;11299659469;S
20241015;113329;886.6;6;11299659911;B
20241015;113329;886.7;35;11299659912;B
20241015;113329;886.7;3;11299659913;B
20241015;113329;886.7;1;11299659914;B
20241015;113329;886.8;9;11299659915;B
20241015;113329;886.8;1;11299659916;B
20241015;113329;886.8;7;11299659917;B
20241015;113329;886.9;38;11299659918;B
20241015;113342;886.6;1;11299661726;S
20241015;113342;886.6;8;11299661727;S
20241015;113343;886.8;5;11299661804;B
20241015;113354;886.8;1;11299663274;B
20241015;113354;886.8;6;11299663275;B
20241015;113354;886.9;43;11299663276;B
20241015;113411;886.9;2;11299665462;B
20241015;113414;886.9;58;11299665662;B
20241015;113433;886.8;1;11299667553;S
20241015;113434;886.9;1;11299667554;B
20241015;113448;886.9;5;11299668740;B
20241015;113452;886.9;7;11299669100;B
20241015;113455;886.9;2;11299669314;B
20241015;113528;886.9;1;11299673500;B
20241015;113536;886.8;1;11299674314;S
20241015;113558;886.9;2;11299678236;B
20241015;113558;886.9;3;11299678237;B
20241015;113601;886.9;5;11299678522;B
20241015;113607;886.9;1;11299679234;B
20241015;113611;886.9;3;11299679577;B
20241015;113612;886.7;1;11299679651;S
20241015;113614;886.9;1;11299679889;B
20241015;113619;886.7;1;11299680666;S
20241015;113619;886.7;5;11299680667;S
20241015;113621;886.7;1;11299680747;B
20241015;113700;886.7;1;11299684947;B
20241015;113702;886.6;1;11299685195;S
20241015;113708;886.7;12;11299685821;B
20241015;113708;886.7;5;11299685822;B
20241015;113720;886.8;4;11299687401;B
20241015;113720;886.8;1;11299687402;B
20241015;113720;886.9;5;11299687403;B
20241015;113722;886.9;32;11299687635;B
20241015;113722;886.9;2;11299687636;B
20241015;113722;887;1;11299687637;B
20241015;113722;887;15;11299687638;B
20241015;113728;887.1;1;11299688251;B
20241015;113734;886.8;1;11299688860;S
20241015;113734;886.7;3;11299688861;S
20241015;113734;886.7;20;11299688862;S
20241015;113734;886.6;5;11299688863;S
20241015;113734;886.6;54;11299688864;S
20241015;113734;886.5;30;11299688865;S
20241015;113734;886.5;5;11299688866;S
20241015;113734;886.5;2;11299688867;S
20241015;113734;886.4;5;11299688868;S
20241015;113734;886.3;1;11299688869;S
20241015;113752;887;1;11299690754;B
20241015;113752;887.1;1;11299690755;B
20241015;113753;886.4;1;11299690841;S
20241015;113753;886.4;20;11299690842;S
20241015;113753;886.4;3;11299690843;S
20241015;113753;886.3;67;11299690844;S
20241015;113808;887;1;11299692149;B
20241015;113809;887.1;1;11299692228;B
20241015;113809;887.2;3;11299692229;B
20241015;113809;887.2;3;11299692230;B
20241015;113837;887;4;11299695817;S
20241015;113851;887.2;1;11299697203;B
20241015;113851;887.2;3;11299697257;B
20241015;113857;887.2;1;11299697966;B
20241015;113909;887.2;1;11299699074;B
20241015;113909;887.3;19;11299699075;B
20241015;113922;887.2;1;11299700251;B
20241015;113938;887.2;1;11299701972;B
20241015;113938;887.3;1;11299701973;B
20241015;113949;887.3;1;11299703260;B
20241015;114001;887.3;36;11299704681;B
20241015;114001;887.3;57;11299704682;B
20241015;114001;887.3;10;11299704683;B
20241015;114001;887.3;114;11299704684;B
20241015;114001;887.3;1;11299704685;B
20241015;114023;887.4;1;11299708088;B
20241015;114023;887.4;9;11299708089;B
20241015;114030;887.4;1;11299709022;B
20241015;114034;887.4;2;11299709523;B
20241015;114035;887.4;1;11299709598;B
20241015;114037;887.3;5;11299709846;S
20241015;114054;887.4;3;11299711566;B
20241015;114107;887.3;1;11299712778;S
20241015;114120;887.3;1;11299714262;S
20241015;114124;887.4;5;11299714855;B
20241015;114146;887.3;1;11299718138;S
20241015;114202;887.4;7;11299719559;B
20241015;114215;887.4;6;11299720955;B
20241015;114215;887.4;20;11299720956;B
20241015;114215;887.4;10;11299720957;B
20241015;114215;887.4;14;11299720958;B
20241015;114221;887.3;100;11299721710;S
20241015;114235;887.3;24;11299722923;S
20241015;114235;887.3;60;11299722924;S
20241015;114235;887;1;11299722925;S
20241015;114235;887;5;11299722926;S
20241015;114235;887;1;11299722927;S
20241015;114235;886.7;1;11299722928;S
20241015;114235;886.7;5;11299722929;S
20241015;114235;886.6;3;11299722930;S
20241015;114304;887.2;1;11299726010;B
20241015;114325;886.8;1;11299728928;S
20241015;114325;886.8;5;11299728929;S
20241015;114325;886.8;9;11299728930;S
20241015;114326;887.2;4;11299729227;B
20241015;114326;887.2;5;11299729228;B
20241015;114326;887.3;3;11299729229;B
20241015;114326;887.3;1;11299729230;B
20241015;114326;887.3;12;11299729231;B
20241015;114326;887.4;3;11299729232;B
20241015;114332;887.4;3;11299729849;B
20241015;114332;887.4;1;11299729850;B
20241015;114332;887.4;1;11299729851;B
20241015;114334;887;5;11299730060;S
20241015;114334;886.9;5;11299730061;S
20241015;114334;886.9;10;11299730062;S
20241015;114341;886.9;1;11299730807;B
20241015;114341;886.9;5;11299730808;B
20241015;114351;886.7;10;11299731924;S
20241015;114353;886.9;5;11299732112;B
20241015;114353;886.9;2;11299732113;B
20241015;114357;886.7;5;11299732470;S
20241015;114358;886.9;2;11299732575;B
20241015;114358;886.7;5;11299732580;S
20241015;114400;886.9;1;11299732678;B
20241015;114405;886.7;1;11299733243;S
20241015;114428;886.7;13;11299735992;S
20241015;114440;886.9;3;11299737828;B
20241015;114440;886.9;1;11299737829;B
20241015;114440;886.9;21;11299737830;B
20241015;114443;886.9;1;11299738157;B
20241015;114444;886.9;9;11299738250;B
20241015;114444;886.9;1;11299738251;B
20241015;114513;886.7;16;11299740907;S
20241015;114513;886.7;5;11299740908;S
20241015;114513;886.7;1;11299740909;S
20241015;114513;886.7;1;11299740910;S
20241015;114513;886.6;57;11299740911;S
20241015;114513;886.6;20;11299740912;S
20241015;114513;886.8;1;11299740919;B
20241015;114514;886.8;1;11299740988;B
20241015;114528;886.8;2;11299742310;B
20241015;114549;886.8;1;11299744737;B
20241015;114614;886.8;9;11299747408;S
20241015;114615;886.9;1;11299747462;B
20241015;114629;886.8;1;11299749023;S
20241015;114629;886.6;2;11299749024;S
20241015;114636;886.6;1;11299749633;S
20241015;114657;886.8;1;11299751518;B
20241015;114657;886.8;4;11299751519;B
20241015;114658;886.8;5;11299751614;B
20241015;114659;886.6;1;11299751745;S
20241015;114659;886.6;3;11299751746;S
20241015;114713;886.8;4;11299753026;B
20241015;114714;886.6;3;11299753070;S
20241015;114714;886.5;56;11299753071;S
20241015;114714;886.5;2;11299753072;S
20241015;114714;886.5;2;11299753073;S
20241015;114714;886.5;25;11299753074;S
20241015;114714;886.4;1;11299753075;S
20241015;114714;886.4;1;11299753076;S
20241015;114714;886.4;10;11299753077;S
20241015;114714;886.3;7;11299753080;S
20241015;114733;886.9;3;11299755288;B
20241015;114733;886.9;1;11299755289;B
20241015;114741;886.9;1;11299756073;B
20241015;114756;886.6;1;11299757342;S
20241015;114756;886.3;3;11299757343;S
20241015;114818;886.9;3;11299759653;B
20241015;114818;886.9;2;11299759654;B
20241015;114818;886.9;1;11299759655;B
20241015;114818;886.9;1;11299759656;B
20241015;114818;886.9;1;11299759657;B
20241015;114818;886.9;1;11299759658;B
20241015;114818;886.9;5;11299759659;B
20241015;114818;887;2;11299759660;B
20241015;114818;887.4;5;11299759669;B
20241015;114818;887.4;1;11299759670;B
20241015;114818;887.4;9;11299759671;B
20241015;114818;887.4;1;11299759673;B
20241015;114821;887.3;9;11299759862;B
20241015;114821;887.4;6;11299759863;B
20241015;114830;886.9;1;11299760691;S
20241015;114830;886.8;1;11299760692;S
20241015;114830;886.7;1;11299760693;S
20241015;114853;887.3;4;11299762489;B
20241015;114853;887.3;1;11299762490;B
20241015;114853;887.3;1;11299762491;B
20241015;114853;887.4;6;11299762492;B
20241015;114919;887.4;4;11299765191;B
20241015;114932;887.1;1;11299766574;S
20241015;114932;887.1;1;11299766575;S
20241015;114932;887;5;11299766576;S
20241015;114932;887;5;11299766577;S
20241015;114932;886.9;5;11299766578;S
20241015;114932;886.9;4;11299766579;S
20241015;114932;886.9;6;11299766580;S
20241015;114932;886.8;50;11299766581;S
20241015;114932;886.7;1;11299766582;S
20241015;114932;886.7;57;11299766583;S
20241015;114932;886.7;5;11299766584;S
20241015;114932;886.6;1;11299766585;S
20241015;114932;886.6;1;11299766586;S
20241015;114932;886.6;50;11299766587;S
20241015;114932;886.5;50;11299766588;S
20241015;114932;886.5;3;11299766589;S
20241015;114932;886.5;250;11299766590;S
20241015;114932;886.4;17;11299766591;S
20241015;114932;886.4;10;11299766592;S
20241015;114932;886.3;22;11299766593;S
20241015;114932;886.3;7;11299766594;S
20241015;114932;886.3;20;11299766595;S
20241015;114932;886.2;1;11299766596;S
20241015;114932;886.1;86;11299766597;S
20241015;114932;886.1;1;11299766598;S
20241015;114932;886.1;3;11299766599;S
20241015;114932;886.1;3;11299766600;S
20241015;114932;886.1;70;11299766601;S
20241015;114932;886;50;11299766602;S
20241015;114932;886;600;11299766603;S
20241015;114932;886;5;11299766604;S
20241015;114932;886;10;11299766605;S
20241015;114932;886;10;11299766606;S
20241015;114932;886;3;11299766607;S
20241015;114932;886;1;11299766608;S
20241015;114932;886;2;11299766609;S
20241015;114932;886;10;11299766610;S
20241015;114932;886;2;11299766611;S
20241015;114932;886;5;11299766612;S
20241015;114932;886;2;11299766613;S
20241015;114932;886;1;11299766614;S
20241015;114932;886;2;11299766615;S
20241015;114932;886;5;11299766616;S
20241015;114932;886;10;11299766617;S
20241015;114932;886;1;11299766618;S
20241015;114932;886;1;11299766619;S
20241015;114932;886;56;11299766620;S
20241015;114932;886;14;11299766621;S
20241015;114944;885.8;1;11299768249;S
20241015;114944;885.8;1;11299768250;S
20241015;114944;885.8;1;11299768251;S
20241015;114944;885.7;2;11299768252;S
20241015;114944;885.6;2;11299768253;S
20241015;114944;885.5;2;11299768254;S
20241015;114944;885.5;1;11299768255;S
20241015;114945;885.5;2;11299768353;S
20241015;114945;885.5;8;11299768354;S
20241015;114945;885.4;1;11299768355;S
20241015;114945;885.3;1;11299768356;S
20241015;114945;885.3;13;11299768357;S
20241015;114956;885.3;2;11299769668;S
20241015;115008;885.4;1;11299771119;S
20241015;115008;885.3;1;11299771120;S
20241015;115008;885.3;203;11299771121;S
20241015;115008;885.2;100;11299771122;S
20241015;115008;885.1;56;11299771123;S
20241015;115008;885.1;12;11299771124;S
20241015;115008;885.1;100;11299771125;S
20241015;115008;885.1;100;11299771126;S
20241015;115008;885;100;11299771127;S
20241015;115008;885;1;11299771128;S
20241015;115008;885;2;11299771129;S
20241015;115008;885;100;11299771130;S
20241015;115008;885;5;11299771131;S
20241015;115008;885;10;11299771132;S
20241015;115008;885;10;11299771133;S
20241015;115008;885;10;11299771134;S
20241015;115008;885;3;11299771135;S
20241015;115008;885;2;11299771136;S
20241015;115008;885;6;11299771137;S
20241015;115008;885;500;11299771138;S
20241015;115008;885;8;11299771139;S
20241015;115008;885;1;11299771140;S
20241015;115008;885;2;11299771141;S
20241015;115008;885;1;11299771142;S
20241015;115008;885;1;11299771143;S
20241015;115008;885;4;11299771144;S
20241015;115008;885;1;11299771145;S
20241015;115008;885;50;11299771223;B
20241015;115008;884.8;1;11299771224;S
20241015;115008;884.8;1;11299771225;S
20241015;115008;884.8;1;11299771226;S
20241015;115008;884.5;6;11299771227;S
20241015;115008;884.5;13;11299771228;S
20241015;115008;884.5;87;11299771302;S
20241015;115008;884.1;1;11299771303;S
20241015;115008;884.1;32;11299771304;S
20241015;115009;885;10;11299771343;B
20241015;115009;884.1;11;11299771348;S
20241015;115009;884.1;160;11299771353;S
20241015;115009;884;40;11299771354;S
20241015;115010;884.1;1;11299771690;S
20241015;115010;884;59;11299771691;S
20241015;115013;884.5;1;11299772263;B
20241015;115024;884.5;119;11299773900;B
20241015;115037;885;1;11299775381;B
20241015;115039;885;1;11299775624;B
20241015;115041;885;100;11299775793;B
20241015;115046;884.9;2;11299776406;S
20241015;115111;884.9;5;11299779021;S
20241015;115138;884.9;100;11299782303;S
20241015;115151;885;25;11299783803;B
20241015;115219;885;3;11299786833;B
20241015;115222;885;20;11299787201;B
20241015;115231;884.9;93;11299788325;S
20241015;115231;884.9;5;11299788326;S
20241015;115231;884.9;5;11299788327;S
20241015;115238;884.9;3;11299788817;B
20241015;115258;884.9;5;11299790814;B
20241015;115304;884.9;1;11299791536;B
20241015;115309;884.8;1;11299792213;S
20241015;115309;884.6;10;11299792214;S
20241015;115309;884.6;17;11299792215;S
20241015;115309;884.6;13;11299792216;S
20241015;115309;884.5;81;11299792217;S
20241015;115309;884.5;50;11299792218;S
20241015;115312;884.5;3;11299792448;B
20241015;115312;884.4;1;11299792489;S
20241015;115313;884.5;7;11299792497;B
20241015;115317;884.4;1;11299792961;S
20241015;115319;885;1;11299793264;B
20241015;115320;884.4;3;11299793293;S
20241015;115320;884.3;50;11299793294;S
20241015;115320;884.2;1;11299793295;S
20241015;115320;884.1;50;11299793296;S
20241015;115320;884.1;1;11299793297;S
20241015;115320;884;1;11299793298;S
20241015;115320;884;50;11299793299;S
20241015;115320;884;2;11299793300;S
20241015;115320;884;3;11299793301;S
20241015;115320;884;1;11299793302;S
20241015;115320;884;50;11299793303;S
20241015;115320;884;1;11299793304;S
20241015;115320;884;300;11299793305;S
20241015;115329;883.9;1;11299794279;S
20241015;115342;884;3;11299795686;B
20241015;115349;884;182;11299796459;B
20241015;115349;884;1;11299796460;B
20241015;115403;883.9;14;11299798017;S
20241015;115403;883.9;3;11299798018;S
20241015;115403;883.9;60;11299798019;S
20241015;115403;883.9;12;11299798020;S
20241015;115403;883.9;2;11299798021;S
20241015;115404;883.9;18;11299798078;S
20241015;115404;883.9;1;11299798079;S
20241015;115404;883.7;2;11299798080;S
20241015;115404;883.7;8;11299798081;S
20241015;115404;883.7;17;11299798082;S
20241015;115404;883.6;12;11299798083;S
20241015;115404;884;1;11299798085;B
20241015;115404;883.6;5;11299798089;S
20241015;115404;883.7;34;11299798133;S
20241015;115404;883.6;18;11299798134;S
20241015;115404;883.6;20;11299798135;S
20241015;115404;883.6;23;11299798136;S
20241015;115404;883.5;5;11299798137;S
20241015;115414;884;10;11299799114;B
20241015;115418;883.9;1;11299799498;B
20241015;115421;883.8;3;11299799705;S
20241015;115421;883.9;4;11299799744;B
20241015;115430;883.8;2;11299800379;S
20241015;115430;883.7;5;11299800380;S
20241015;115430;883.6;5;11299800381;S
20241015;115430;883.6;5;11299800382;S
20241015;115430;883.5;25;11299800383;S
20241015;115430;883.5;5;11299800384;S
20241015;115430;883.4;1;11299800385;S
20241015;115430;883.2;2;11299800386;S
20241015;115430;883;6;11299800387;S
20241015;115430;883;68;11299800388;S
20241015;115430;883;13;11299800389;S
20241015;115430;883;100;11299800390;S
20241015;115430;883;2;11299800391;S
20241015;115430;882.8;1;11299800392;S
20241015;115430;882.6;1;11299800393;S
20241015;115430;882.6;10;11299800394;S
20241015;115430;882.6;5;11299800395;S
20241015;115430;882.5;1;11299800396;S
20241015;115430;882.5;10;11299800397;S
20241015;115430;882.5;50;11299800398;S
20241015;115430;882.4;10;11299800399;S
20241015;115430;882.4;173;11299800400;S
20241015;115430;882.4;25;11299800415;S
20241015;115432;883.2;5;11299800599;B
20241015;115441;883.7;5;11299801284;B
20241015;115441;884;5;11299801285;B
20241015;115445;883.9;2;11299801599;B
20241015;115457;883.4;5;11299802573;S
20241015;115457;883.3;1;11299802574;S
20241015;115457;883.1;1;11299802575;S
20241015;115457;883;33;11299802576;S
20241015;115457;883;5;11299802577;S
20241015;115457;882.5;1;11299802578;S
20241015;115457;882.5;16;11299802579;S
20241015;115457;882.4;2;11299802580;S
20241015;115457;882.3;1;11299802581;S
20241015;115457;882.3;50;11299802582;S
20241015;115457;882.1;1;11299802583;S
20241015;115457;882.1;80;11299802584;S
20241015;115457;882.1;1;11299802585;S
20241015;115457;882.1;1;11299802586;S
20241015;115457;882;1;11299802587;S
20241015;115457;882;19;11299802588;S
20241015;115457;882;18;11299802589;S
20241015;115457;882;5;11299802590;S
20241015;115457;882;1;11299802591;S
20241015;115457;882;8;11299802592;S
20241015;115457;881.8;1;11299802593;S
20241015;115457;881.8;1;11299802594;S
20241015;115457;881.7;50;11299802595;S
20241015;115457;881.6;32;11299802596;S
20241015;115457;881.5;50;11299802597;S
20241015;115457;881.5;69;11299802598;S
20241015;115457;881.5;21;11299802599;S
20241015;115458;881.6;5;11299802687;S
20241015;115458;881.5;29;11299802688;S
20241015;115458;881.5;1;11299802689;S
20241015;115458;881.4;1;11299802690;S
20241015;115458;881.1;1;11299802691;S
20241015;115458;881.1;23;11299802692;S
20241015;115459;881.1;9;11299802743;S
20241015;115459;881.1;41;11299802744;S
20241015;115459;881.9;10;11299802806;B
20241015;115500;881.9;10;11299802870;B
20241015;115500;881.9;1;11299802896;B
20241015;115500;881.9;13;11299802898;B
20241015;115501;882.8;5;11299803045;B
20241015;115501;883.7;8;11299803046;B
20241015;115519;882.9;5;11299804999;B
20241015;115519;882.9;6;11299805000;B
20241015;115521;882.8;1;11299805272;B
20241015;115528;882.7;6;11299805862;B
20241015;115531;882.7;3;11299806119;B
20241015;115542;882.6;1;11299807483;B
20241015;115542;882.7;1;11299807484;B
20241015;115548;882.3;5;11299808136;S
20241015;115548;882.3;1;11299808137;S
20241015;115548;882.2;1;11299808138;S
20241015;115548;882.2;1;11299808139;S
20241015;115548;881.8;1;11299808140;S
