<DATE>;<TIME>;<LAST>;<VOL>;<ID>;<OPER>
20241031;095957;0.644;2000;11365309651;S
20241031;095957;0.644;2000;11365309652;S
20241031;095957;0.644;8000;11365309653;S
20241031;095957;0.644;1000;11365309654;S
20241031;095957;0.644;1000;11365309655;S
20241031;095957;0.644;10000;11365309656;S
20241031;095957;0.644;4000;11365309657;S
20241031;095957;0.644;20000;11365309658;S
20241031;095957;0.644;2000;11365309659;S
20241031;095957;0.644;2000;11365309660;S
20241031;095957;0.644;8000;11365309661;S
20241031;095957;0.644;2000;11365309662;S
20241031;095957;0.644;1000;11365309663;S
20241031;095957;0.644;2000;11365309664;S
20241031;095957;0.644;21000;11365309665;S
20241031;095957;0.644;1000;11365309666;S
20241031;095957;0.644;17000;11365309667;S
20241031;095957;0.644;73000;11365309668;S
20241031;095957;0.644;1000;11365309669;B
20241031;095957;0.644;4000;11365309670;B
20241031;095957;0.644;1000;11365309671;S
20241031;095957;0.644;10000;11365309672;S
20241031;095957;0.644;1000;11365309673;S
20241031;095957;0.644;3000;11365309674;S
20241031;095957;0.644;1000;11365309675;S
20241031;095957;0.644;20000;11365309676;S
20241031;095957;0.644;1000;11365309677;S
20241031;095957;0.644;10000;11365309678;S
20241031;095957;0.644;31000;11365309679;S
20241031;095957;0.644;1000;11365309680;S
20241031;095957;0.644;2000;11365309681;S
20241031;095957;0.644;22000;11365309682;S
20241031;095957;0.644;2000;11365309683;S
20241031;095957;0.644;5000;11365309684;S
20241031;095957;0.644;11000;11365309685;S
20241031;095957;0.644;1000;11365309686;S
20241031;095957;0.644;150000;11365309687;B
20241031;095957;0.644;1000;11365309688;S
20241031;095957;0.644;1000;11365309689;S
20241031;095957;0.644;1000;11365309690;S
20241031;095957;0.644;12000;11365309691;B
20241031;095957;0.644;1000;11365309692;S
20241031;095957;0.644;2000;11365309693;S
20241031;095957;0.644;1000;11365309694;S
20241031;095957;0.644;1000;11365309695;S
20241031;095957;0.644;1000;11365309696;S
20241031;095957;0.644;1000;11365309697;S
20241031;095957;0.644;10000;11365309698;B
20241031;095957;0.644;1000;11365309699;S
20241031;095957;0.644;1000;11365309700;S
20241031;095957;0.644;2000;11365309701;S
20241031;095957;0.644;10000;11365309702;S
20241031;095957;0.644;3000;11365309703;S
20241031;095957;0.644;5000;11365309704;S
20241031;095957;0.644;1000;11365309705;S
20241031;095957;0.644;1000;11365309706;B
20241031;095957;0.644;2000;11365309707;S
20241031;095957;0.644;1000;11365309708;S
20241031;095957;0.644;12000;11365309709;B
20241031;095957;0.644;2000;11365309710;S
20241031;095957;0.644;3000;11365309711;S
20241031;095957;0.644;1000;11365309712;B
20241031;100000;0.644;5000;11365310594;B
20241031;100000;0.6439;10000;11365310611;S
20241031;100000;0.6438;100000;11365310612;S
20241031;100000;0.6438;10000;11365310613;S
20241031;100001;0.6431;1000;11365311288;S
20241031;100001;0.6431;1000;11365311289;S
20241031;100001;0.6464;5000;11365311866;B
20241031;100002;0.6457;17000;11365312129;B
20241031;100002;0.6464;4000;11365312171;B
20241031;100002;0.6479;9000;11365312296;B
20241031;100002;0.6479;2000;11365312452;B
20241031;100003;0.6469;1000;11365313319;B
20241031;100003;0.6469;2000;11365313424;B
20241031;100005;0.6455;10000;11365314933;S
20241031;100005;0.6455;10000;11365314934;S
20241031;100005;0.6451;30000;11365314935;S
20241031;100005;0.6453;1000;11365315085;S
20241031;100005;0.6453;1000;11365315316;S
20241031;100005;0.6465;1000;11365315328;B
20241031;100005;0.6453;1000;11365315331;S
20241031;100005;0.647;1000;11365315542;B
20241031;100005;0.647;1000;11365315560;B
20241031;100005;0.6453;7000;11365315771;S
20241031;100005;0.6452;9000;11365315772;S
20241031;100005;0.6451;10000;11365315773;S
20241031;100005;0.645;50000;11365315774;S
20241031;100005;0.645;15000;11365315775;S
20241031;100005;0.6449;9000;11365315776;S
20241031;100006;0.6476;1000;11365316420;B
20241031;100006;0.6476;2000;11365316421;B
20241031;100006;0.6457;1000;11365316520;S
20241031;100007;0.6459;1000;11365317954;B
20241031;100007;0.6449;1000;11365317958;S
20241031;100007;0.6449;1000;11365317959;S
20241031;100007;0.6449;1000;11365317962;S
20241031;100007;0.6459;5000;11365317998;B
20241031;100007;0.6444;1000;11365319022;S
20241031;100007;0.6444;30000;11365319038;S
20241031;100007;0.6444;1000;11365319087;S
20241031;100007;0.6444;1000;11365319096;S
20241031;100007;0.6444;4000;11365319204;S
20241031;100007;0.645;1000;11365319205;B
20241031;100008;0.6443;4000;11365319720;S
20241031;100008;0.6451;3000;11365319884;B
20241031;100008;0.6443;1000;11365319900;S
20241031;100008;0.6442;10000;11365320128;S
20241031;100008;0.6442;10000;11365320129;S
20241031;100008;0.6442;24000;11365320150;S
20241031;100008;0.6441;6000;11365320151;S
20241031;100008;0.6436;24000;11365320152;S
20241031;100008;0.6435;8000;11365320153;S
20241031;100008;0.6435;8000;11365320154;S
20241031;100008;0.6432;12000;11365320155;S
20241031;100008;0.6432;31000;11365320156;S
20241031;100008;0.6431;37000;11365320157;S
20241031;100008;0.6443;24000;11365320174;S
20241031;100008;0.6443;18000;11365320243;S
20241031;100008;0.6432;2000;11365320399;S
20241031;100010;0.6431;9000;11365321090;S
20241031;100010;0.6436;1000;11365321091;B
20241031;100010;0.6439;24000;11365321092;B
20241031;100010;0.6443;25000;11365321101;B
20241031;100010;0.6431;2000;11365321290;S
20241031;100013;0.6434;16000;11365322581;S
20241031;100013;0.6433;1000;11365322582;S
20241031;100013;0.6432;9000;11365322583;S
20241031;100013;0.6431;44000;11365322584;S
20241031;100013;0.644;270000;11365322602;B
20241031;100020;0.6444;5000;11365324919;B
20241031;100020;0.6444;25000;11365324921;B
20241031;100020;0.6445;50000;11365324924;B
20241031;100020;0.6457;3000;11365324948;B
20241031;100027;0.6445;10000;11365327994;S
20241031;100027;0.6436;10000;11365327995;S
20241031;100027;0.6433;1000;11365327996;S
20241031;100027;0.6433;10000;11365327997;S
20241031;100027;0.6433;3000;11365327998;S
20241031;100027;0.6432;6000;11365327999;S
20241031;100027;0.645;200000;11365328166;B
20241031;100032;0.6435;16000;11365329542;S
20241031;100036;0.645;400000;11365330446;S
20241031;100045;0.645;3000;11365333421;B
20241031;100045;0.6452;15000;11365333422;B
20241031;100045;0.6453;2000;11365333423;B
20241031;100051;0.6456;5000;11365335978;B
20241031;100051;0.6457;6000;11365335979;B
20241031;100051;0.6458;9000;11365335980;B
20241031;100056;0.6449;2000;11365337327;S
20241031;100058;0.6462;20000;11365337826;B
20241031;100103;0.645;200000;11365339839;S
20241031;100103;0.645;19000;11365339840;S
20241031;100103;0.6449;21000;11365339841;S
20241031;100103;0.644;23000;11365339842;S
20241031;100103;0.6439;57000;11365339843;S
20241031;100106;0.6445;1000;11365340629;S
20241031;100107;0.6445;34000;11365340964;S
20241031;100107;0.6444;143000;11365340965;S
20241031;100107;0.6443;68000;11365340966;S
20241031;100114;0.6455;182000;11365342746;S
20241031;100114;0.6449;138000;11365342747;S
20241031;100117;0.6449;508000;11365343377;S
20241031;100117;0.6446;636000;11365343378;S
20241031;100117;0.6445;80000;11365343379;S
20241031;100117;0.6443;157000;11365343380;S
20241031;100120;0.6448;11000;11365344327;B
20241031;100120;0.6449;232000;11365344328;B
20241031;100120;0.6449;138000;11365344329;B
20241031;100120;0.645;119000;11365344330;B
20241031;100123;0.6449;4000;11365345344;B
20241031;100124;0.6444;232000;11365346019;S
20241031;100124;0.6444;88000;11365346020;S
20241031;100127;0.6448;1000;11365346826;B
20241031;100128;0.6448;7000;11365347028;B
20241031;100128;0.6448;200000;11365347041;B
20241031;100129;0.6449;24000;11365347321;B
20241031;100129;0.645;176000;11365347322;B
20241031;100130;0.645;200000;11365347473;B
20241031;100130;0.645;40000;11365347496;B
20241031;100133;0.6446;2000;11365348438;S
20241031;100133;0.6444;2000;11365348439;S
20241031;100138;0.6444;1000;11365350176;S
20241031;100139;0.6444;151000;11365350435;S
20241031;100139;0.6444;99000;11365350436;S
20241031;100144;0.6448;1000;11365352115;B
20241031;100144;0.6448;1000;11365352246;B
20241031;100145;0.6449;1000;11365352327;B
20241031;100145;0.6449;1000;11365352471;B
20241031;100145;0.6449;1000;11365352542;B
20241031;100146;0.6449;1000;11365352683;B
20241031;100146;0.6449;1000;11365352732;B
20241031;100147;0.6449;1000;11365353141;B
20241031;100147;0.6449;1000;11365353275;B
20241031;100148;0.6449;1000;11365353413;B
20241031;100148;0.6449;1000;11365353618;B
20241031;100148;0.6449;1000;11365353784;B
20241031;100149;0.6449;1000;11365353952;B
20241031;100149;0.6449;1000;11365354107;B
20241031;100150;0.6449;1000;11365354245;B
20241031;100150;0.6449;1000;11365354349;B
20241031;100150;0.6449;50000;11365354351;B
20241031;100151;0.6449;1000;11365354568;B
20241031;100151;0.6449;1000;11365354785;B
20241031;100152;0.6449;1000;11365354908;B
20241031;100152;0.6449;1000;11365355001;B
20241031;100153;0.6449;1000;11365355285;B
20241031;100156;0.6449;40000;11365355953;B
20241031;100200;0.6449;66000;11365356823;B
20241031;100200;0.6449;300000;11365356824;B
20241031;100200;0.6449;58000;11365356825;B
20241031;100200;0.645;785000;11365356826;B
20241031;100200;0.645;472000;11365356827;B
20241031;100201;0.6455;30000;11365357070;B
20241031;100201;0.6456;150000;11365357071;B
20241031;100201;0.6457;100000;11365357079;B
20241031;100201;0.6457;1000;11365357097;B
20241031;100201;0.6457;100000;11365357110;B
20241031;100201;0.6457;100000;11365357138;B
20241031;100201;0.6457;3000;11365357201;B
20241031;100201;0.6457;60000;11365357216;B
20241031;100201;0.6457;100000;11365357242;B
20241031;100201;0.6457;400000;11365357248;B
20241031;100202;0.6457;100000;11365357405;B
20241031;100202;0.6457;20000;11365357546;B
20241031;100205;0.6457;1000;11365358183;B
20241031;100207;0.6457;1000;11365358660;B
20241031;100207;0.6457;1000;11365358682;B
20241031;100208;0.6466;10000;11365358950;B
20241031;100208;0.6473;10000;11365358951;B
20241031;100208;0.6474;14000;11365358952;B
20241031;100209;0.6475;308000;11365359219;B
20241031;100210;0.6474;10000;11365359437;B
20241031;100210;0.6478;90000;11365359438;B
20241031;100211;0.6477;1000;11365359691;S
20241031;100211;0.6474;1000;11365359729;S
20241031;100213;0.6472;1000;11365360351;B
20241031;100218;0.6472;218000;11365361369;B
20241031;100218;0.6476;20000;11365361370;B
20241031;100218;0.6476;10000;11365361371;B
20241031;100218;0.6478;120000;11365361372;B
20241031;100218;0.648;31000;11365361373;B
20241031;100218;0.6483;80000;11365361374;B
20241031;100218;0.6485;99000;11365361375;B
20241031;100218;0.6486;60000;11365361376;B
20241031;100219;0.6478;1000;11365361667;S
20241031;100219;0.6471;1000;11365361668;S
20241031;100219;0.6471;1000;11365361669;S
20241031;100219;0.6471;2000;11365361670;S
20241031;100219;0.6468;1000;11365361671;S
20241031;100219;0.6467;9000;11365361672;S
20241031;100219;0.648;1000;11365361702;S
20241031;100224;0.6477;1000;11365362965;S
20241031;100224;0.6475;1000;11365362966;S
20241031;100224;0.6472;1000;11365362967;S
20241031;100224;0.647;3000;11365362968;S
20241031;100226;0.6476;20000;11365363758;B
20241031;100228;0.6476;50000;11365364172;B
20241031;100228;0.6475;1000;11365364221;S
20241031;100231;0.6475;9000;11365365029;B
20241031;100231;0.6476;3000;11365365030;B
20241031;100233;0.6475;1000;11365365543;S
20241031;100234;0.6476;8000;11365365756;B
20241031;100235;0.6476;119000;11365365939;B
20241031;100235;0.6479;67000;11365365940;B
20241031;100242;0.6478;1000;11365367124;S
20241031;100242;0.6475;1000;11365367125;S
20241031;100242;0.6473;298000;11365367126;S
20241031;100243;0.6479;86000;11365367380;B
20241031;100243;0.648;12000;11365367381;B
20241031;100243;0.648;32000;11365367382;B
20241031;100246;0.6487;1000;11365367819;S
20241031;100246;0.6485;1000;11365367835;S
20241031;100246;0.6484;1000;11365367859;S
20241031;100249;0.6484;1000;11365368471;S
20241031;100249;0.6482;1000;11365368472;S
20241031;100255;0.648;198000;11365369474;B
20241031;100255;0.6486;71000;11365369475;B
20241031;100257;0.6489;1000;11365369831;S
20241031;100257;0.649;1000;11365369879;B
20241031;100257;0.6486;1000;11365369880;S
20241031;100257;0.649;1000;11365369922;B
20241031;100257;0.649;1000;11365369942;B
20241031;100258;0.6488;1000;11365369957;B
20241031;100258;0.6488;1000;11365369982;B
20241031;100259;0.6483;1000;11365370132;B
20241031;100305;0.6482;1000;11365371342;S
20241031;100305;0.6479;1000;11365371343;S
20241031;100305;0.6477;1000;11365371344;S
20241031;100305;0.6476;13000;11365371345;S
20241031;100305;0.6475;2000;11365371346;S
20241031;100305;0.6475;1000;11365371347;S
20241031;100305;0.6475;22000;11365371348;S
20241031;100305;0.6475;13000;11365371349;S
20241031;100306;0.6474;31000;11365371415;B
20241031;100306;0.6476;18000;11365371416;B
20241031;100306;0.6477;18000;11365371417;B
20241031;100309;0.6483;85000;11365372000;S
20241031;100310;0.6485;7000;11365372128;B
20241031;100311;0.649;7000;11365372359;B
20241031;100311;0.6491;8000;11365372360;B
20241031;100314;0.6486;10000;11365372819;S
20241031;100317;0.6485;10000;11365373745;S
20241031;100317;0.6485;1000;11365373746;S
20241031;100317;0.6485;55000;11365373747;S
20241031;100318;0.6483;153000;11365374032;S
20241031;100321;0.6484;87000;11365374600;B
20241031;100321;0.6493;10000;11365374632;B
20241031;100322;0.6494;1000;11365374803;S
20241031;100324;0.6494;1000;11365375365;S
20241031;100331;0.6493;1000;11365376995;S
20241031;100331;0.6492;1000;11365377231;S
20241031;100332;0.6493;1000;11365377459;B
20241031;100332;0.6491;100000;11365377560;S
20241031;100332;0.6491;1000;11365377561;S
20241031;100334;0.6488;50000;11365377907;S
20241031;100337;0.6488;3000;11365378647;S
20241031;100338;0.6484;223000;11365378815;S
20241031;100338;0.6484;2000;11365378816;S
20241031;100338;0.6484;2000;11365378817;S
20241031;100338;0.6483;309000;11365378818;S
20241031;100338;0.6483;526000;11365378856;S
20241031;100339;0.6483;12000;11365379025;S
20241031;100339;0.648;933000;11365379026;S
20241031;100339;0.648;1000;11365379027;S
20241031;100340;0.6474;30000;11365379282;S
20241031;100340;0.6473;70000;11365379283;S
20241031;100340;0.6473;34000;11365379338;S
20241031;100340;0.6478;5000;11365379346;B
20241031;100343;0.6473;2000;11365379890;S
20241031;100343;0.6478;1000;11365379894;B
20241031;100343;0.6473;96000;11365379959;S
20241031;100343;0.647;4000;11365379960;S
20241031;100346;0.647;3000;11365380775;S
20241031;100346;0.647;30000;11365380776;S
20241031;100346;0.6461;10000;11365380777;S
20241031;100346;0.6461;1000;11365380778;S
20241031;100346;0.646;10000;11365380779;S
20241031;100346;0.646;32000;11365380780;S
20241031;100346;0.6459;50000;11365380781;S
20241031;100346;0.6453;80000;11365380782;S
20241031;100346;0.645;10000;11365380783;S
20241031;100346;0.645;1000;11365380784;S
20241031;100346;0.645;5000;11365380785;S
20241031;100346;0.645;68000;11365380786;S
20241031;100353;0.6467;2000;11365382440;B
20241031;100354;0.6451;10000;11365382673;S
20241031;100354;0.645;2000;11365382674;S
20241031;100354;0.645;136000;11365382675;S
20241031;100354;0.6449;152000;11365382676;S
20241031;100354;0.6464;4000;11365382730;B
20241031;100356;0.6449;248000;11365383111;S
20241031;100356;0.6448;10000;11365383112;S
20241031;100356;0.6445;42000;11365383113;S
20241031;100357;0.6445;26000;11365383486;S
20241031;100357;0.6444;14000;11365383487;S
20241031;100400;0.6457;10000;11365383994;B
20241031;100400;0.646;2000;11365383995;B
20241031;100400;0.6464;6000;11365383996;B
20241031;100400;0.6466;60000;11365383997;B
20241031;100400;0.6464;50000;11365384119;B
20241031;100401;0.6467;19000;11365384313;B
20241031;100402;0.6452;34000;11365384442;S
20241031;100402;0.6451;80000;11365384443;S
20241031;100402;0.645;7000;11365384444;S
20241031;100402;0.645;1000;11365384537;S
20241031;100402;0.6448;4000;11365384538;S
20241031;100405;0.6464;4000;11365385266;B
20241031;100406;0.6464;4000;11365385615;B
20241031;100406;0.6468;10000;11365385616;B
20241031;100406;0.6468;150000;11365385617;B
20241031;100406;0.6468;30000;11365385618;B
20241031;100406;0.647;10000;11365385619;B
20241031;100406;0.6472;80000;11365385620;B
20241031;100406;0.6473;10000;11365385621;B
20241031;100406;0.6473;10000;11365385622;B
20241031;100406;0.6473;7000;11365385623;B
20241031;100406;0.6475;10000;11365385624;B
20241031;100406;0.6476;10000;11365385625;B
20241031;100406;0.6477;10000;11365385626;B
20241031;100406;0.6478;659000;11365385627;B
20241031;100413;0.6462;2000;11365386925;S
20241031;100413;0.6461;30000;11365386926;S
20241031;100413;0.6457;344000;11365386927;S
20241031;100413;0.6456;150000;11365386928;S
20241031;100413;0.6455;60000;11365386929;S
20241031;100413;0.6454;80000;11365386930;S
20241031;100413;0.6452;100000;11365386931;S
20241031;100413;0.6451;80000;11365386932;S
20241031;100413;0.6446;91000;11365386933;S
20241031;100413;0.6444;63000;11365386934;S
20241031;100414;0.645;8000;11365387508;B
20241031;100415;0.6467;30000;11365387593;B
20241031;100415;0.647;10000;11365387594;B
20241031;100415;0.6472;10000;11365387595;B
20241031;100415;0.6472;50000;11365387596;B
20241031;100416;0.6462;10000;11365388008;B
20241031;100418;0.6462;1000;11365388187;B
20241031;100418;0.6462;3000;11365388305;B
20241031;100427;0.645;10000;11365390356;S
20241031;100427;0.6447;140000;11365390357;S
20241031;100430;0.645;10000;11365391258;S
20241031;100430;0.6449;8000;11365391259;S
20241031;100430;0.6449;2000;11365391260;S
20241031;100432;0.646;1000;11365391797;B
20241031;100436;0.646;5000;11365392870;B
20241031;100439;0.646;3000;11365393419;B
20241031;100439;0.6461;1000;11365393420;B
20241031;100439;0.6461;1000;11365393421;B
20241031;100439;0.6461;15000;11365393422;B
20241031;100440;0.645;3000;11365393588;S
20241031;100440;0.6448;1000;11365393589;S
20241031;100440;0.6448;151000;11365393590;S
20241031;100441;0.645;1000;11365393920;S
20241031;100441;0.6448;1000;11365393931;B
20241031;100441;0.6448;8000;11365393934;B
20241031;100442;0.6448;4000;11365394177;B
20241031;100443;0.6448;2000;11365394530;B
20241031;100443;0.6448;10000;11365394778;B
20241031;100443;0.6448;174000;11365394779;B
20241031;100445;0.6447;10000;11365395311;S
20241031;100447;0.645;1000;11365395932;S
20241031;100454;0.645;99000;11365397496;S
20241031;100454;0.645;1000;11365397497;S
20241031;100504;0.645;18000;11365400174;S
20241031;100504;0.645;2000;11365400175;S
20241031;100505;0.645;1000;11365400596;B
20241031;100511;0.6449;8000;11365402237;B
20241031;100511;0.645;165000;11365402238;B
20241031;100511;0.6447;1000;11365402246;S
20241031;100511;0.6447;1000;11365402247;S
20241031;100512;0.6447;2000;11365402431;S
20241031;100512;0.6447;11000;11365402432;S
20241031;100512;0.6447;5000;11365402433;S
20241031;100515;0.645;1000;11365403075;B
20241031;100520;0.645;83000;11365404354;B
20241031;100520;0.6451;12000;11365404355;B
20241031;100520;0.6452;5000;11365404356;B
20241031;100528;0.6456;4000;11365406173;B
20241031;100530;0.6456;3000;11365406655;B
20241031;100530;0.6457;17000;11365406656;B
20241031;100535;0.6453;100000;11365407897;B
20241031;100535;0.6453;4000;11365408015;B
20241031;100537;0.6451;7000;11365408389;S
20241031;100537;0.645;10000;11365408390;S
20241031;100537;0.645;3000;11365408391;S
20241031;100538;0.6449;12000;11365408648;S
20241031;100539;0.6453;5000;11365408795;B
20241031;100539;0.6453;29000;11365409015;B
20241031;100539;0.6453;17000;11365409016;B
20241031;100539;0.6457;81000;11365409017;B
20241031;100539;0.6457;4000;11365409018;B
20241031;100539;0.6457;38000;11365409019;B
20241031;100539;0.6459;1000;11365409020;B
20241031;100543;0.6457;3000;11365409907;S
20241031;100549;0.6464;150000;11365411404;B
20241031;100549;0.6469;80000;11365411405;B
20241031;100549;0.6472;80000;11365411406;B
20241031;100549;0.6478;1000;11365411407;B
20241031;100549;0.6478;154000;11365411408;B
20241031;100549;0.6478;35000;11365411409;B
20241031;100551;0.6458;30000;11365411753;S
20241031;100551;0.6457;5000;11365411754;S
20241031;100551;0.6454;49000;11365411755;S
20241031;100551;0.6454;16000;11365411756;S
20241031;100551;0.6468;5000;11365411819;B
20241031;100551;0.6469;4000;11365411876;B
20241031;100552;0.6456;5000;11365412042;B
20241031;100557;0.6456;150000;11365413398;B
20241031;100557;0.6451;1000;11365413401;S
20241031;100600;0.6456;1000;11365413983;B
20241031;100602;0.6456;1000;11365414465;B
20241031;100603;0.6456;21000;11365414587;B
20241031;100603;0.6456;1000;11365414588;B
20241031;100603;0.6458;67000;11365414589;B
20241031;100603;0.6459;11000;11365414590;B
20241031;100614;0.645;1000;11365416522;S
20241031;100614;0.645;4000;11365416523;S
20241031;100616;0.6455;78000;11365416828;B
20241031;100616;0.6455;21000;11365416829;B
20241031;100616;0.6455;12000;11365416830;B
20241031;100616;0.6456;12000;11365416831;B
20241031;100616;0.6459;58000;11365416832;B
20241031;100616;0.6459;219000;11365416833;B
20241031;100616;0.6457;8000;11365416904;B
20241031;100616;0.6458;267000;11365416905;B
20241031;100616;0.6462;12000;11365417013;S
20241031;100616;0.6462;109000;11365417014;S
20241031;100616;0.6462;4000;11365417015;S
20241031;100621;0.6455;2000;11365417960;S
20241031;100621;0.6453;232000;11365417961;S
20241031;100621;0.6452;23000;11365417962;S
20241031;100621;0.6452;102000;11365417963;S
20241031;100621;0.6451;4000;11365417964;S
20241031;100621;0.645;5000;11365417965;S
20241031;100621;0.645;2000;11365417966;S
20241031;100621;0.645;1000;11365417967;S
20241031;100621;0.645;129000;11365417968;S
20241031;100624;0.6456;100000;11365418581;B
20241031;100632;0.645;21000;11365419894;S
20241031;100632;0.645;5000;11365419895;S
20241031;100632;0.645;4000;11365419896;S
20241031;100632;0.6449;38000;11365419897;S
20241031;100632;0.6449;1000;11365419898;S
20241031;100632;0.6448;15000;11365419899;S
20241031;100632;0.6447;50000;11365419900;S
20241031;100632;0.6447;1000;11365419901;S
20241031;100632;0.6445;1000;11365419902;S
20241031;100632;0.6445;1000;11365419903;S
20241031;100632;0.6445;57000;11365419904;S
20241031;100632;0.6445;51000;11365419905;S
20241031;100632;0.6444;255000;11365419906;S
20241031;100633;0.6445;26000;11365419964;S
20241031;100633;0.6444;124000;11365419965;S
20241031;100638;0.6444;9000;11365420756;S
20241031;100638;0.6444;21000;11365420757;S
20241031;100638;0.6444;2000;11365420758;S
20241031;100638;0.6444;1000;11365420759;S
20241031;100638;0.6444;100000;11365420760;S
20241031;100638;0.6443;400000;11365420761;S
20241031;100638;0.6442;10000;11365420762;S
20241031;100638;0.644;30000;11365420763;S
20241031;100638;0.644;500000;11365420764;S
20241031;100638;0.644;10000;11365420765;S
20241031;100638;0.644;10000;11365420766;S
20241031;100638;0.644;6000;11365420767;S
20241031;100638;0.644;2000;11365420768;S
20241031;100638;0.644;1000;11365420769;S
20241031;100638;0.6439;8000;11365420770;S
20241031;100638;0.6439;2000;11365420771;S
20241031;100638;0.6438;15000;11365420772;S
20241031;100638;0.6438;72000;11365420773;S
20241031;100638;0.6437;5000;11365420774;S
20241031;100638;0.6434;80000;11365420775;S
20241031;100638;0.6434;13000;11365420776;S
20241031;100638;0.6433;100000;11365420777;S
20241031;100638;0.6433;5000;11365420778;S
20241031;100638;0.6432;70000;11365420779;S
20241031;100638;0.6432;154000;11365420780;S
20241031;100638;0.6431;7000;11365420781;S
20241031;100638;0.6431;1000;11365420782;S
20241031;100638;0.6431;7000;11365420783;S
20241031;100638;0.6431;23000;11365420784;S
20241031;100638;0.6431;10000;11365420785;S
20241031;100638;0.6431;4000;11365420786;S
20241031;100638;0.6431;80000;11365420787;S
20241031;100638;0.643;1000;11365420788;S
20241031;100638;0.643;2000;11365420789;S
20241031;100638;0.643;1000000;11365420790;S
20241031;100638;0.643;10000;11365420791;S
20241031;100638;0.643;2000;11365420792;S
20241031;100638;0.643;5000;11365420793;S
20241031;100638;0.643;2000;11365420794;S
20241031;100638;0.6426;10000;11365420795;S
20241031;100638;0.6423;80000;11365420796;S
20241031;100638;0.6422;25000;11365420797;S
20241031;100638;0.6422;54000;11365420798;S
20241031;100638;0.6424;2000;11365420879;S
20241031;100639;0.6427;40000;11365421070;S
20241031;100639;0.6428;5000;11365421071;S
20241031;100639;0.6425;154000;11365421072;S
20241031;100639;0.6424;600000;11365421073;S
20241031;100639;0.6423;41000;11365421074;S
20241031;100644;0.6431;33000;11365421982;B
20241031;100645;0.6425;3000;11365422209;S
20241031;100651;0.643;5000;11365423215;B
20241031;100659;0.6429;14000;11365424417;B
20241031;100708;0.6423;1000;11365425891;S
20241031;100709;0.6423;1000;11365426014;S
20241031;100709;0.6422;563000;11365426015;S
20241031;100709;0.642;1000;11365426080;S
20241031;100709;0.642;1000;11365426081;S
20241031;100709;0.642;10000;11365426082;S
20241031;100709;0.642;50000;11365426083;S
20241031;100709;0.642;2000;11365426084;S
20241031;100709;0.6419;2000;11365426086;S
20241031;100709;0.6421;2000;11365426128;B
20241031;100710;0.642;2000;11365426250;S
20241031;100710;0.6422;30000;11365426306;B
20241031;100711;0.6421;15000;11365426364;B
20241031;100712;0.6422;20000;11365426559;B
20241031;100713;0.6416;1000;11365426677;S
20241031;100713;0.6415;1000;11365426781;S
20241031;100713;0.6411;8000;11365426782;S
20241031;100713;0.641;10000;11365426783;S
20241031;100713;0.641;1000;11365426784;S
20241031;100713;0.6408;3000;11365426785;S
20241031;100713;0.6408;2000;11365426786;S
20241031;100713;0.6408;77000;11365426787;S
20241031;100713;0.6407;20000;11365426788;S
20241031;100713;0.6407;9000;11365426789;S
20241031;100713;0.6406;1000;11365426790;S
20241031;100713;0.6406;14000;11365426791;S
20241031;100713;0.6405;60000;11365426792;S
20241031;100713;0.6404;2000;11365426793;S
20241031;100713;0.6402;20000;11365426794;S
20241031;100713;0.6402;154000;11365426795;S
20241031;100713;0.6401;1000;11365426796;S
20241031;100713;0.6401;1000;11365426797;S
20241031;100713;0.6401;1000;11365426798;S
20241031;100713;0.6401;12000;11365426799;S
20241031;100713;0.6401;1000;11365426800;S
20241031;100713;0.6401;1000;11365426801;S
20241031;100713;0.6401;1000;11365426802;S
20241031;100713;0.6401;1000;11365426803;S
20241031;100713;0.6401;1000;11365426804;S
20241031;100713;0.6401;30000;11365426805;S
20241031;100713;0.64;1000;11365426806;S
20241031;100713;0.64;5000;11365426807;S
20241031;100713;0.64;1000;11365426808;S
20241031;100713;0.64;70000;11365426809;S
20241031;100713;0.64;10000;11365426810;S
20241031;100713;0.64;2000;11365426811;S
20241031;100713;0.64;2000;11365426812;S
20241031;100713;0.64;5000;11365426813;S
20241031;100713;0.64;1000;11365426814;S
20241031;100713;0.64;5000;11365426815;S
20241031;100713;0.64;1000;11365426816;S
20241031;100713;0.64;5000;11365426817;S
20241031;100713;0.64;10000;11365426818;S
20241031;100713;0.64;1000;11365426819;S
20241031;100713;0.64;1000;11365426820;S
20241031;100713;0.64;1000;11365426821;S
20241031;100713;0.64;1000;11365426822;S
20241031;100713;0.64;5000;11365426823;S
20241031;100713;0.64;1000;11365426824;S
20241031;100713;0.64;10000;11365426825;S
20241031;100713;0.64;50000;11365426826;S
20241031;100713;0.64;5000;11365426827;S
20241031;100713;0.64;20000;11365426828;S
20241031;100713;0.64;15000;11365426829;S
20241031;100713;0.64;70000;11365426830;S
20241031;100713;0.6401;1000;11365426832;S
20241031;100714;0.6401;3000;11365426894;S
20241031;100714;0.6413;3000;11365426896;B
20241031;100714;0.6401;5000;11365426899;S
20241031;100714;0.6402;2000;11365426946;S
20241031;100714;0.641;2000;11365426947;B
20241031;100714;0.6402;20000;11365426975;S
20241031;100714;0.6402;18000;11365426980;S
20241031;100714;0.6409;2000;11365426991;B
20241031;100714;0.6402;10000;11365426993;S
20241031;100714;0.6401;2000;11365426994;S
20241031;100714;0.64;30000;11365426995;S
20241031;100714;0.64;13000;11365426996;S
20241031;100714;0.64;16000;11365427005;S
20241031;100714;0.64;90000;11365427006;S
20241031;100715;0.6407;50000;11365427083;B
20241031;100715;0.6408;1000;11365427084;B
20241031;100715;0.64;3000;11365427089;S
20241031;100715;0.64;3000;11365427095;S
20241031;100715;0.6401;4000;11365427103;S
20241031;100715;0.64;490000;11365427104;S
20241031;100715;0.64;11000;11365427105;S
20241031;100715;0.64;10000;11365427106;S
20241031;100715;0.64;1000;11365427107;S
20241031;100715;0.64;1000;11365427108;S
20241031;100715;0.64;200000;11365427109;S
20241031;100715;0.64;2000;11365427110;S
20241031;100715;0.64;3000;11365427131;B
20241031;100715;0.6396;5000;11365427138;S
20241031;100715;0.6396;95000;11365427139;B
20241031;100715;0.64;10000;11365427160;B
20241031;100716;0.6395;1000;11365427251;S
20241031;100716;0.6395;8000;11365427252;S
20241031;100716;0.6395;2000;11365427253;S
20241031;100716;0.6393;2000;11365427254;S
20241031;100716;0.6392;1000;11365427255;S
20241031;100716;0.6392;86000;11365427256;S
20241031;100716;0.6392;14000;11365427283;S
20241031;100716;0.6392;1000;11365427284;S
20241031;100716;0.6391;465000;11365427285;S
20241031;100716;0.6391;29000;11365427286;S
20241031;100716;0.639;1000;11365427287;S
20241031;100716;0.639;1000;11365427288;S
20241031;100716;0.639;330000;11365427289;S
20241031;100716;0.639;1000;11365427290;S
20241031;100716;0.639;10000;11365427291;S
20241031;100716;0.639;29000;11365427292;S
20241031;100716;0.6385;1000;11365427293;S
20241031;100716;0.6385;1000;11365427294;S
20241031;100716;0.6385;1000;11365427295;S
20241031;100716;0.6385;2000;11365427296;S
20241031;100716;0.6382;80000;11365427297;S
20241031;100716;0.6381;1000;11365427298;S
20241031;100716;0.638;1000;11365427299;S
20241031;100716;0.638;32000;11365427300;S
20241031;100716;0.639;12000;11365427347;B
20241031;100717;0.6389;2000;11365427391;B
20241031;100717;0.6389;1000;11365427417;S
20241031;100717;0.6389;2000;11365427430;B
20241031;100717;0.639;18000;11365427431;B
20241031;100717;0.639;80000;11365427432;B
20241031;100717;0.638;1000;11365427442;S
20241031;100718;0.6381;6000;11365427642;S
20241031;100719;0.6385;1000;11365427844;B
20241031;100719;0.6382;10000;11365427887;S
20241031;100720;0.6395;20000;11365427947;B
20241031;100721;0.6396;170000;11365428199;B
20241031;100722;0.6396;62000;11365428330;B
20241031;100722;0.6397;30000;11365428331;B
20241031;100722;0.6398;80000;11365428332;B
20241031;100722;0.64;28000;11365428333;B
20241031;100722;0.6384;10000;11365428406;S
20241031;100722;0.6383;5000;11365428407;S
20241031;100722;0.6383;5000;11365428408;S
20241031;100722;0.6383;30000;11365428409;S
20241031;100722;0.6383;24000;11365428410;S
20241031;100722;0.6382;20000;11365428411;S
20241031;100722;0.6381;5000;11365428412;S
20241031;100722;0.638;17000;11365428413;S
20241031;100722;0.638;11000;11365428414;S
20241031;100722;0.638;22000;11365428415;S
20241031;100722;0.638;10000;11365428416;S
20241031;100722;0.6378;3000;11365428417;S
20241031;100722;0.6377;4000;11365428418;S
20241031;100722;0.6375;9000;11365428419;S
20241031;100723;0.6387;5000;11365428483;S
20241031;100723;0.6378;2000;11365428484;S
20241031;100723;0.6377;91000;11365428485;S
20241031;100723;0.6387;2000;11365428571;S
20241031;100723;0.6378;2000;11365428572;S
20241031;100723;0.6377;3000;11365428573;S
20241031;100723;0.6377;1000;11365428574;S
20241031;100727;0.639;2000;11365429230;B
20241031;100727;0.6392;8000;11365429231;B
20241031;100728;0.6381;16000;11365429348;S
20241031;100728;0.6392;2000;11365429439;B
20241031;100728;0.6393;10000;11365429440;B
20241031;100728;0.6394;10000;11365429441;B
20241031;100728;0.6394;28000;11365429442;B
20241031;100733;0.6386;1000;11365430593;S
20241031;100733;0.6385;2000;11365430594;S
20241031;100733;0.6384;22000;11365430595;S
20241031;100736;0.6385;20000;11365431013;S
20241031;100736;0.6383;20000;11365431014;S
20241031;100736;0.6383;10000;11365431015;S
20241031;100736;0.6382;6000;11365431016;S
20241031;100736;0.6381;2000;11365431017;S
20241031;100736;0.6381;154000;11365431018;S
20241031;100736;0.6381;125000;11365431019;S
20241031;100736;0.638;500000;11365431020;S
20241031;100736;0.6378;100000;11365431021;S
20241031;100736;0.6376;63000;11365431022;S
20241031;100739;0.6386;1000;11365431539;B
20241031;100739;0.6386;1000;11365431577;B
20241031;100740;0.6385;10000;11365431718;B
20241031;100740;0.6385;2000;11365431719;B
20241031;100745;0.6384;157000;11365432540;S
20241031;100745;0.6388;2000;11365432569;B
20241031;100745;0.639;10000;11365432570;B
20241031;100745;0.639;228000;11365432571;B
20241031;100745;0.6391;80000;11365432572;B
20241031;100752;0.6393;1000;11365433920;B
20241031;100752;0.6394;10000;11365433921;B
20241031;100752;0.6394;5000;11365433922;B
20241031;100752;0.6394;30000;11365433923;B
20241031;100752;0.6395;4000;11365433924;B
20241031;100754;0.6391;30000;11365434252;S
20241031;100754;0.6395;20000;11365434264;B
20241031;100755;0.6395;50000;11365434502;B
20241031;100756;0.6395;50000;11365434664;B
20241031;100756;0.6395;36000;11365434691;B
20241031;100756;0.64;192000;11365434692;B
20241031;100756;0.64;60000;11365434693;B
20241031;100756;0.6404;2000;11365434694;B
20241031;100756;0.6406;20000;11365434695;B
20241031;100756;0.6407;10000;11365434696;B
20241031;100759;0.6395;63000;11365435226;S
20241031;100801;0.6409;3000;11365435634;B
20241031;100801;0.6408;30000;11365435681;B
20241031;100801;0.6409;27000;11365435682;B
20241031;100801;0.6409;3000;11365435683;B
20241031;100802;0.641;10000;11365435889;B
20241031;100805;0.6405;1000;11365436439;S
20241031;100805;0.6405;1000;11365436440;S
20241031;100805;0.6401;35000;11365436441;S
20241031;100805;0.6399;1000;11365436442;S
20241031;100805;0.6398;1000;11365436443;S
20241031;100805;0.6397;15000;11365436444;S
20241031;100805;0.6396;10000;11365436445;S
20241031;100805;0.6396;92000;11365436446;S
20241031;100810;0.6407;3000;11365437755;B
20241031;100810;0.6407;3000;11365437803;B
20241031;100813;0.6399;80000;11365438739;S
20241031;100813;0.6398;2000;11365438740;S
20241031;100813;0.6397;35000;11365438741;S
20241031;100813;0.6397;1000;11365438773;B
20241031;100816;0.6397;32000;11365439306;B
20241031;100816;0.6407;4000;11365439307;B
20241031;100816;0.6407;35000;11365439308;B
20241031;100816;0.6409;92000;11365439309;B
20241031;100816;0.641;37000;11365439310;B
20241031;100818;0.6408;1000;11365439788;B
20241031;100818;0.641;8000;11365439789;B
20241031;100818;0.6396;1000;11365439876;S
20241031;100818;0.6396;155000;11365439877;S
20241031;100818;0.6395;1000;11365439920;S
20241031;100821;0.6409;1000;11365440642;B
20241031;100821;0.6409;14000;11365440643;B
20241031;100821;0.641;2000;11365440644;B
20241031;100821;0.641;224000;11365440645;B
20241031;100821;0.6411;79000;11365440646;B
20241031;100823;0.6401;1000;11365440912;S
20241031;100823;0.64;2000;11365440913;S
20241031;100823;0.6398;77000;11365440914;S
20241031;100823;0.6398;90000;11365440915;S
20241031;100826;0.6407;360000;11365441737;S
20241031;100826;0.6409;1000;11365441936;B
20241031;100833;0.64;2000;11365443294;S
20241031;100833;0.64;30000;11365443295;S
20241031;100833;0.64;200000;11365443296;S
20241031;100833;0.64;30000;11365443393;B
20241031;100833;0.6398;1000;11365443398;S
20241031;100833;0.6398;1000;11365443399;S
20241031;100833;0.6397;30000;11365443400;S
20241031;100833;0.6395;1000;11365443401;S
20241031;100833;0.6395;10000;11365443402;S
20241031;100833;0.6395;1000;11365443403;S
20241031;100833;0.6395;2000;11365443404;S
20241031;100833;0.6394;10000;11365443405;S
20241031;100833;0.6394;2000;11365443406;S
20241031;100833;0.6392;5000;11365443407;S
20241031;100833;0.6392;154000;11365443408;S
20241031;100833;0.6391;283000;11365443409;S
20241031;100833;0.6397;1000;11365443425;B
20241031;100834;0.6395;2000;11365443476;S
20241031;100835;0.6397;100000;11365443762;B
20241031;100837;0.6395;3000;11365444083;S
20241031;100837;0.6397;1000;11365444089;B
20241031;100837;0.6392;1000;11365444096;S
20241031;100840;0.6392;1000;11365444556;S
20241031;100840;0.6391;30000;11365444557;S
20241031;100841;0.6395;10000;11365444607;B
20241031;100845;0.6391;100000;11365445241;S
20241031;100846;0.6395;1000;11365445462;B
20241031;100846;0.6396;99000;11365445463;B
20241031;100847;0.6391;18000;11365445702;S
20241031;100847;0.6391;39000;11365445736;S
20241031;100847;0.639;20000;11365445737;S
20241031;100847;0.639;3000;11365445738;S
20241031;100847;0.639;2000;11365445739;S
20241031;100847;0.6385;100000;11365445740;S
20241031;100847;0.6385;2000;11365445741;S
20241031;100847;0.6385;100000;11365445742;S
20241031;100847;0.6385;55000;11365445743;S
20241031;100847;0.6385;10000;11365445744;S
20241031;100847;0.6384;193000;11365445745;S
20241031;100847;0.6383;10000;11365445746;S
20241031;100847;0.638;5000;11365445747;S
20241031;100847;0.638;1000;11365445748;S
20241031;100847;0.6379;10000;11365445749;S
20241031;100847;0.6378;99000;11365445750;S
20241031;100847;0.6377;20000;11365445751;S
20241031;100847;0.6377;2000;11365445752;S
20241031;100847;0.6377;1000;11365445753;S
20241031;100847;0.6376;1000;11365445754;S
20241031;100847;0.6376;405000;11365445755;S
20241031;100847;0.6375;1000;11365445756;S
20241031;100847;0.6375;1000;11365445757;S
20241031;100847;0.6375;1000;11365445758;S
20241031;100847;0.6375;100000;11365445759;S
20241031;100847;0.6374;32000;11365445760;S
20241031;100847;0.6373;80000;11365445761;S
20241031;100847;0.6372;3000;11365445762;S
20241031;100847;0.6372;1000;11365445763;S
20241031;100847;0.637;10000;11365445764;S
20241031;100847;0.6366;10000;11365445765;S
20241031;100847;0.6365;5000;11365445766;S
20241031;100847;0.6365;80000;11365445767;S
20241031;100847;0.6364;5000;11365445768;S
20241031;100847;0.6361;10000;11365445769;S
20241031;100847;0.6361;232000;11365445770;S
20241031;100847;0.6361;154000;11365445771;S
20241031;100847;0.636;5000;11365445772;S
20241031;100847;0.636;50000;11365445773;S
20241031;100847;0.636;10000;11365445774;S
20241031;100847;0.636;5000;11365445775;S
20241031;100847;0.636;127000;11365445776;S
20241031;100848;0.6361;154000;11365445832;S
20241031;100848;0.636;123000;11365445833;S
20241031;100848;0.6358;2000;11365445834;S
20241031;100848;0.6357;1000;11365445835;S
20241031;100848;0.6357;150000;11365445836;S
20241031;100848;0.6357;150000;11365445837;S
20241031;100848;0.6357;80000;11365445838;S
20241031;100848;0.6356;1000;11365445839;S
20241031;100848;0.6356;20000;11365445840;S
20241031;100848;0.6356;20000;11365445841;S
20241031;100848;0.6356;25000;11365445842;S
20241031;100848;0.6356;1000;11365445843;S
20241031;100848;0.6354;10000;11365445844;S
20241031;100848;0.6354;100000;11365445845;S
20241031;100848;0.6352;2000;11365445846;S
20241031;100848;0.6352;50000;11365445847;S
20241031;100848;0.6352;50000;11365445848;S
20241031;100848;0.6352;50000;11365445849;S
20241031;100848;0.6351;1000;11365445850;S
20241031;100848;0.6351;10000;11365445851;S
20241031;100848;0.6381;10000;11365445886;S
20241031;100848;0.6382;1000;11365445893;B
20241031;100848;0.6381;200000;11365445894;B
20241031;100848;0.6379;4000;11365445897;B
20241031;100848;0.6377;2000;11365445904;B
20241031;100848;0.6367;1000;11365445919;S
20241031;100848;0.6362;5000;11365445920;S
20241031;100848;0.6362;24000;11365445921;S
20241031;100848;0.6377;2000;11365445924;B
20241031;100849;0.6365;1000;11365446016;S
20241031;100849;0.6375;10000;11365446078;B
20241031;100849;0.6378;30000;11365446079;B
20241031;100849;0.6379;160000;11365446080;B
20241031;100850;0.6372;29000;11365446298;S
20241031;100850;0.6371;50000;11365446299;S
20241031;100850;0.637;9000;11365446300;S
20241031;100850;0.637;50000;11365446301;S
20241031;100850;0.6366;18000;11365446302;S
20241031;100850;0.6377;88000;11365446337;B
20241031;100850;0.6378;30000;11365446338;B
20241031;100850;0.6378;150000;11365446339;B
20241031;100850;0.6382;80000;11365446340;B
20241031;100850;0.6385;52000;11365446341;B
20241031;100850;0.6381;10000;11365446375;B
20241031;100850;0.6385;28000;11365446376;B
20241031;100850;0.6386;232000;11365446377;B
20241031;100850;0.6387;150000;11365446378;B
20241031;100850;0.6388;150000;11365446379;B
20241031;100850;0.6392;246000;11365446380;S
20241031;100850;0.6392;150000;11365446386;S
20241031;100853;0.6396;1000;11365447025;B
20241031;100853;0.6392;1000;11365447054;S
20241031;100855;0.6395;2000;11365447472;B
20241031;100855;0.6392;2000;11365447615;S
20241031;100858;0.6394;1000;11365448451;B
20241031;100900;0.6393;1000;11365448850;B
20241031;100901;0.6393;1000;11365448900;B
20241031;100903;0.6393;2000;11365449160;B
20241031;100903;0.6392;1000;11365449180;S
20241031;100905;0.6393;10000;11365449959;B
20241031;100905;0.6392;30000;11365450045;S
20241031;100905;0.6392;1000;11365450046;S
20241031;100905;0.6392;2000;11365450047;S
20241031;100905;0.6391;22000;11365450048;S
20241031;100905;0.639;22000;11365450049;S
20241031;100905;0.6387;35000;11365450050;S
20241031;100905;0.638;5000;11365450051;S
20241031;100905;0.638;1000;11365450052;S
20241031;100905;0.638;2000;11365450053;S
20241031;100905;0.6376;36000;11365450054;S
20241031;100911;0.6378;2000;11365451235;S
20241031;100913;0.6379;35000;11365451848;S
20241031;100913;0.6378;30000;11365451849;S
20241031;100913;0.6373;75000;11365451850;S
20241031;100914;0.6385;1000;11365452186;B
20241031;100921;0.6379;1000;11365453552;S
20241031;100921;0.6379;133000;11365453553;S
20241031;100921;0.6379;22000;11365453554;S
20241031;100922;0.6377;1000;11365453875;S
20241031;100922;0.6385;2000;11365453930;B
20241031;100923;0.6385;10000;11365454116;B
20241031;100925;0.6385;3000;11365454502;B
20241031;100928;0.6383;14000;11365455311;B
20241031;100932;0.6383;10000;11365455946;B
20241031;100932;0.6383;1000;11365456096;B
20241031;100933;0.638;1000;11365456264;S
20241031;100933;0.638;35000;11365456265;S
20241031;100933;0.6377;4000;11365456266;S
20241031;100935;0.6383;7000;11365456832;B
20241031;100940;0.6383;13000;11365457575;B
20241031;100940;0.6385;2000;11365457576;B
20241031;100941;0.638;1000;11365457830;S
20241031;100941;0.638;35000;11365457831;S
20241031;100941;0.638;12000;11365457832;S
20241031;100941;0.6379;11000;11365457833;S
20241031;100941;0.6378;121000;11365457834;S
20241031;100941;0.6377;4000;11365457835;S
20241031;100941;0.6377;88000;11365457836;S
20241031;100941;0.6376;3000;11365457837;S
20241031;100941;0.6376;1000;11365457838;S
20241031;100941;0.6375;1000;11365457839;S
20241031;100941;0.6375;103000;11365457840;S
20241031;100941;0.6375;75000;11365457841;S
20241031;100941;0.6372;150000;11365457842;S
20241031;100941;0.6371;232000;11365457843;S
20241031;100941;0.637;3000;11365457844;S
20241031;100941;0.637;1000;11365457845;S
20241031;100941;0.637;80000;11365457846;S
20241031;100941;0.637;2000;11365457847;S
20241031;100941;0.637;677000;11365457848;S
20241031;100942;0.6383;10000;11365458181;B
20241031;100947;0.6383;20000;11365458910;B
20241031;100947;0.6384;232000;11365458911;B
20241031;100947;0.6384;72000;11365458912;S
20241031;100949;0.6385;10000;11365459457;B
20241031;100954;0.6385;10000;11365460569;B
20241031;100955;0.6385;2000;11365460776;B
20241031;100956;0.6384;50000;11365461048;S
20241031;100957;0.6384;20000;11365461197;S
20241031;100957;0.6385;10000;11365461198;B
20241031;100957;0.6385;15000;11365461199;B
20241031;100957;0.6385;51000;11365461200;B
20241031;100958;0.6386;30000;11365461457;B
20241031;100958;0.6389;10000;11365461458;B
20241031;100958;0.6391;150000;11365461459;B
20241031;100958;0.6391;70000;11365461460;B
20241031;100958;0.6392;75000;11365461461;B
20241031;100958;0.6392;165000;11365461462;B
20241031;100959;0.6392;100000;11365461845;B
20241031;101000;0.6392;100000;11365461878;B
20241031;101000;0.6386;1000;11365462059;S
20241031;101002;0.6392;1000;11365462346;B
20241031;101002;0.6392;1000;11365462440;B
20241031;101005;0.6392;2000;11365462931;B
20241031;101007;0.6391;1000;11365463347;B
20241031;101007;0.6391;1000;11365463392;B
20241031;101008;0.639;10000;11365463517;S
20241031;101008;0.639;1000;11365463518;S
20241031;101008;0.6387;18000;11365463519;S
20241031;101008;0.6392;1000;11365463565;B
20241031;101010;0.639;1000;11365463765;B
20241031;101010;0.639;4000;11365463825;B
20241031;101010;0.6391;18000;11365463826;B
20241031;101010;0.6391;35000;11365463827;B
20241031;101010;0.6392;252000;11365463828;B
20241031;101010;0.6392;178000;11365463881;B
20241031;101010;0.6393;5000;11365463887;B
20241031;101011;0.6396;1000;11365464074;B
20241031;101011;0.6396;3000;11365464075;B
20241031;101011;0.6396;10000;11365464076;B
20241031;101011;0.6396;3000;11365464077;B
20241031;101011;0.6398;50000;11365464078;B
20241031;101011;0.6398;100000;11365464079;B
20241031;101011;0.6398;10000;11365464080;B
20241031;101011;0.6398;35000;11365464081;B
20241031;101011;0.6399;10000;11365464082;B
20241031;101011;0.64;1018000;11365464083;B
20241031;101011;0.64;757000;11365464084;B
20241031;101011;0.6404;258000;11365464085;B
20241031;101011;0.6404;202000;11365464086;B
20241031;101011;0.6404;140000;11365464087;B
20241031;101011;0.6403;154000;11365464099;S
20241031;101011;0.6403;28000;11365464100;B
20241031;101011;0.6408;3000;11365464125;B
20241031;101011;0.6421;3000;11365464126;B
20241031;101011;0.6421;1000;11365464127;B
20241031;101011;0.6421;14000;11365464128;B
20241031;101011;0.6422;30000;11365464167;B
20241031;101011;0.6422;35000;11365464168;B
20241031;101011;0.6422;5000;11365464169;B
20241031;101012;0.6419;2000;11365464217;B
20241031;101012;0.6418;21000;11365464241;B
20241031;101013;0.641;1000;11365464435;S
20241031;101013;0.6409;35000;11365464436;S
20241031;101013;0.6409;14000;11365464437;S
20241031;101013;0.6416;5000;11365464464;B
20241031;101013;0.6417;35000;11365464465;B
20241031;101013;0.6418;16000;11365464466;B
20241031;101013;0.6419;78000;11365464467;B
20241031;101013;0.6424;244000;11365464468;B
20241031;101013;0.6425;22000;11365464469;B
20241031;101014;0.6424;11000;11365464516;B
20241031;101014;0.6424;1000;11365464537;B
20241031;101018;0.6423;1000;11365465103;B
20241031;101018;0.6423;35000;11365465104;B
20241031;101018;0.6424;14000;11365465105;B
20241031;101019;0.6413;30000;11365465241;S
20241031;101022;0.6417;44000;11365465657;S
20241031;101023;0.6416;17000;11365466109;S
20241031;101024;0.6416;23000;11365466235;S
20241031;101024;0.6414;33000;11365466236;S
20241031;101024;0.6413;35000;11365466237;S
20241031;101024;0.6411;14000;11365466238;S
20241031;101024;0.641;10000;11365466239;S
20241031;101024;0.6409;154000;11365466240;S
20241031;101024;0.6409;61000;11365466241;S
20241031;101026;0.642;5000;11365466471;B
20241031;101026;0.642;5000;11365466472;B
20241031;101028;0.6417;5000;11365466839;B
20241031;101028;0.6418;40000;11365466840;B
20241031;101029;0.6418;100000;11365467280;B
20241031;101029;0.6418;10000;11365467387;B
20241031;101030;0.6424;26000;11365467413;B
20241031;101030;0.6418;3000;11365467538;B
20241031;101034;0.6421;2000;11365468276;S
20241031;101036;0.6423;5000;11365468677;S
20241031;101036;0.6423;5000;11365468678;S
20241031;101036;0.6422;20000;11365468679;S
20241031;101036;0.6419;64000;11365468680;S
20241031;101036;0.6419;35000;11365468681;S
20241031;101036;0.6416;28000;11365468682;S
20241031;101038;0.6417;4000;11365468997;S
20241031;101041;0.6424;3000;11365469535;B
20241031;101044;0.6417;10000;11365470186;S
20241031;101050;0.6419;1000;11365471295;B
20241031;101053;0.6419;4000;11365471758;B
20241031;101053;0.642;8000;11365471759;B
20241031;101053;0.642;18000;11365471760;B
20241031;101056;0.642;69000;11365472228;B
20241031;101056;0.6421;2000;11365472229;B
20241031;101056;0.6423;129000;11365472230;B
20241031;101056;0.6422;2000;11365472281;B
20241031;101057;0.6419;10000;11365472606;S
20241031;101057;0.6418;1000;11365472607;S
20241031;101102;0.6423;100000;11365473335;B
20241031;101103;0.642;15000;11365473588;S
20241031;101103;0.6419;18000;11365473589;S
20241031;101103;0.6418;51000;11365473590;S
20241031;101103;0.6418;16000;11365473591;S
20241031;101105;0.6422;35000;11365474215;B
20241031;101105;0.6422;15000;11365474216;B
20241031;101107;0.6417;6000;11365474748;S
20241031;101110;0.6419;7000;11365475527;B
20241031;101110;0.642;13000;11365475528;B
20241031;101114;0.6414;1000;11365476321;S
20241031;101114;0.6414;4000;11365476322;S
20241031;101115;0.6414;6000;11365476503;S
20241031;101115;0.6413;8000;11365476504;S
20241031;101115;0.6413;30000;11365476505;S
20241031;101115;0.6412;6000;11365476506;S
20241031;101116;0.6412;24000;11365476555;S
20241031;101116;0.641;5000;11365476556;S
20241031;101116;0.641;35000;11365476557;S
20241031;101116;0.641;1000;11365476558;S
20241031;101116;0.6409;5000;11365476559;S
20241031;101116;0.6409;44000;11365476560;S
20241031;101116;0.6408;86000;11365476561;S
20241031;101116;0.6418;15000;11365476675;S
20241031;101117;0.6417;1000;11365476857;B
20241031;101117;0.6417;1000;11365476858;B
20241031;101119;0.6411;1000;11365477216;S
20241031;101119;0.6411;5000;11365477217;S
20241031;101119;0.641;15000;11365477218;S
20241031;101127;0.6409;8000;11365478131;B
20241031;101127;0.6409;20000;11365478150;B
20241031;101128;0.6409;1000;11365478248;B
20241031;101128;0.6405;5000;11365478320;S
20241031;101128;0.6404;12000;11365478321;S
20241031;101129;0.6404;4000;11365478389;S
20241031;101130;0.6408;1000;11365478542;B
20241031;101130;0.6408;5000;11365478543;B
20241031;101130;0.6408;145000;11365478544;B
20241031;101130;0.6409;100000;11365478545;B
20241031;101130;0.641;49000;11365478546;B
20241031;101131;0.641;15000;11365478754;B
20241031;101133;0.641;300000;11365479063;B
20241031;101133;0.6405;1000;11365479071;S
20241031;101133;0.641;100000;11365479149;B
20241031;101133;0.641;400000;11365479150;B
20241031;101133;0.641;103000;11365479151;B
20241031;101133;0.641;110000;11365479152;B
20241031;101133;0.641;34000;11365479153;B
20241031;101133;0.641;67000;11365479154;B
20241031;101133;0.641;400000;11365479200;B
20241031;101134;0.641;22000;11365479217;B
20241031;101134;0.6417;5000;11365479283;B
20241031;101136;0.6418;100000;11365479578;S
20241031;101138;0.6418;145000;11365479905;S
20241031;101138;0.6415;35000;11365479906;S
20241031;101138;0.6414;78000;11365479907;S
20241031;101138;0.641;14000;11365479908;S
20241031;101138;0.6409;232000;11365479909;S
20241031;101138;0.6409;154000;11365479910;S
20241031;101138;0.6408;150000;11365479911;S
20241031;101138;0.6406;100000;11365479912;S
20241031;101138;0.6404;85000;11365479913;S
20241031;101138;0.6404;600000;11365479914;S
20241031;101138;0.6403;10000;11365479915;S
20241031;101138;0.6403;10000;11365479916;S
20241031;101138;0.6403;80000;11365479917;S
20241031;101138;0.6403;10000;11365479918;S
20241031;101138;0.6402;2000;11365479919;S
20241031;101138;0.6402;10000;11365479920;S
20241031;101138;0.6402;10000;11365479921;S
20241031;101138;0.6402;1000;11365479922;S
20241031;101138;0.6402;5000;11365479923;S
20241031;101138;0.6401;50000;11365479924;S
20241031;101138;0.6401;2000;11365479925;S
20241031;101138;0.6401;10000;11365479926;S
20241031;101138;0.6401;10000;11365479927;S
20241031;101138;0.6401;2000;11365479928;S
20241031;101138;0.6401;170000;11365479929;S
20241031;101138;0.6401;70000;11365479930;S
20241031;101138;0.6401;10000;11365479931;S
20241031;101138;0.6401;5000;11365479932;S
20241031;101138;0.64;940000;11365479933;S
20241031;101139;0.6401;3000;11365480126;S
20241031;101145;0.6407;5000;11365481049;B
20241031;101147;0.6407;5000;11365481316;B
20241031;101148;0.6409;30000;11365481468;B
20241031;101148;0.6411;122000;11365481469;B
20241031;101153;0.6411;10000;11365482472;B
20241031;101153;0.6413;30000;11365482473;B
20241031;101153;0.6414;10000;11365482474;B
20241031;101153;0.6414;200000;11365482475;B
20241031;101155;0.6404;30000;11365482740;S
20241031;101155;0.6404;10000;11365482741;S
20241031;101156;0.6413;10000;11365482936;B
20241031;101156;0.6413;2000;11365482937;B
20241031;101156;0.6414;99000;11365482938;B
20241031;101159;0.6414;1000;11365483336;B
20241031;101200;0.6414;1000;11365483405;B
20241031;101200;0.6414;1000;11365483419;B
20241031;101205;0.6411;10000;11365484546;B
20241031;101205;0.6412;7000;11365484547;B
20241031;101205;0.6412;5000;11365484548;B
20241031;101205;0.6412;70000;11365484549;B
20241031;101205;0.6412;16000;11365484550;B
20241031;101205;0.6413;1000;11365484551;B
20241031;101205;0.6413;104000;11365484552;B
20241031;101205;0.6414;37000;11365484553;B
20241031;101206;0.6414;2000;11365484681;B
20241031;101208;0.6413;5000;11365485117;B
20241031;101208;0.6413;5000;11365485118;B
20241031;101208;0.6414;390000;11365485119;B
20241031;101209;0.6414;100000;11365485246;B
20241031;101218;0.641;2000;11365486613;S
20241031;101218;0.641;35000;11365486614;S
20241031;101218;0.641;1000;11365486615;S
20241031;101218;0.6407;1000;11365486616;S
20241031;101218;0.6407;10000;11365486617;S
20241031;101218;0.6407;3000;11365486618;S
20241031;101218;0.6406;18000;11365486619;S
20241031;101222;0.6413;11000;11365487372;B
20241031;101222;0.6413;32000;11365487373;B
20241031;101222;0.6414;7000;11365487374;B
20241031;101223;0.6406;8000;11365487563;S
20241031;101225;0.6413;1000;11365487836;B
20241031;101231;0.6413;7000;11365488767;B
20241031;101231;0.6414;148000;11365488768;B
20241031;101232;0.6414;300000;11365488995;B
20241031;101233;0.6413;2000;11365489224;B
20241031;101233;0.6414;98000;11365489225;B
20241031;101234;0.6414;20000;11365489251;B
20241031;101234;0.6414;5000;11365489332;B
20241031;101235;0.6411;2000;11365489551;S
20241031;101235;0.6414;20000;11365489641;B
20241031;101240;0.6413;1000;11365490353;B
20241031;101241;0.6414;1000;11365490465;B
20241031;101244;0.6414;4000;11365490889;B
20241031;101244;0.6414;155000;11365490990;B
20241031;101245;0.6414;50000;11365491063;B
20241031;101245;0.6414;100000;11365491148;B
20241031;101245;0.6414;63000;11365491149;B
20241031;101248;0.6418;1000;11365491503;B
20241031;101248;0.642;1000;11365491517;B
20241031;101249;0.642;7000;11365491616;B
20241031;101249;0.6421;150000;11365491617;B
20241031;101249;0.6422;18000;11365491618;B
20241031;101250;0.6422;1000;11365491832;B
20241031;101251;0.6414;10000;11365492117;S
20241031;101251;0.6414;35000;11365492118;S
20241031;101251;0.6413;2000;11365492119;S
20241031;101251;0.6412;5000;11365492120;S
20241031;101251;0.6409;5000;11365492121;S
20241031;101251;0.6409;7000;11365492122;S
20241031;101251;0.6409;30000;11365492123;S
20241031;101251;0.6408;1000;11365492124;S
20241031;101251;0.6408;5000;11365492125;S
20241031;101252;0.6418;5000;11365492185;B
20241031;101252;0.6419;162000;11365492186;B
20241031;101252;0.6421;30000;11365492187;B
20241031;101252;0.6422;31000;11365492188;B
20241031;101252;0.6422;222000;11365492189;B
20241031;101255;0.6422;1000;11365492599;B
20241031;101259;0.6414;1000;11365493148;S
20241031;101259;0.6414;35000;11365493149;S
20241031;101259;0.6412;1000;11365493150;S
20241031;101259;0.6412;30000;11365493151;S
20241031;101259;0.6411;73000;11365493152;S
20241031;101301;0.6419;8000;11365493801;B
20241031;101302;0.6419;22000;11365493867;B
20241031;101302;0.642;71000;11365493868;B
20241031;101302;0.6422;5000;11365493869;B
20241031;101302;0.6422;2000;11365493870;B
20241031;101303;0.6415;1000;11365494104;B
20241031;101305;0.6415;20000;11365494438;B
20241031;101309;0.6412;3000;11365495104;S
20241031;101312;0.6414;1000;11365495705;B
20241031;101314;0.6415;3000;11365496022;B
20241031;101318;0.6414;1000;11365496600;B
20241031;101318;0.6414;7000;11365496601;B
20241031;101320;0.6412;2000;11365496857;S
20241031;101320;0.6412;27000;11365496858;S
20241031;101320;0.6412;35000;11365496859;S
20241031;101320;0.6412;16000;11365496860;S
20241031;101320;0.6411;16000;11365496861;S
20241031;101320;0.641;104000;11365496862;S
20241031;101329;0.6412;3000;11365498007;S
20241031;101329;0.6412;15000;11365498008;S
20241031;101329;0.6411;154000;11365498009;S
20241031;101329;0.6411;232000;11365498010;S
20241031;101329;0.6411;15000;11365498011;S
20241031;101329;0.6411;35000;11365498012;S
20241031;101329;0.641;196000;11365498013;S
20241031;101329;0.641;1000;11365498014;S
20241031;101333;0.641;50000;11365498507;B
20241031;101338;0.641;50000;11365499204;B
20241031;101339;0.641;30000;11365499295;B
20241031;101343;0.641;278000;11365499871;B
20241031;101345;0.6409;2000;11365500426;S
20241031;101349;0.641;99000;11365501039;B
20241031;101356;0.641;99000;11365501789;B
20241031;101357;0.641;5000;11365501954;B
20241031;101400;0.641;938000;11365502527;B
20241031;101401;0.6414;2000;11365502689;B
20241031;101401;0.6415;22000;11365502690;B
20241031;101401;0.6415;100000;11365502691;B
20241031;101401;0.6415;24000;11365502692;B
20241031;101401;0.6416;24000;11365502693;B
20241031;101401;0.6418;1000;11365502694;B
20241031;101401;0.642;227000;11365502695;S
20241031;101402;0.642;30000;11365502827;B
20241031;101402;0.6421;2000;11365502828;B
20241031;101402;0.6421;232000;11365502829;B
20241031;101402;0.6422;2000;11365502830;B
20241031;101402;0.6422;10000;11365502831;B
20241031;101402;0.6422;35000;11365502832;B
20241031;101402;0.6424;77000;11365502833;B
20241031;101404;0.6424;2000;11365503185;B
20241031;101404;0.6424;5000;11365503186;B
20241031;101405;0.6424;10000;11365503289;B
20241031;101408;0.6425;100000;11365503708;B
20241031;101409;0.6417;2000;11365503743;S
20241031;101409;0.6417;232000;11365503744;S
20241031;101409;0.6417;67000;11365503745;S
20241031;101409;0.6417;35000;11365503746;S
20241031;101409;0.6416;67000;11365503747;S
20241031;101409;0.6415;10000;11365503748;S
20241031;101409;0.6414;20000;11365503749;S
20241031;101409;0.6412;10000;11365503750;S
20241031;101409;0.6412;232000;11365503751;S
20241031;101409;0.6411;10000;11365503752;S
20241031;101409;0.6411;150000;11365503753;S
20241031;101409;0.6411;100000;11365503754;S
20241031;101409;0.641;36000;11365503755;S
20241031;101409;0.6419;100000;11365503825;B
20241031;101410;0.6419;99000;11365503967;B
20241031;101410;0.6411;1000;11365503975;S
20241031;101412;0.6416;1000;11365504126;B
20241031;101416;0.6418;1000;11365504829;B
20241031;101416;0.6419;35000;11365504830;B
20241031;101416;0.6419;20000;11365504831;B
20241031;101416;0.6419;24000;11365504832;B
20241031;101416;0.6419;20000;11365504833;B
20241031;101416;0.6422;12000;11365504904;B
20241031;101416;0.6421;10000;11365504932;B
20241031;101416;0.6422;30000;11365504933;B
20241031;101416;0.6422;25000;11365504935;B
20241031;101419;0.6423;10000;11365505236;B
20241031;101420;0.6423;1000;11365505377;B
20241031;101420;0.6423;20000;11365505385;B
20241031;101431;0.6419;2000;11365506898;B
20241031;101431;0.6422;17000;11365506899;B
20241031;101431;0.6423;35000;11365506900;B
20241031;101431;0.6423;96000;11365506901;B
20241031;101435;0.6422;1000;11365507371;B
20241031;101438;0.6422;10000;11365507724;B
20241031;101441;0.6422;5000;11365507997;B
20241031;101443;0.6421;100000;11365508285;B
20241031;101443;0.6422;170000;11365508286;B
20241031;101444;0.6422;3000;11365508421;B
20241031;101454;0.6422;270000;11365509773;B
20241031;101457;0.6422;155000;11365510299;B
20241031;101459;0.6422;40000;11365510527;B
20241031;101502;0.6421;3000;11365511175;B
20241031;101503;0.6421;20000;11365511322;B
20241031;101503;0.6421;50000;11365511323;B
20241031;101503;0.6422;146000;11365511324;B
20241031;101503;0.6422;18000;11365511325;B
20241031;101503;0.6423;18000;11365511326;B
20241031;101503;0.6424;18000;11365511327;B
20241031;101505;0.6417;2000;11365511652;S
20241031;101505;0.6417;1000;11365511653;S
20241031;101507;0.6417;9000;11365511833;S
20241031;101507;0.6416;11000;11365511834;S
20241031;101507;0.6416;13000;11365511835;S
20241031;101507;0.6415;51000;11365511836;S
20241031;101507;0.6415;35000;11365511837;S
20241031;101507;0.6415;13000;11365511838;S
20241031;101507;0.6414;5000;11365511839;S
20241031;101507;0.6414;30000;11365511840;S
20241031;101507;0.6413;2000;11365511841;S
20241031;101507;0.6413;28000;11365511842;S
20241031;101510;0.6413;2000;11365512317;S
20241031;101510;0.6413;2000;11365512350;S
20241031;101510;0.6413;18000;11365512417;S
20241031;101510;0.6413;16000;11365512418;S
20241031;101511;0.6413;6000;11365512543;B
20241031;101511;0.6415;7000;11365512544;B
20241031;101511;0.6415;63000;11365512572;B
20241031;101511;0.6412;6000;11365512659;S
20241031;101511;0.6417;8000;11365512679;B
20241031;101511;0.6417;50000;11365512796;B
20241031;101511;0.6417;1000;11365512799;B
20241031;101511;0.6412;26000;11365512831;S
20241031;101512;0.6412;1000;11365512893;S
20241031;101512;0.6412;50000;11365512897;S
20241031;101513;0.6411;1000;11365513263;S
20241031;101513;0.6411;1000;11365513264;S
20241031;101513;0.6411;2000;11365513265;S
20241031;101514;0.6418;1000;11365513623;B
20241031;101515;0.6417;1000;11365514063;B
20241031;101516;0.6412;6000;11365514331;S
20241031;101516;0.6415;1000;11365514538;B
20241031;101518;0.6417;6000;11365515149;B
20241031;101522;0.6412;6000;11365516383;S
20241031;101523;0.6417;17000;11365516482;B
20241031;101527;0.6413;15000;11365518004;S
20241031;101529;0.6417;1000;11365518703;B
20241031;101531;0.6417;116000;11365519281;B
20241031;101531;0.6413;2000;11365519390;S
20241031;101531;0.6413;13000;11365519391;S
20241031;101533;0.6417;3000;11365519717;B
20241031;101539;0.6418;18000;11365521455;B
20241031;101539;0.6418;3000;11365521524;B
20241031;101541;0.6415;9000;11365521909;S
20241031;101545;0.6417;1000;11365522508;B
20241031;101545;0.6417;11000;11365522623;B
20241031;101545;0.6417;4000;11365522636;B
20241031;101548;0.6417;31000;11365523006;B
20241031;101548;0.6418;94000;11365523007;B
20241031;101548;0.6418;17000;11365523010;B
20241031;101549;0.6418;9000;11365523169;B
20241031;101551;0.6417;2000;11365523598;B
20241031;101552;0.6417;1000;11365523756;B
20241031;101553;0.6417;1000;11365523896;B
20241031;101553;0.6417;72000;11365523936;B
20241031;101553;0.6418;59000;11365523939;B
20241031;101553;0.642;2000;11365523941;B
20241031;101553;0.642;101000;11365523943;B
20241031;101553;0.6421;13000;11365523944;B
20241031;101553;0.6421;13000;11365523946;B
20241031;101553;0.6421;51000;11365523948;B
20241031;101553;0.6421;15000;11365523952;B
20241031;101553;0.6421;36000;11365523953;B
20241031;101553;0.6421;30000;11365523954;B
20241031;101555;0.6421;2000;11365524260;B
20241031;101559;0.6421;1000;11365525062;B
20241031;101600;0.6421;5000;11365525293;B
20241031;101601;0.6417;21000;11365525366;S
20241031;101601;0.6417;211000;11365525373;S
20241031;101601;0.6417;5000;11365525374;S
20241031;101601;0.6417;19000;11365525375;S
20241031;101601;0.6416;1000;11365525376;S
20241031;101601;0.6416;10000;11365525377;S
20241031;101601;0.6416;114000;11365525378;S
20241031;101601;0.6416;19000;11365525379;S
20241031;101601;0.6415;16000;11365525380;S
20241031;101601;0.6415;35000;11365525381;S
20241031;101601;0.6413;14000;11365525382;S
20241031;101602;0.6418;1000;11365525559;B
20241031;101602;0.6418;12000;11365525722;B
20241031;101602;0.6419;11000;11365525723;B
20241031;101603;0.6419;2000;11365525740;B
20241031;101604;0.6413;6000;11365525994;S
20241031;101606;0.6418;1000;11365526471;B
20241031;101606;0.6419;76000;11365526472;B
20241031;101606;0.642;23000;11365526473;B
20241031;101609;0.6421;1000;11365526989;B
20241031;101610;0.6421;16000;11365527157;B
20241031;101611;0.6421;11000;11365527259;B
20241031;101611;0.6421;11000;11365527362;B
20241031;101612;0.6421;10000;11365527480;B
20241031;101612;0.6421;1000;11365527496;B
20241031;101613;0.6421;1000;11365527612;B
20241031;101615;0.6421;1000;11365527844;B
20241031;101615;0.6421;12000;11365527895;B
20241031;101615;0.6421;1000;11365527896;B
20241031;101619;0.6422;2000;11365528473;B
20241031;101628;0.6422;30000;11365529531;B
20241031;101629;0.6422;2000;11365529692;B
20241031;101635;0.6422;2000;11365530495;B
20241031;101638;0.6422;2000;11365530922;B
20241031;101645;0.6422;2000;11365531791;B
20241031;101645;0.642;5000;11365531883;S
20241031;101646;0.642;44000;11365532014;S
20241031;101646;0.6419;1000;11365532015;S
20241031;101646;0.6417;10000;11365532016;S
20241031;101646;0.6417;18000;11365532017;S
20241031;101646;0.6415;10000;11365532018;S
20241031;101646;0.6415;34000;11365532019;S
20241031;101646;0.6414;2000;11365532020;S
20241031;101646;0.6414;2000;11365532021;S
20241031;101646;0.6413;10000;11365532022;S
20241031;101646;0.6413;1000;11365532023;S
20241031;101646;0.6413;20000;11365532024;S
20241031;101646;0.6413;37000;11365532025;S
20241031;101646;0.6412;100000;11365532026;S
20241031;101646;0.6412;5000;11365532027;S
20241031;101646;0.6411;8000;11365532028;S
20241031;101646;0.6411;142000;11365532029;S
20241031;101648;0.642;16000;11365532314;B
20241031;101649;0.6414;1000;11365532570;S
20241031;101650;0.642;2000;11365532627;B
20241031;101651;0.642;12000;11365532808;B
20241031;101651;0.642;19000;11365532809;B
20241031;101653;0.642;1000;11365532918;B
20241031;101653;0.642;1000;11365532919;B
20241031;101655;0.6421;1000;11365533458;B
20241031;101656;0.6421;1000;11365533512;B
20241031;101657;0.6421;1000;11365533723;B
20241031;101657;0.6421;1000;11365533735;B
20241031;101704;0.6421;1000;11365534790;B
20241031;101715;0.6421;49000;11365536192;B
20241031;101715;0.6421;300000;11365536193;B
20241031;101715;0.6421;18000;11365536194;B
20241031;101715;0.6422;42000;11365536195;B
20241031;101715;0.6422;2000;11365536196;B
20241031;101715;0.6422;35000;11365536197;B
20241031;101715;0.6422;16000;11365536198;B
20241031;101715;0.6423;150000;11365536199;B
20241031;101715;0.6425;5000;11365536200;B
20241031;101715;0.6425;200000;11365536201;B
20241031;101715;0.6428;1000;11365536202;B
20241031;101715;0.6429;2000;11365536203;B
20241031;101715;0.643;150000;11365536204;B
20241031;101715;0.6431;80000;11365536205;B
20241031;101715;0.6432;175000;11365536206;B
20241031;101715;0.6433;10000;11365536207;B
20241031;101715;0.6435;80000;11365536208;B
20241031;101715;0.6436;8000;11365536209;B
20241031;101721;0.6431;1000;11365537096;B
20241031;101722;0.6423;2000;11365537194;S
20241031;101722;0.6422;35000;11365537195;S
20241031;101722;0.6421;30000;11365537196;S
20241031;101722;0.6421;33000;11365537197;S
20241031;101724;0.6427;1000;11365537571;B
20241031;101724;0.6428;1000;11365537572;B
20241031;101724;0.6428;1000;11365537573;B
20241031;101733;0.6428;1000;11365538959;B
20241031;101733;0.6428;30000;11365538960;B
20241031;101733;0.6429;35000;11365538961;B
20241031;101733;0.643;30000;11365538962;B
20241031;101733;0.6431;104000;11365538963;B
20241031;101734;0.6431;128000;11365539189;B
20241031;101734;0.6431;35000;11365539190;B
20241031;101734;0.6431;15000;11365539191;B
20241031;101734;0.6432;80000;11365539192;B
20241031;101734;0.6432;15000;11365539193;B
20241031;101734;0.6434;10000;11365539194;B
20241031;101734;0.6434;24000;11365539195;B
20241031;101739;0.643;1000;11365539946;B
20241031;101742;0.6428;1000;11365540489;S
20241031;101742;0.6428;2000;11365540490;S
20241031;101743;0.643;1000;11365540654;B
20241031;101743;0.643;50000;11365540655;B
20241031;101743;0.6431;35000;11365540656;B
20241031;101743;0.6433;21000;11365540657;B
20241031;101743;0.6434;1000;11365540658;B
20241031;101743;0.6434;92000;11365540659;B
20241031;101744;0.6427;28000;11365540828;S
20241031;101744;0.6427;2000;11365540829;S
20241031;101744;0.6427;10000;11365540830;S
20241031;101744;0.6424;10000;11365540831;S
20241031;101744;0.6424;30000;11365540832;S
20241031;101744;0.6424;7000;11365540833;S
20241031;101744;0.6424;28000;11365540834;S
20241031;101744;0.6422;1000;11365540835;S
20241031;101744;0.6422;1000;11365540836;S
20241031;101744;0.6421;69000;11365540837;S
20241031;101744;0.6421;100000;11365540838;S
20241031;101744;0.6421;89000;11365540839;S
20241031;101744;0.6421;9000;11365540840;S
20241031;101744;0.6421;10000;11365540841;S
20241031;101744;0.6421;1000;11365540842;S
20241031;101744;0.642;2000;11365540843;S
20241031;101744;0.642;5000;11365540844;S
20241031;101744;0.642;10000;11365540845;S
20241031;101744;0.642;2000;11365540846;S
20241031;101744;0.6423;80000;11365540852;S
20241031;101744;0.642;1000;11365540865;B
20241031;101745;0.6421;3000;11365540935;B
20241031;101748;0.6418;1000;11365541719;S
20241031;101750;0.6422;88000;11365542081;B
20241031;101750;0.6423;35000;11365542082;B
20241031;101750;0.6424;77000;11365542083;B
20241031;101751;0.6424;2000;11365542184;B
20241031;101756;0.6421;1000;11365543018;B
20241031;101812;0.6427;1000;11365545099;B
20241031;101812;0.6428;1000;11365545100;B
20241031;101812;0.643;1000;11365545101;B
20241031;101812;0.6434;7000;11365545102;B
20241031;101814;0.6427;3000;11365545348;B
20241031;101814;0.6427;28000;11365545408;S
20241031;101816;0.6428;20000;11365545623;S
20241031;101820;0.6433;1000;11365546032;B
20241031;101822;0.6428;20000;11365546340;S
20241031;101832;0.6432;5000;11365547814;S
20241031;101834;0.6433;1000;11365548097;B
20241031;101835;0.6433;9000;11365548258;B
20241031;101835;0.6433;2000;11365548259;B
20241031;101835;0.6433;3000;11365548260;B
20241031;101835;0.6433;16000;11365548261;B
20241031;101835;0.6434;29000;11365548262;B
20241031;101835;0.6434;16000;11365548263;B
20241031;101835;0.6434;101000;11365548264;S
20241031;101836;0.6434;124000;11365548496;S
20241031;101836;0.6432;35000;11365548497;S
20241031;101838;0.6432;151000;11365548811;B
20241031;101838;0.6435;35000;11365548812;B
20241031;101838;0.6436;2000;11365548813;B
20241031;101838;0.6436;2000;11365548814;B
20241031;101840;0.643;17000;11365549037;S
20241031;101840;0.643;35000;11365549038;S
20241031;101840;0.6429;3000;11365549039;S
20241031;101840;0.6429;20000;11365549040;S
20241031;101840;0.6429;15000;11365549041;S
20241031;101840;0.6428;40000;11365549042;S
20241031;101840;0.6428;20000;11365549043;S
20241031;101840;0.6425;30000;11365549044;S
20241031;101840;0.6425;20000;11365549045;S
20241031;101842;0.6432;10000;11365549280;B
20241031;101845;0.6426;2000;11365549799;S
20241031;101845;0.6433;6000;11365549815;B
20241031;101852;0.6433;1000;11365550820;B
20241031;101852;0.6433;24000;11365550821;B
20241031;101852;0.6436;30000;11365550822;B
20241031;101852;0.6436;5000;11365550823;B
20241031;101852;0.6437;40000;11365550824;B
20241031;101854;0.6432;5000;11365551164;S
20241031;101858;0.6433;1000;11365551791;B
20241031;101906;0.6437;1000;11365553070;B
20241031;101906;0.6437;79000;11365553134;B
20241031;101906;0.6437;3000;11365553135;B
20241031;101906;0.6437;2000;11365553136;B
20241031;101906;0.6438;5000;11365553137;B
20241031;101906;0.6438;1000;11365553138;B
20241031;101906;0.6439;1000;11365553139;B
20241031;101906;0.6439;10000;11365553140;B
20241031;101906;0.6439;1000;11365553141;B
20241031;101906;0.644;50000;11365553142;B
20241031;101906;0.6441;5000;11365553143;B
20241031;101906;0.6442;23000;11365553144;B
20241031;101907;0.6442;27000;11365553255;B
20241031;101907;0.6442;20000;11365553256;B
20241031;101907;0.6443;60000;11365553257;B
20241031;101907;0.6444;5000;11365553258;B
20241031;101907;0.6444;100000;11365553259;B
20241031;101907;0.6445;10000;11365553260;B
20241031;101907;0.6445;35000;11365553261;B
20241031;101907;0.6446;1000;11365553262;B
20241031;101907;0.6446;5000;11365553263;B
20241031;101907;0.6446;706000;11365553264;B
20241031;101907;0.6448;1000;11365553265;B
20241031;101911;0.6439;5000;11365553818;S
20241031;101919;0.6443;17000;11365554944;B
20241031;101919;0.6446;31000;11365554945;B
20241031;101920;0.6446;2000;11365555066;B
20241031;101920;0.6438;8000;11365555179;S
20241031;101921;0.6446;18000;11365555362;B
20241031;101934;0.6443;1000;11365556988;B
20241031;101947;0.644;1000;11365558473;S
20241031;101947;0.644;20000;11365558474;S
20241031;101947;0.644;16000;11365558475;S
20241031;101947;0.644;1000;11365558476;S
20241031;101947;0.644;62000;11365558477;S
20241031;101947;0.6442;14000;11365558481;B
20241031;101948;0.6442;15000;11365558534;B
20241031;101948;0.6442;6000;11365558571;B
20241031;101948;0.644;6000;11365558637;S
20241031;101951;0.6442;1000;11365558971;B
20241031;101951;0.6442;4000;11365558984;B
20241031;101951;0.644;2000;11365559002;S
20241031;101958;0.6442;60000;11365559677;B
20241031;101958;0.6442;1000;11365559678;B
20241031;101958;0.6443;9000;11365559733;B
20241031;101958;0.6445;240000;11365559734;B
20241031;101958;0.6445;35000;11365559735;B
20241031;101958;0.6446;2000;11365559736;B
20241031;101958;0.6448;4000;11365559737;B
20241031;101958;0.6448;1000;11365559738;B
20241031;101958;0.6448;13000;11365559739;B
20241031;101958;0.6448;145000;11365559740;B
20241031;102004;0.6448;8000;11365560575;B
20241031;102005;0.6448;46000;11365560595;B
20241031;102007;0.6447;5000;11365560936;B
20241031;102008;0.6447;10000;11365561198;B
20241031;102008;0.6447;1000;11365561199;B
20241031;102008;0.6448;46000;11365561200;B
20241031;102009;0.6449;1000;11365561478;B
20241031;102010;0.6448;43000;11365561538;S
20241031;102010;0.6447;35000;11365561539;S
20241031;102011;0.6449;10000;11365561703;B
20241031;102011;0.6449;12000;11365561741;B
20241031;102011;0.6449;10000;11365561742;B
20241031;102011;0.6449;2000;11365561743;B
20241031;102011;0.645;76000;11365561744;B
20241031;102017;0.6449;1000;11365563165;B
20241031;102022;0.6447;1000;11365565548;S
20241031;102022;0.6447;16000;11365565549;S
20241031;102025;0.6445;5000;11365567771;S
20241031;102031;0.6449;5000;11365571403;B
20241031;102031;0.6449;1000;11365571417;B
20241031;102032;0.6449;5000;11365572007;B
20241031;102039;0.6447;1000;11365575547;B
20241031;102043;0.6445;7000;11365578097;S
20241031;102043;0.6444;1000;11365578101;S
20241031;102043;0.6443;35000;11365578104;S
20241031;102043;0.6443;94000;11365578105;S
20241031;102043;0.6443;129000;11365578106;S
20241031;102043;0.6447;2000;11365578206;B
20241031;102102;0.6449;39000;11365588275;B
20241031;102102;0.6449;1000;11365588276;B
20241031;102102;0.6449;10000;11365588277;B
20241031;102102;0.645;50000;11365588278;B
20241031;102102;0.6448;20000;11365588400;B
20241031;102102;0.645;70000;11365588401;B
20241031;102104;0.645;1000;11365589300;B
20241031;102104;0.6446;26000;11365589535;S
20241031;102104;0.6446;9000;11365589536;S
20241031;102104;0.6446;2000;11365589537;S
20241031;102105;0.6445;41000;11365589703;S
20241031;102106;0.6446;63000;11365590248;B
20241031;102106;0.6448;2000;11365590249;B
20241031;102106;0.6449;35000;11365590250;B
20241031;102106;0.645;50000;11365590251;B
20241031;102109;0.645;2000;11365592291;B
20241031;102113;0.645;1000;11365593974;B
20241031;102115;0.6446;5000;11365594999;S
20241031;102116;0.6447;1000;11365595577;S
20241031;102116;0.6446;2000;11365595578;S
20241031;102118;0.6449;1000;11365596239;B
20241031;102118;0.645;4000;11365596240;B
20241031;102119;0.645;155000;11365596711;B
20241031;102124;0.645;91000;11365598925;B
20241031;102124;0.645;6000;11365598926;B
20241031;102124;0.645;10000;11365598927;B
20241031;102124;0.645;1000;11365598928;B
20241031;102124;0.6452;5000;11365598929;B
20241031;102124;0.6453;232000;11365598930;B
20241031;102124;0.6454;50000;11365598931;B
20241031;102124;0.6454;9000;11365598932;B
20241031;102130;0.645;1000;11365602668;S
20241031;102130;0.6448;1000;11365602669;S
20241031;102134;0.645;1000;11365603076;B
20241031;102142;0.6451;10000;11365604304;S
20241031;102142;0.6451;3000;11365604305;S
20241031;102150;0.6451;4000;11365605783;S
20241031;102152;0.6451;3000;11365606125;S
20241031;102152;0.6451;1000;11365606126;S
20241031;102153;0.6451;9000;11365606143;S
20241031;102153;0.645;1655000;11365606144;S
20241031;102153;0.6448;2000;11365606145;S
20241031;102153;0.6446;613000;11365606146;S
20241031;102153;0.6446;1000;11365606147;S
20241031;102153;0.6446;150000;11365606148;S
20241031;102153;0.6446;41000;11365606149;S
20241031;102153;0.6445;59000;11365606150;S
20241031;102153;0.6445;90000;11365606151;S
20241031;102153;0.6446;41000;11365606152;S
20241031;102153;0.6446;191000;11365606153;S
20241031;102153;0.6445;495000;11365606154;S
20241031;102153;0.6445;128000;11365606155;S
20241031;102153;0.6445;65000;11365606156;S
20241031;102153;0.6445;19000;11365606157;S
20241031;102154;0.6445;100000;11365606401;S
20241031;102154;0.6445;462000;11365606429;S
20241031;102154;0.6445;182000;11365606430;S
20241031;102154;0.6445;59000;11365606431;S
20241031;102154;0.6445;86000;11365606432;S
20241031;102154;0.6445;64000;11365606433;S
20241031;102154;0.6445;100000;11365606434;S
20241031;102154;0.6444;2000;11365606435;S
20241031;102154;0.6441;10000;11365606488;S
20241031;102154;0.6441;5000;11365606489;S
20241031;102155;0.6441;45000;11365606565;S
20241031;102155;0.6441;26000;11365606566;S
20241031;102155;0.6441;29000;11365606567;S
20241031;102155;0.6441;1000;11365606611;S
20241031;102155;0.644;30000;11365606631;S
20241031;102156;0.6436;1000;11365606814;S
20241031;102157;0.6436;1000;11365606839;S
20241031;102157;0.6438;15000;11365606844;B
20241031;102157;0.6438;35000;11365606845;B
20241031;102157;0.644;25000;11365606846;B
20241031;102157;0.644;1000;11365606964;S
20241031;102158;0.6443;100000;11365607067;B
20241031;102200;0.644;50000;11365607375;S
20241031;102201;0.644;29000;11365607547;S
20241031;102201;0.6436;1000;11365607548;S
20241031;102201;0.6434;30000;11365607549;S
20241031;102201;0.6433;1000;11365607550;S
20241031;102201;0.6433;16000;11365607551;S
20241031;102201;0.6432;2000;11365607552;S
20241031;102201;0.6431;150000;11365607553;S
20241031;102201;0.643;10000;11365607554;S
20241031;102201;0.643;2000;11365607555;S
20241031;102201;0.643;20000;11365607556;S
20241031;102201;0.643;6000;11365607557;S
20241031;102201;0.6427;3000;11365607558;S
20241031;102202;0.6439;35000;11365607831;B
20241031;102202;0.644;5000;11365607832;B
20241031;102202;0.644;232000;11365607833;B
20241031;102202;0.6441;150000;11365607834;B
20241031;102202;0.6444;20000;11365607835;B
20241031;102202;0.6445;353000;11365607836;B
20241031;102202;0.6446;154000;11365607837;B
20241031;102202;0.6447;80000;11365607838;B
20241031;102202;0.6448;250000;11365607839;B
20241031;102202;0.6448;600000;11365607840;B
20241031;102202;0.6449;20000;11365607841;B
20241031;102202;0.6451;30000;11365607842;B
20241031;102202;0.6452;60000;11365607843;B
20241031;102202;0.6452;10000;11365607844;B
20241031;102202;0.6455;80000;11365607845;B
20241031;102202;0.6458;3000;11365607846;B
20241031;102202;0.6459;600000;11365607847;B
20241031;102202;0.646;2000000;11365607848;B
20241031;102202;0.646;81000;11365607865;S
20241031;102202;0.646;5000;11365607880;S
20241031;102203;0.646;100000;11365608026;S
20241031;102204;0.646;150000;11365608103;S
20241031;102210;0.6462;5000;11365609352;B
20241031;102215;0.646;270000;11365609960;S
20241031;102215;0.646;68000;11365610006;S
20241031;102217;0.646;49000;11365610233;S
20241031;102218;0.646;19000;11365610372;S
20241031;102218;0.646;5000;11365610404;S
20241031;102220;0.6461;5000;11365610594;B
20241031;102220;0.6462;6000;11365610595;B
20241031;102220;0.6462;4000;11365610596;B
20241031;102222;0.6463;10000;11365610862;B
20241031;102222;0.6463;35000;11365610863;B
20241031;102222;0.6467;85000;11365610864;B
20241031;102227;0.6461;10000;11365611463;S
20241031;102227;0.6461;232000;11365611464;S
20241031;102227;0.6461;28000;11365611465;S
20241031;102229;0.646;10000;11365611643;S
20241031;102233;0.6464;1000;11365612050;B
20241031;102233;0.6465;1000;11365612079;B
20241031;102233;0.6465;4000;11365612080;B
20241031;102240;0.646;50000;11365613127;S
20241031;102241;0.646;2000;11365613257;S
20241031;102311;0.6462;100000;11365618111;B
20241031;102315;0.6464;2000;11365618658;B
20241031;102315;0.6464;24000;11365618659;B
20241031;102317;0.646;1000;11365619028;S
20241031;102317;0.646;4000;11365619029;S
20241031;102317;0.646;15000;11365619030;S
20241031;102323;0.6461;2000;11365619836;S
20241031;102323;0.6461;5000;11365619840;S
20241031;102323;0.6461;1000;11365619841;S
20241031;102323;0.6461;1000;11365619843;S
20241031;102323;0.6461;1000;11365619844;S
20241031;102323;0.646;5000;11365619845;S
20241031;102323;0.646;10000;11365619846;S
20241031;102323;0.646;1000;11365619850;S
20241031;102323;0.646;2000;11365619851;S
20241031;102323;0.646;1000;11365619852;S
20241031;102323;0.646;1000;11365619853;S
20241031;102323;0.646;2000;11365619854;S
20241031;102323;0.646;7000;11365619855;S
20241031;102323;0.646;2000;11365619856;S
20241031;102323;0.646;2000;11365619857;S
20241031;102323;0.646;1000;11365619858;S
20241031;102323;0.646;2000;11365619859;S
20241031;102323;0.646;1000;11365619860;S
20241031;102323;0.646;5000;11365619862;S
20241031;102323;0.646;4000;11365619864;S
20241031;102323;0.646;1000;11365619865;S
20241031;102323;0.646;6000;11365619866;S
20241031;102323;0.646;2000;11365619868;S
20241031;102323;0.646;2000;11365619886;S
20241031;102323;0.646;7000;11365619887;S
20241031;102323;0.646;12000;11365619888;S
20241031;102323;0.646;3000;11365619889;S
20241031;102323;0.646;1000;11365619890;S
20241031;102323;0.646;2000;11365619891;S
20241031;102323;0.646;2000;11365619893;S
20241031;102323;0.646;1000;11365619904;S
20241031;102323;0.6457;1000;11365619905;S
20241031;102323;0.6456;2000;11365619910;S
20241031;102323;0.6456;2000;11365619912;S
20241031;102323;0.6456;2000;11365619913;S
20241031;102323;0.6456;3000;11365619914;S
20241031;102323;0.6456;1000;11365619915;S
20241031;102323;0.6452;4000;11365619916;S
20241031;102323;0.6452;4000;11365619920;S
20241031;102323;0.6452;6000;11365619921;S
20241031;102324;0.6453;2000;11365619923;S
20241031;102324;0.6453;1000;11365619924;S
20241031;102324;0.6453;3000;11365619925;S
20241031;102324;0.6453;3000;11365619926;S
20241031;102324;0.6452;6000;11365619928;S
20241031;102324;0.6451;10000;11365619936;S
20241031;102324;0.6451;1000;11365619937;S
20241031;102324;0.6451;6000;11365619940;S
20241031;102324;0.6451;3000;11365619941;S
20241031;102324;0.6451;3000;11365619965;S
20241031;102324;0.6451;4000;11365619966;S
20241031;102324;0.6451;23000;11365619985;S
20241031;102324;0.645;5000;11365619986;S
20241031;102324;0.645;2000;11365619994;S
20241031;102324;0.645;1000;11365620026;S
20241031;102324;0.645;1000;11365620046;S
20241031;102327;0.645;1000;11365620635;S
20241031;102327;0.645;123000;11365620636;S
20241031;102327;0.6447;31000;11365620637;S
20241031;102331;0.645;1000;11365621155;S
20241031;102332;0.6449;10000;11365621347;S
20241031;102332;0.6449;15000;11365621348;S
20241031;102333;0.6449;12000;11365621433;S
20241031;102333;0.6448;8000;11365621434;S
20241031;102333;0.645;34000;11365621479;B
20241031;102337;0.6453;1000;11365622353;B
20241031;102349;0.6453;1000;11365624256;B
20241031;102349;0.6453;1000;11365624257;S
20241031;102400;0.6453;5000;11365625650;S
20241031;102400;0.6451;2000;11365625651;S
20241031;102400;0.645;7000;11365625652;S
20241031;102402;0.6455;1000;11365626005;B
20241031;102407;0.645;13000;11365626578;S
20241031;102407;0.6449;187000;11365626579;S
20241031;102411;0.6447;200000;11365627200;S
20241031;102412;0.6445;10000;11365627220;S
20241031;102412;0.6445;19000;11365627221;S
20241031;102412;0.6445;11000;11365627222;S
20241031;102416;0.6443;3000;11365627839;S
20241031;102416;0.6443;200000;11365627865;S
20241031;102417;0.6443;5000;11365627940;S
20241031;102419;0.6443;1000;11365628470;S
20241031;102421;0.6443;200000;11365628691;S
20241031;102424;0.6449;1000;11365629222;B
20241031;102424;0.6449;2000;11365629223;B
20241031;102426;0.6443;200000;11365629409;S
20241031;102428;0.6443;6000;11365629766;S
20241031;102437;0.6446;1000;11365630974;B
20241031;102438;0.6444;20000;11365631278;S
20241031;102441;0.6446;50000;11365631662;B
20241031;102441;0.6445;20000;11365631718;S
20241031;102449;0.6445;16000;11365632974;S
20241031;102449;0.6445;2000;11365633064;S
20241031;102457;0.6445;164000;11365634352;S
20241031;102457;0.6445;10000;11365634353;S
20241031;102457;0.6444;276000;11365634354;S
20241031;102502;0.6446;60000;11365635339;B
20241031;102502;0.6446;35000;11365635340;B
20241031;102506;0.6446;1000;11365635895;B
20241031;102507;0.6446;1000;11365635969;B
20241031;102508;0.6446;1000;11365636139;B
20241031;102508;0.6446;1000;11365636234;B
20241031;102509;0.6446;1000;11365636437;B
20241031;102510;0.6446;5000;11365636482;B
20241031;102517;0.6444;5000;11365637678;S
20241031;102530;0.6444;20000;11365640022;S
20241031;102531;0.6445;6000;11365640159;B
20241031;102540;0.6444;4000;11365641939;S
20241031;102543;0.6444;1000;11365642362;S
20241031;102543;0.6444;17000;11365642493;S
20241031;102544;0.6444;50000;11365642580;S
20241031;102548;0.6444;250000;11365643237;S
20241031;102549;0.6444;1000;11365643394;S
20241031;102550;0.6444;5000;11365643542;S
20241031;102552;0.6445;7000;11365644049;B
20241031;102552;0.6445;35000;11365644050;B
20241031;102552;0.6446;15000;11365644051;B
20241031;102555;0.6444;1000;11365644433;S
20241031;102559;0.6446;1000;11365644990;B
20241031;102600;0.6444;15000;11365645059;S
20241031;102600;0.6444;1000;11365645113;S
20241031;102601;0.6446;1000;11365645193;B
20241031;102608;0.6444;2000;11365646314;S
20241031;102609;0.6444;1000;11365646373;S
20241031;102613;0.6444;30000;11365647217;S
20241031;102614;0.6446;62000;11365647389;B
20241031;102614;0.6446;35000;11365647390;B
20241031;102614;0.6449;3000;11365647391;B
20241031;102616;0.6444;1000;11365647661;S
20241031;102616;0.6444;1000;11365647662;S
20241031;102616;0.6444;3000;11365647663;S
20241031;102616;0.6444;1000;11365647664;S
20241031;102616;0.6444;14000;11365647665;S
20241031;102617;0.6444;25000;11365647840;S
20241031;102621;0.6445;45000;11365648395;S
20241031;102622;0.6445;2000;11365648450;S
20241031;102626;0.6449;25000;11365648970;B
20241031;102633;0.6449;72000;11365650072;B
20241031;102633;0.6449;2000;11365650073;B
20241031;102634;0.6445;16000;11365650309;S
20241031;102637;0.6449;1000;11365650904;B
20241031;102651;0.6448;7000;11365652238;B
20241031;102652;0.6445;3000;11365652352;S
20241031;102658;0.6444;116000;11365653008;S
20241031;102658;0.6444;37000;11365653009;S
20241031;102702;0.6443;10000;11365653457;S
20241031;102702;0.6443;3000;11365653458;S
20241031;102702;0.6443;50000;11365653459;S
20241031;102702;0.6441;83000;11365653460;S
20241031;102702;0.6441;18000;11365653461;S
20241031;102702;0.644;156000;11365653462;S
20241031;102705;0.644;27000;11365653734;S
20241031;102713;0.644;320000;11365654628;S
20241031;102714;0.6441;22000;11365654758;S
20241031;102720;0.6441;4000;11365655579;S
20241031;102721;0.6443;2000;11365655745;B
20241031;102723;0.644;320000;11365655941;S
20241031;102725;0.644;177000;11365656105;S
20241031;102725;0.644;5000;11365656106;S
20241031;102725;0.644;20000;11365656107;S
20241031;102725;0.644;1139000;11365656108;S
20241031;102725;0.643;20000;11365656182;S
20241031;102725;0.6429;1000;11365656183;S
20241031;102725;0.6426;2000;11365656184;S
20241031;102726;0.6437;3000;11365656215;B
20241031;102727;0.6434;1000;11365656373;B
20241031;102727;0.6436;10000;11365656374;B
20241031;102738;0.6427;1000;11365657755;S
20241031;102743;0.6426;17000;11365658307;S
20241031;102743;0.6425;3000;11365658308;S
20241031;102745;0.643;20000;11365658608;B
20241031;102745;0.643;8000;11365658609;B
20241031;102745;0.6431;122000;11365658610;B
20241031;102748;0.6425;3000;11365658934;S
20241031;102748;0.6424;35000;11365658935;S
20241031;102748;0.6423;21000;11365658936;S
20241031;102748;0.6423;27000;11365658937;S
20241031;102748;0.6422;5000;11365658938;S
20241031;102748;0.6422;191000;11365658939;S
20241031;102748;0.6421;1000;11365658940;S
20241031;102748;0.6421;5000;11365658941;S
20241031;102748;0.6421;5000;11365658942;S
20241031;102748;0.6421;26000;11365658943;S
20241031;102748;0.642;20000;11365658944;S
20241031;102748;0.642;61000;11365658945;S
20241031;102749;0.6427;1000;11365659117;S
20241031;102750;0.6427;1000;11365659474;S
20241031;102751;0.6429;20000;11365659798;B
20241031;102751;0.643;1000;11365659799;B
20241031;102751;0.643;30000;11365659800;B
20241031;102751;0.643;9000;11365659801;S
20241031;102751;0.6422;14000;11365659803;S
20241031;102751;0.6421;44000;11365659804;S
20241031;102751;0.642;342000;11365659805;S
20241031;102756;0.6422;1000;11365660386;S
20241031;102756;0.6422;7000;11365660387;S
20241031;102756;0.6421;74000;11365660388;S
20241031;102756;0.642;597000;11365660389;S
20241031;102756;0.642;153000;11365660390;S
20241031;102756;0.6419;16000;11365660391;S
20241031;102756;0.6418;21000;11365660392;S
20241031;102756;0.6416;231000;11365660393;S
20241031;102758;0.6417;3000;11365660691;S
20241031;102758;0.6417;9000;11365660692;S
20241031;102758;0.6416;169000;11365660693;S
20241031;102758;0.6416;3000;11365660694;S
20241031;102758;0.6414;3000;11365660695;S
20241031;102758;0.6414;10000;11365660696;S
20241031;102758;0.6412;16000;11365660697;S
20241031;102758;0.6411;1000;11365660698;S
20241031;102758;0.6411;5000;11365660699;S
20241031;102758;0.6411;20000;11365660700;S
20241031;102758;0.6411;10000;11365660701;S
20241031;102758;0.641;5000;11365660702;S
20241031;102758;0.641;60000;11365660703;S
20241031;102758;0.641;20000;11365660704;S
20241031;102758;0.641;20000;11365660705;S
20241031;102758;0.641;29000;11365660706;S
20241031;102758;0.641;1000;11365660707;S
20241031;102758;0.641;3000;11365660708;S
20241031;102758;0.641;1000;11365660709;S
20241031;102758;0.641;1000;11365660710;S
20241031;102758;0.641;2000;11365660711;S
20241031;102758;0.641;2000;11365660712;S
20241031;102758;0.641;7000;11365660713;S
20241031;102758;0.641;20000;11365660714;S
20241031;102758;0.641;5000;11365660715;S
20241031;102758;0.6409;50000;11365660716;S
20241031;102758;0.6409;50000;11365660717;S
20241031;102758;0.6409;43000;11365660718;S
20241031;102758;0.6426;1000;11365660868;B
20241031;102804;0.6424;24000;11365661577;B
20241031;102804;0.6424;6000;11365661578;B
20241031;102804;0.6424;35000;11365661579;B
20241031;102807;0.6427;1000;11365661951;B
20241031;102810;0.6429;232000;11365662154;B
20241031;102810;0.6429;35000;11365662155;B
20241031;102810;0.643;1000;11365662156;B
20241031;102810;0.6431;10000;11365662157;B
20241031;102810;0.6431;232000;11365662158;B
20241031;102810;0.6431;154000;11365662159;B
20241031;102810;0.6432;5000;11365662160;B
20241031;102810;0.6432;132000;11365662161;B
20241031;102815;0.6427;2000;11365662715;S
20241031;102815;0.6426;35000;11365662716;S
20241031;102815;0.6425;1000;11365662717;S
20241031;102815;0.6425;232000;11365662718;S
20241031;102815;0.6425;10000;11365662719;S
20241031;102817;0.6425;126000;11365662921;B
20241031;102817;0.6425;13000;11365662922;B
20241031;102817;0.6425;121000;11365662923;B
20241031;102817;0.6426;35000;11365662924;B
20241031;102817;0.6434;10000;11365662925;B
20241031;102817;0.6434;18000;11365662926;B
20241031;102819;0.6432;2000;11365663102;B
20241031;102820;0.6432;12000;11365663125;B
20241031;102820;0.6432;35000;11365663126;B
20241031;102820;0.6434;53000;11365663127;B
20241031;102833;0.6433;5000;11365665061;B
20241031;102833;0.6434;16000;11365665062;B
20241031;102833;0.6434;35000;11365665063;B
20241031;102833;0.6434;15000;11365665064;B
20241031;102833;0.6435;15000;11365665065;B
20241031;102833;0.6444;4000;11365665066;B
20241031;102835;0.6433;18000;11365665209;S
20241031;102847;0.6432;10000;11365666397;S
20241031;102854;0.6432;10000;11365667295;S
20241031;102902;0.6434;21000;11365668755;S
20241031;102904;0.6434;10000;11365669331;S
20241031;102909;0.6434;27000;11365669854;S
20241031;102909;0.6434;44000;11365669855;S
20241031;102914;0.6441;1000;11365670300;B
20241031;102914;0.6441;35000;11365670301;B
20241031;102914;0.6442;29000;11365670308;B
20241031;102914;0.6443;2000;11365670312;B
20241031;102914;0.6444;10000;11365670323;B
20241031;102914;0.6446;10000;11365670331;B
20241031;102914;0.6446;17000;11365670332;B
20241031;102914;0.6446;43000;11365670333;B
20241031;102915;0.6439;20000;11365670575;S
20241031;102915;0.6439;35000;11365670576;S
20241031;102915;0.6438;7000;11365670577;S
20241031;102932;0.644;1000;11365673134;S
20241031;102932;0.6439;1000;11365673135;S
20241031;102940;0.6442;7000;11365673974;B
20241031;102940;0.6443;35000;11365673975;B
20241031;102940;0.6444;43000;11365673976;B
20241031;102940;0.6445;23000;11365673977;B
20241031;102940;0.6447;10000;11365673978;B
20241031;102940;0.6448;10000;11365673979;B
20241031;102940;0.6448;86000;11365673980;B
20241031;103000;0.6447;10000;11365676918;B
20241031;103000;0.6447;5000;11365676919;B
20241031;103007;0.6446;1000;11365677944;B
20241031;103011;0.644;1000;11365678481;S
20241031;103011;0.644;4000;11365678482;S
20241031;103011;0.6438;15000;11365678483;S
20241031;103016;0.644;3000;11365679385;S
20241031;103019;0.6441;10000;11365680241;S
20241031;103019;0.644;12000;11365680242;S
20241031;103019;0.644;10000;11365680243;S
20241031;103019;0.6439;68000;11365680244;S
20241031;103025;0.6439;35000;11365681552;S
20241031;103025;0.6439;5000;11365681553;S
20241031;103025;0.6439;11000;11365681554;S
20241031;103026;0.6439;31000;11365681753;B
20241031;103034;0.6439;9000;11365683051;B
20241031;103034;0.6443;9000;11365683052;B
20241031;103034;0.6444;5000;11365683053;B
20241031;103034;0.6444;9000;11365683054;B
20241031;103034;0.6445;1000;11365683055;B
20241031;103034;0.6447;30000;11365683056;B
20241031;103034;0.6448;7000;11365683057;B
20241031;103037;0.6442;20000;11365683356;S
20241031;103037;0.6442;35000;11365683357;S
20241031;103037;0.644;90000;11365683358;S
20241031;103037;0.6438;55000;11365683359;S
20241031;103040;0.6448;10000;11365683831;B
20241031;103057;0.6447;1000;11365689106;B
20241031;103057;0.6447;9000;11365689301;B
20241031;103057;0.6447;7000;11365689302;B
20241031;103057;0.6448;34000;11365689303;B
20241031;103102;0.6448;1000;11365690963;B
20241031;103102;0.6448;5000;11365690964;B
20241031;103106;0.6448;10000;11365692865;B
20241031;103107;0.6449;100000;11365692947;B
20241031;103107;0.645;250000;11365692948;B
20241031;103107;0.6453;200000;11365692949;B
20241031;103107;0.6453;100000;11365692950;B
20241031;103109;0.6457;50000;11365693982;B
20241031;103109;0.646;8000;11365693983;B
20241031;103109;0.646;1000;11365693984;B
20241031;103109;0.646;26000;11365693985;B
20241031;103113;0.6461;1000;11365695184;B
20241031;103114;0.6461;1000;11365695691;B
20241031;103116;0.646;10000;11365696386;B
20241031;103116;0.646;3000;11365696387;S
20241031;103121;0.646;100000;11365698770;S
20241031;103121;0.646;35000;11365698771;S
20241031;103121;0.6448;15000;11365698772;S
20241031;103126;0.646;78000;11365700412;B
20241031;103126;0.646;102000;11365700413;B
20241031;103126;0.6461;35000;11365700414;B
20241031;103126;0.6463;76000;11365700415;B
20241031;103126;0.6464;51000;11365700416;B
20241031;103126;0.6465;1000;11365700417;B
20241031;103126;0.6466;10000;11365700418;B
20241031;103126;0.6466;1000;11365700419;B
20241031;103126;0.6468;10000;11365700420;B
20241031;103126;0.6468;20000;11365700421;B
20241031;103126;0.6468;1000;11365700422;B
20241031;103126;0.6468;415000;11365700423;B
20241031;103128;0.646;2000;11365701330;S
20241031;103128;0.6458;35000;11365701331;S
20241031;103128;0.6451;30000;11365701332;S
20241031;103128;0.6451;20000;11365701333;S
20241031;103128;0.645;5000;11365701334;S
20241031;103128;0.6447;8000;11365701335;S
20241031;103211;0.645;20000;11365711491;S
20241031;103211;0.645;26000;11365711492;S
20241031;103214;0.6454;1000;11365711875;B
20241031;103214;0.645;10000;11365711965;S
20241031;103214;0.645;119000;11365711966;S
20241031;103221;0.6448;2000;11365712576;B
20241031;103234;0.6451;11000;11365714264;B
20241031;103235;0.6445;1000;11365714302;S
20241031;103235;0.6445;1000;11365714303;S
20241031;103239;0.6445;2000;11365714760;S
20241031;103249;0.6451;1000;11365715972;B
20241031;103250;0.6451;37000;11365716146;B
20241031;103255;0.6446;1000;11365716694;S
20241031;103255;0.6446;1000;11365716695;S
20241031;103302;0.6451;1000;11365717552;B
20241031;103302;0.6451;1000;11365717553;B
20241031;103304;0.6451;3000;11365717785;S
20241031;103309;0.6451;5000;11365718459;S
20241031;103309;0.6447;1000;11365718465;S
20241031;103309;0.6446;2000;11365718466;S
20241031;103309;0.6446;8000;11365718467;S
20241031;103309;0.6445;97000;11365718468;S
20241031;103309;0.6445;8000;11365718469;S
20241031;103309;0.6442;35000;11365718471;S
20241031;103314;0.644;20000;11365719405;S
20241031;103315;0.6451;40000;11365719754;B
20241031;103315;0.6451;35000;11365719755;B
20241031;103315;0.6452;5000;11365719756;B
20241031;103315;0.6455;154000;11365719757;B
20241031;103315;0.6456;151000;11365719758;B
20241031;103349;0.6449;28000;11365725138;B
20241031;103349;0.645;35000;11365725139;B
20241031;103349;0.6451;37000;11365725140;B
20241031;103411;0.6446;18000;11365727976;B
20241031;103419;0.6448;1000;11365728792;B
20241031;103421;0.6438;1000;11365729085;S
20241031;103421;0.6438;10000;11365729086;S
20241031;103423;0.6447;6000;11365729312;B
20241031;103426;0.6437;2000;11365729771;S
20241031;103444;0.6438;1000;11365731830;S
20241031;103452;0.6443;1000;11365732836;B
20241031;103501;0.6442;1000;11365734221;S
20241031;103501;0.6442;9000;11365734222;S
20241031;103509;0.6442;29000;11365734966;S
20241031;103509;0.6442;10000;11365734967;S
20241031;103509;0.6441;35000;11365734968;S
20241031;103509;0.6441;10000;11365734969;S
20241031;103509;0.644;1000;11365734970;S
20241031;103509;0.6439;15000;11365734971;S
20241031;103510;0.6449;1000;11365735020;B
20241031;103510;0.6449;35000;11365735021;B
20241031;103510;0.645;4000;11365735022;B
20241031;103510;0.6439;12000;11365735047;S
20241031;103510;0.6448;15000;11365735063;B
20241031;103510;0.6448;6000;11365735064;B
20241031;103526;0.6443;2000;11365736851;S
20241031;103559;0.6446;1000;11365741675;S
20241031;103603;0.6446;5000;11365742243;S
20241031;103609;0.6446;2000;11365743304;S
20241031;103609;0.6446;5000;11365743305;S
20241031;103609;0.6443;35000;11365743306;S
20241031;103609;0.6442;3000;11365743307;S
20241031;103609;0.6442;19000;11365743308;S
20241031;103609;0.6442;5000;11365743309;S
20241031;103609;0.6442;150000;11365743310;S
20241031;103615;0.6439;1000;11365744706;S
20241031;103629;0.6446;1000;11365746609;B
20241031;103629;0.6448;10000;11365746610;B
20241031;103629;0.6449;34000;11365746611;B
20241031;103629;0.6449;35000;11365746612;B
20241031;103629;0.6449;10000;11365746613;B
20241031;103629;0.6451;8000;11365746614;B
20241031;103629;0.6452;2000;11365746615;B
20241031;103629;0.6454;5000;11365746616;B
20241031;103629;0.6455;30000;11365746617;B
20241031;103629;0.6455;30000;11365746618;B
20241031;103629;0.6455;150000;11365746619;B
20241031;103629;0.6456;49000;11365746620;B
20241031;103629;0.6459;21000;11365746621;B
20241031;103629;0.6459;415000;11365746622;B
20241031;103643;0.6451;19000;11365748396;S
20241031;103643;0.6451;35000;11365748397;S
20241031;103645;0.6451;16000;11365748667;B
20241031;103655;0.6454;1000;11365750332;S
20241031;103655;0.6454;35000;11365750333;S
20241031;103655;0.6454;14000;11365750334;B
20241031;103704;0.6459;4000;11365751807;B
20241031;103704;0.6459;42000;11365751809;B
20241031;103720;0.6456;8000;11365754137;S
20241031;103729;0.6459;4000;11365755265;B
20241031;103729;0.646;16000;11365755266;B
20241031;103732;0.646;84000;11365755578;B
20241031;103732;0.646;116000;11365755579;B
20241031;103732;0.646;37000;11365755669;B
20241031;103732;0.646;5000;11365755670;B
20241031;103732;0.646;1000;11365755671;B
20241031;103732;0.646;57000;11365755672;B
20241031;103746;0.6459;2000;11365757127;B
20241031;103746;0.6455;2000;11365757129;S
20241031;103746;0.6455;8000;11365757130;S
20241031;103754;0.6455;34000;11365758239;S
20241031;103754;0.6455;8000;11365758240;S
20241031;103754;0.6454;8000;11365758241;S
20241031;103754;0.6454;35000;11365758242;S
20241031;103754;0.6451;150000;11365758243;S
