<DATE>;<TIME>;<LAST>;<VOL>;<ID>;<OPER>
20241115;095948;103.29;4;11425862163;B
20241115;095948;103.29;100;11425862164;B
20241115;095948;103.29;1;11425862165;B
20241115;095948;103.29;1;11425862166;S
20241115;095948;103.29;10;11425862167;S
20241115;095948;103.29;10;11425862168;S
20241115;095948;103.29;10;11425862169;S
20241115;095948;103.29;1;11425862170;S
20241115;095948;103.29;1;11425862171;S
20241115;095948;103.29;1;11425862172;S
20241115;095948;103.29;1;11425862173;S
20241115;095948;103.29;4;11425862174;S
20241115;095948;103.29;10;11425862175;S
20241115;095948;103.29;1;11425862176;S
20241115;095948;103.29;19;11425862177;B
20241115;095948;103.29;10;11425862178;B
20241115;095948;103.29;37;11425862179;B
20241115;095948;103.29;60;11425862180;S
20241115;095948;103.29;1;11425862181;S
20241115;095948;103.29;60;11425862182;S
20241115;095948;103.29;18;11425862183;S
20241115;095948;103.29;1;11425862184;S
20241115;095948;103.29;96;11425862185;S
20241115;095948;103.29;10;11425862186;B
20241115;095948;103.29;38;11425862187;B
20241115;095948;103.29;10;11425862188;B
20241115;095948;103.29;3;11425862189;B
20241115;095948;103.29;10;11425862190;S
20241115;095948;103.29;10;11425862191;S
20241115;095948;103.29;183;11425862192;S
20241115;095948;103.29;20;11425862193;S
20241115;095948;103.29;63;11425862194;S
20241115;095948;103.29;60;11425862195;S
20241115;095948;103.29;50;11425862196;S
20241115;095948;103.29;50;11425862197;S
20241115;095948;103.29;69;11425862198;S
20241115;095948;103.29;10;11425862199;S
20241115;095948;103.29;495;11425862200;S
20241115;095948;103.29;505;11425862201;S
20241115;095948;103.29;50;11425862202;B
20241115;095948;103.29;5;11425862203;B
20241115;095948;103.29;10;11425862204;B
20241115;095948;103.29;50;11425862205;B
20241115;095948;103.29;1;11425862206;B
20241115;095948;103.29;48;11425862207;B
20241115;095948;103.29;10;11425862208;B
20241115;095948;103.29;321;11425862209;B
20241115;100001;103.29;79;11425865259;B
20241115;100001;103.29;1;11425865260;B
20241115;100001;103.29;1452;11425865261;B
20241115;100001;103.29;117;11425865262;B
20241115;100001;103.3;50;11425865263;B
20241115;100001;103.3;34;11425865264;B
20241115;100001;103.3;1847;11425865265;B
20241115;100001;103.3;300;11425865269;B
20241115;100001;103.3;1;11425865401;B
20241115;100002;103.3;1200;11425865555;B
20241115;100002;103.24;1200;11425865841;S
20241115;100002;103.24;102;11425865842;S
20241115;100002;103.24;102;11425865843;S
20241115;100002;103.21;116;11425865844;S
20241115;100002;103.21;400;11425865845;S
20241115;100002;103.2;400;11425865846;S
20241115;100002;103.19;400;11425865847;S
20241115;100002;103.18;280;11425865848;S
20241115;100002;103.23;220;11425865943;S
20241115;100003;103.28;1;11425866055;B
20241115;100003;103.3;24;11425866056;B
20241115;100003;103.23;368;11425866245;S
20241115;100003;103.22;1200;11425866246;S
20241115;100003;103.21;97;11425866247;S
20241115;100003;103.2;97;11425866248;S
20241115;100003;103.18;120;11425866249;S
20241115;100003;103.18;1118;11425866250;S
20241115;100004;103.29;1;11425866486;B
20241115;100004;103.29;1;11425866488;B
20241115;100004;103.21;1;11425866490;S
20241115;100004;103.21;1;11425866492;S
20241115;100004;103.21;2;11425866493;S
20241115;100004;103.21;10;11425866664;S
20241115;100004;103.29;1;11425866666;B
20241115;100004;103.29;10;11425866669;B
20241115;100004;103.29;10;11425866670;B
20241115;100004;103.22;1;11425866673;S
20241115;100004;103.29;1;11425866675;B
20241115;100004;103.29;1;11425866676;B
20241115;100004;103.3;1;11425867080;B
20241115;100004;103.3;1;11425867082;B
20241115;100004;103.22;8;11425867084;S
20241115;100004;103.3;1;11425867192;B
20241115;100004;103.3;1;11425867363;B
20241115;100004;103.3;3;11425867365;B
20241115;100004;103.3;1;11425867366;B
20241115;100004;103.22;1;11425867368;S
20241115;100004;103.22;1;11425867371;S
20241115;100004;103.3;1;11425867377;B
20241115;100004;103.3;1;11425867379;B
20241115;100004;103.3;1;11425867383;B
20241115;100004;103.3;1;11425867386;B
20241115;100004;103.3;1;11425867507;B
20241115;100004;103.3;1;11425867511;B
20241115;100004;103.3;1;11425867513;B
20241115;100004;103.3;1;11425867517;B
20241115;100004;103.22;4;11425867521;S
20241115;100004;103.3;1;11425867522;B
20241115;100004;103.22;7;11425867523;S
20241115;100004;103.3;1;11425867525;B
20241115;100004;103.3;1;11425867526;B
20241115;100004;103.3;1;11425867781;B
20241115;100004;103.22;10;11425867788;S
20241115;100004;103.3;1;11425867909;B
20241115;100004;103.22;11;11425867918;S
20241115;100004;103.22;2;11425867922;S
20241115;100004;103.3;1;11425867925;B
20241115;100004;103.3;4;11425868366;B
20241115;100005;103.3;1;11425868374;B
20241115;100005;103.3;8;11425868375;B
20241115;100005;103.3;1;11425868395;B
20241115;100005;103.3;1;11425868397;B
20241115;100005;103.3;3;11425868415;B
20241115;100005;103.3;1;11425868417;B
20241115;100005;103.3;1;11425868424;B
20241115;100005;103.3;1;11425868433;B
20241115;100005;103.3;1;11425868483;B
20241115;100005;103.3;1;11425868495;B
20241115;100005;103.3;1;11425868500;B
20241115;100005;103.28;22;11425868639;S
20241115;100005;103.29;1;11425868715;S
20241115;100005;103.3;10;11425868722;B
20241115;100005;103.3;1;11425868733;B
20241115;100005;103.3;1;11425868808;B
20241115;100005;103.29;10;11425868810;S
20241115;100005;103.3;1;11425868813;B
20241115;100005;103.29;1;11425868816;S
20241115;100005;103.3;1;11425868818;B
20241115;100005;103.3;1;11425868819;B
20241115;100005;103.29;1;11425868821;S
20241115;100005;103.3;1;11425868836;B
20241115;100005;103.3;1;11425868840;B
20241115;100005;103.3;1;11425868843;B
20241115;100005;103.3;1;11425868851;B
20241115;100005;103.3;1;11425868854;B
20241115;100005;103.3;7;11425868858;B
20241115;100005;103.3;10;11425868860;B
20241115;100005;103.3;1;11425868865;B
20241115;100005;103.3;1;11425868867;B
20241115;100005;103.3;39;11425869148;B
20241115;100005;103.3;2;11425869149;B
20241115;100005;103.3;400;11425869150;B
20241115;100005;103.31;50;11425869155;B
20241115;100005;103.31;13;11425869156;B
20241115;100005;103.31;2;11425869169;B
20241115;100005;103.36;1;11425869287;B
20241115;100005;103.31;1;11425869288;S
20241115;100005;103.31;1;11425869290;S
20241115;100005;103.31;1;11425869292;S
20241115;100005;103.31;1;11425869297;S
20241115;100005;103.31;1;11425869298;S
20241115;100005;103.36;4;11425869299;B
20241115;100005;103.36;1;11425869300;B
20241115;100005;103.36;1;11425869301;B
20241115;100005;103.36;10;11425869303;B
20241115;100005;103.36;1;11425869308;B
20241115;100005;103.36;32;11425869556;B
20241115;100005;103.31;500;11425869588;S
20241115;100005;103.36;18;11425869654;B
20241115;100005;103.36;1;11425869691;B
20241115;100005;103.36;1;11425869696;B
20241115;100005;103.36;1;11425869700;B
20241115;100005;103.31;1;11425869705;S
20241115;100005;103.36;1;11425869709;B
20241115;100005;103.31;1;11425869721;S
20241115;100005;103.36;10;11425869724;B
20241115;100005;103.36;1;11425869727;B
20241115;100005;103.36;1;11425869733;B
20241115;100005;103.36;1;11425869746;B
20241115;100005;103.36;1;11425869793;B
20241115;100005;103.31;945;11425869795;S
20241115;100005;103.3;187;11425869796;S
20241115;100005;103.28;180;11425869797;S
20241115;100005;103.22;193;11425869798;S
20241115;100005;103.22;1495;11425869799;S
20241115;100005;103.36;1;11425869803;B
20241115;100005;103.36;1;11425869807;B
20241115;100005;103.34;1;11425869811;B
20241115;100005;103.41;1;11425870018;B
20241115;100006;103.41;20;11425870247;B
20241115;100006;103.39;100;11425870368;B
20241115;100006;103.39;15;11425870588;B
20241115;100006;103.28;10;11425870595;S
20241115;100006;103.39;1;11425870596;B
20241115;100006;103.39;1;11425870597;B
20241115;100006;103.39;1;11425870598;B
20241115;100006;103.39;1;11425870599;B
20241115;100006;103.35;10;11425870600;B
20241115;100006;103.34;1;11425870781;B
20241115;100006;103.34;1;11425870782;B
20241115;100006;103.34;1;11425870783;B
20241115;100006;103.34;1;11425870972;B
20241115;100006;103.34;1;11425870973;B
20241115;100006;103.34;1;11425870974;B
20241115;100006;103.31;2;11425870975;S
20241115;100006;103.31;1;11425870976;S
20241115;100006;103.34;1;11425870977;B
20241115;100006;103.31;7;11425870978;S
20241115;100006;103.34;100;11425871099;B
20241115;100006;103.34;1;11425871137;B
20241115;100006;103.34;10;11425871140;B
20241115;100007;103.34;1;11425871402;S
20241115;100007;103.39;1;11425871407;B
20241115;100007;103.34;5;11425871408;S
20241115;100007;103.33;6;11425871410;S
20241115;100007;103.38;10;11425871417;B
20241115;100007;103.38;1;11425871418;B
20241115;100007;103.37;1;11425871420;B
20241115;100007;103.37;1;11425871421;B
20241115;100007;103.37;1;11425871425;B
20241115;100007;103.39;10;11425871668;B
20241115;100007;103.34;8;11425871669;S
20241115;100007;103.39;1;11425871670;B
20241115;100007;103.39;1;11425871671;B
20241115;100007;103.34;1;11425871672;S
20241115;100007;103.39;9;11425871770;B
20241115;100007;103.34;10;11425871788;S
20241115;100007;103.39;10;11425871813;B
20241115;100007;103.39;18;11425871852;B
20241115;100007;103.39;32;11425871855;B
20241115;100007;103.34;200;11425871869;S
20241115;100007;103.33;11;11425871870;S
20241115;100007;103.31;11;11425871871;S
20241115;100007;103.3;1451;11425871872;S
20241115;100007;103.25;10;11425871873;S
20241115;100007;103.21;1186;11425871874;S
20241115;100007;103.2;131;11425871875;S
20241115;100007;103.29;200;11425871879;S
20241115;100007;103.28;300;11425871880;S
20241115;100009;103.28;200;11425872154;S
20241115;100009;103.27;1451;11425872155;S
20241115;100009;103.21;216;11425872156;S
20241115;100009;103.2;1133;11425872157;S
20241115;100009;103.26;200;11425872329;S
20241115;100009;103.25;1452;11425872330;S
20241115;100009;103.21;252;11425872331;S
20241115;100009;103.2;400;11425872332;S
20241115;100009;103.2;221;11425872333;S
20241115;100009;103.19;1200;11425872334;S
20241115;100009;103.19;400;11425872335;S
20241115;100009;103.18;400;11425872336;S
20241115;100009;103.18;314;11425872337;S
20241115;100009;103.18;282;11425872338;S
20241115;100009;103.18;208;11425872339;S
20241115;100009;103.17;400;11425872340;S
20241115;100009;103.17;1271;11425872341;S
20241115;100009;103.29;11;11425872371;B
20241115;100009;103.3;11;11425872372;B
20241115;100009;103.31;78;11425872373;B
20241115;100009;103.32;20;11425872378;B
20241115;100010;103.3;17;11425872490;B
20241115;100010;103.25;200;11425872677;S
20241115;100010;103.24;11;11425872678;S
20241115;100010;103.23;1452;11425872679;S
20241115;100010;103.18;204;11425872680;S
20241115;100010;103.17;400;11425872681;S
20241115;100010;103.17;733;11425872682;S
20241115;100011;103.23;200;11425872880;S
20241115;100011;103.22;800;11425872881;S
20241115;100011;103.29;10;11425872892;B
20241115;100011;103.28;100;11425872900;B
20241115;100011;103.29;10;11425872988;B
20241115;100011;103.23;200;11425873289;S
20241115;100011;103.22;100;11425873290;S
20241115;100011;103.21;1452;11425873291;S
20241115;100011;103.15;17;11425873292;S
20241115;100011;103.15;3996;11425873293;S
20241115;100011;103.15;400;11425873294;S
20241115;100011;103.14;299;11425873295;S
20241115;100011;103.14;400;11425873296;S
20241115;100011;103.14;144;11425873297;S
20241115;100011;103.13;400;11425873298;S
20241115;100011;103.12;400;11425873299;S
20241115;100011;103.12;192;11425873300;S
20241115;100012;103.18;11;11425873471;S
20241115;100012;103.23;900;11425873472;B
20241115;100012;103.27;11;11425873539;B
20241115;100012;103.18;23;11425873567;S
20241115;100012;103.18;34;11425873617;S
20241115;100012;103.18;100;11425873758;S
20241115;100013;103.18;200;11425873849;S
20241115;100013;103.17;1453;11425873850;S
20241115;100013;103.11;400;11425873851;S
20241115;100013;103.1;400;11425873852;S
20241115;100013;103.1;144;11425873853;S
20241115;100013;103.09;403;11425873854;S
20241115;100013;103.21;1000;11425873872;B
20241115;100013;103.2;2;11425873877;S
20241115;100014;103.21;9;11425874223;B
20241115;100014;103.21;15;11425874232;B
20241115;100014;103.21;1;11425874235;B
20241115;100014;103.2;25;11425874293;S
20241115;100014;103.21;342;11425874294;B
20241115;100014;103.21;25;11425874304;B
20241115;100014;103.2;1000;11425874322;S
20241115;100014;103.2;200;11425874323;S
20241115;100014;103.19;30;11425874324;S
20241115;100014;103.16;1453;11425874325;S
20241115;100014;103.12;252;11425874326;S
20241115;100014;103.11;65;11425874327;S
20241115;100014;103.21;25;11425874337;B
20241115;100014;103.21;17;11425874344;B
20241115;100015;103.16;25;11425874476;S
20241115;100015;103.15;25;11425874478;S
20241115;100015;103.15;200;11425874521;S
20241115;100015;103.14;1025;11425874522;S
20241115;100015;103.14;34;11425874533;S
20241115;100016;103.21;10;11425874684;B
20241115;100016;103.17;200;11425874700;S
20241115;100016;103.16;10;11425874701;S
20241115;100016;103.14;12;11425874702;S
20241115;100016;103.13;1453;11425874703;S
20241115;100016;103.11;397;11425874704;S
20241115;100016;103.09;400;11425874705;S
20241115;100016;103.09;1392;11425874706;S
20241115;100016;103.18;400;11425874708;B
20241115;100016;103.18;500;11425874709;B
20241115;100016;103.12;200;11425874728;S
20241115;100016;103.11;1453;11425874729;S
20241115;100016;103.09;608;11425874730;S
20241115;100016;103.06;400;11425874731;S
20241115;100016;103.06;1;11425874732;S
20241115;100016;103.06;338;11425874733;S
20241115;100017;103.09;1;11425874964;S
20241115;100017;103.09;11;11425875052;S
20241115;100017;103.1;108;11425875207;S
20241115;100017;103.08;1454;11425875208;S
20241115;100017;103.08;150;11425875209;S
20241115;100017;103.05;1;11425875210;S
20241115;100017;103.05;4;11425875211;S
20241115;100017;103.05;12;11425875212;S
20241115;100017;103.05;300;11425875213;S
20241115;100017;103.05;400;11425875214;S
20241115;100017;103.04;400;11425875215;S
20241115;100017;103.04;171;11425875216;S
20241115;100017;103.05;1;11425875217;S
20241115;100018;103.06;108;11425875378;S
20241115;100018;103.06;1454;11425875379;S
20241115;100018;103.05;400;11425875380;S
20241115;100018;103.04;400;11425875381;S
20241115;100018;103.03;400;11425875382;S
20241115;100018;103.02;575;11425875383;S
20241115;100018;103.02;400;11425875384;S
20241115;100018;103.02;1263;11425875385;S
20241115;100018;103.04;1454;11425875450;S
20241115;100018;103.03;48;11425875451;S
20241115;100018;103.02;1161;11425875452;S
20241115;100018;103.02;337;11425875453;S
20241115;100019;103.02;770;11425875641;S
20241115;100019;103.01;9;11425875642;S
20241115;100019;103.01;50;11425875643;S
20241115;100019;103;1;11425875644;S
20241115;100019;103;4;11425875645;S
20241115;100019;103;10;11425875646;S
20241115;100019;103;10;11425875647;S
20241115;100019;103;3;11425875648;S
20241115;100019;103;1;11425875649;S
20241115;100019;103;20;11425875650;S
20241115;100019;103;2122;11425875651;S
20241115;100019;103;1000;11425875682;S
20241115;100020;103;2;11425875905;S
20241115;100020;103;300;11425875919;S
20241115;100020;103.03;1000;11425875933;B
20241115;100020;103.01;6;11425875945;S
20241115;100020;103;1576;11425875946;S
20241115;100020;103;50;11425875947;S
20241115;100020;103;2;11425875948;S
20241115;100020;103;1000;11425875949;S
20241115;100020;103;1;11425875950;S
20241115;100020;103;365;11425875951;S
20241115;100020;103;1000;11425876060;S
20241115;100020;103.01;108;11425876145;S
20241115;100020;103;2892;11425876146;S
20241115;100021;103.03;100;11425876253;S
20241115;100021;103;2900;11425876254;S
20241115;100021;103;1000;11425876277;S
20241115;100021;103.06;77;11425876303;B
20241115;100021;103;3000;11425876331;S
20241115;100022;103.07;50;11425876553;B
20241115;100022;103;1000;11425876592;S
20241115;100022;103.05;1000;11425876612;B
20241115;100022;103;5000;11425876635;S
20241115;100022;103;4300;11425876777;S
20241115;100023;103.02;1000;11425877076;S
20241115;100023;103;4000;11425877077;S
20241115;100024;103.01;1934;11425877260;S
20241115;100024;103;1066;11425877261;S
20241115;100024;103;600;11425877266;S
20241115;100024;103;96;11425877291;S
20241115;100024;103;10;11425877302;S
20241115;100025;103.04;5;11425877559;B
20241115;100025;103;150;11425877887;S
20241115;100025;103;20;11425877894;S
20241115;100026;103.04;50;11425877951;B
20241115;100027;103.04;400;11425878111;B
20241115;100027;103.04;100;11425878112;B
20241115;100027;103.04;10;11425878398;B
20241115;100028;103.01;20;11425878554;S
20241115;100028;103.04;50;11425878570;B
20241115;100030;103.04;100;11425879388;B
20241115;100031;103.04;100;11425879442;B
20241115;100031;103.04;140;11425879795;B
20241115;100033;103.08;400;11425880059;B
20241115;100033;103.09;150;11425880060;B
20241115;100033;103.09;60;11425880262;B
20241115;100033;103.09;50;11425880293;B
20241115;100034;103.05;500;11425880405;S
20241115;100034;103.05;661;11425880406;S
20241115;100034;103.04;860;11425880407;S
20241115;100034;103.03;500;11425880423;B
20241115;100034;103.02;28;11425880472;S
20241115;100034;103.03;48;11425880475;B
20241115;100034;103.03;100;11425880508;B
20241115;100035;103.03;200;11425880644;B
20241115;100035;103.03;352;11425880663;B
20241115;100035;103.03;400;11425880664;B
20241115;100035;103.04;9;11425880665;B
20241115;100035;103.04;239;11425880666;B
20241115;100037;103.03;10;11425881209;S
20241115;100037;103.02;72;11425881210;S
20241115;100037;103.02;50;11425881211;S
20241115;100037;103.01;168;11425881212;S
20241115;100037;103.02;100;11425881287;S
20241115;100038;103.02;300;11425881373;S
20241115;100038;103.02;54;11425881406;S
20241115;100038;103.02;300;11425881444;S
20241115;100038;103.02;246;11425881484;S
20241115;100038;103.01;54;11425881485;S
20241115;100039;103.01;278;11425881590;S
20241115;100039;103;22;11425881591;S
20241115;100039;103;300;11425881688;S
20241115;100040;103;300;11425881813;S
20241115;100040;103;300;11425881880;S
20241115;100041;103.03;136;11425882102;B
20241115;100041;103.04;5;11425882294;B
20241115;100042;103.04;12;11425882411;B
20241115;100043;103.04;50;11425882625;B
20241115;100043;103.04;5;11425882725;B
20241115;100043;103.04;89;11425882826;B
20241115;100043;103.04;136;11425882827;B
20241115;100043;103.05;3000;11425882828;B
20241115;100043;103.05;400;11425882829;B
20241115;100043;103.05;1200;11425882830;B
20241115;100043;103.06;400;11425882831;B
20241115;100043;103.06;150;11425882832;B
20241115;100043;103.07;400;11425882833;B
20241115;100043;103.08;400;11425882834;B
20241115;100044;103.08;500;11425882870;S
20241115;100044;103.08;68;11425882983;S
20241115;100044;103.08;447;11425882984;S
20241115;100044;103.08;1;11425882986;S
20241115;100046;103.1;400;11425885078;B
20241115;100046;103.1;100;11425885079;B
20241115;100046;103.08;184;11425885129;S
20241115;100046;103.08;4;11425885130;S
20241115;100046;103.04;5;11425885131;S
20241115;100046;103.03;864;11425885132;S
20241115;100046;103.03;8;11425885133;S
20241115;100046;103.01;1934;11425885134;S
20241115;100046;103.01;150;11425885135;S
20241115;100046;103;3679;11425885136;S
20241115;100046;103;5;11425885137;S
20241115;100046;102.98;10;11425885155;S
20241115;100048;102.99;5;11425886187;B
20241115;100049;102.98;290;11425886263;S
20241115;100049;102.94;1;11425886264;S
20241115;100049;102.94;100;11425886265;S
20241115;100049;102.93;100;11425886266;S
20241115;100049;102.93;9;11425886267;S
20241115;100050;102.98;500;11425886633;S
20241115;100050;102.93;91;11425886634;S
20241115;100050;102.92;6;11425886635;S
20241115;100050;102.92;2;11425886636;S
20241115;100050;102.92;100;11425886637;S
20241115;100050;102.92;301;11425886638;S
20241115;100050;102.92;500;11425886702;S
20241115;100051;102.98;50;11425886809;B
20241115;100052;102.92;36;11425887161;S
20241115;100052;102.91;1964;11425887162;S
20241115;100052;102.91;1;11425887199;S
20241115;100053;102.91;35;11425887478;S
20241115;100053;102.91;40;11425887479;S
20241115;100053;102.9;10;11425887480;S
20241115;100053;102.9;10;11425887481;S
20241115;100053;102.9;1905;11425887482;S
20241115;100053;102.92;2;11425887667;S
20241115;100054;102.96;136;11425887806;B
20241115;100054;102.98;364;11425887807;B
20241115;100055;102.93;15;11425888083;S
20241115;100055;102.92;498;11425888084;S
20241115;100055;102.92;500;11425888085;S
20241115;100055;102.91;1934;11425888086;S
20241115;100055;102.91;100;11425888087;S
20241115;100055;102.9;799;11425888088;S
20241115;100056;102.91;2;11425888222;S
20241115;100056;102.91;50;11425888223;S
20241115;100056;102.9;296;11425888224;S
20241115;100056;102.9;1652;11425888225;S
20241115;100056;102.97;40;11425888278;B
20241115;100057;102.95;500;11425888514;B
20241115;100101;102.96;50;11425889469;B
20241115;100103;102.96;1;11425889902;B
20241115;100105;102.96;95;11425890328;B
20241115;100105;102.95;1;11425890405;S
20241115;100105;102.95;9;11425890450;S
20241115;100106;102.95;10;11425890840;S
20241115;100106;102.93;10;11425890841;S
20241115;100106;102.92;1;11425890842;S
20241115;100107;102.96;1;11425890997;B
20241115;100107;102.96;353;11425891019;B
20241115;100107;102.98;4761;11425891020;B
20241115;100107;102.98;200;11425891021;B
20241115;100107;102.99;10;11425891025;B
20241115;100107;103;3167;11425891033;B
20241115;100107;103;100;11425891034;B
20241115;100109;103.07;1200;11425891634;B
20241115;100109;103.09;400;11425891635;B
20241115;100109;103.1;400;11425891636;B
20241115;100109;103.08;20;11425891814;B
20241115;100112;103.07;30;11425893100;B
20241115;100114;103.04;100;11425893756;S
20241115;100114;103.07;10;11425893759;B
20241115;100114;103.08;20;11425893760;B
20241115;100114;103.09;40;11425893761;B
20241115;100114;103.1;400;11425893762;B
20241115;100114;103.1;30;11425893763;B
20241115;100114;103.04;1;11425893776;S
20241115;100114;103.1;1;11425893853;B
20241115;100115;103.1;1;11425894025;B
20241115;100115;103.1;2;11425894232;B
20241115;100118;103.09;5;11425895279;S
20241115;100118;103.1;1166;11425895375;B
20241115;100118;103.1;400;11425895376;B
20241115;100118;103.11;400;11425895377;B
20241115;100118;103.12;34;11425895378;B
20241115;100119;103.12;863;11425895823;S
20241115;100120;103.07;500;11425896128;B
20241115;100120;103.1;1137;11425896129;B
20241115;100120;103.1;363;11425896130;B
20241115;100128;103.13;1;11425898697;B
20241115;100128;103.13;399;11425898700;B
20241115;100128;103.14;400;11425898701;B
20241115;100128;103.14;40;11425898702;B
20241115;100128;103.14;161;11425898703;B
20241115;100129;103.07;1;11425898942;S
20241115;100129;103.06;17;11425898943;S
20241115;100129;103.1;2;11425898964;B
20241115;100129;103.1;700;11425898965;B
20241115;100129;103.13;400;11425898966;B
20241115;100129;103.14;339;11425898967;B
20241115;100129;103.14;400;11425898968;B
20241115;100129;103.14;3000;11425898969;B
20241115;100129;103.15;282;11425898970;B
20241115;100129;103.15;400;11425898971;B
20241115;100129;103.15;136;11425898972;B
20241115;100129;103.16;400;11425898973;B
20241115;100129;103.16;341;11425898974;B
20241115;100129;103.15;400;11425899047;B
20241115;100129;103.16;159;11425899048;B
20241115;100129;103.16;150;11425899049;B
20241115;100129;103.16;12;11425899050;B
20241115;100129;103.16;279;11425899051;B
20241115;100131;103.18;400;11425899556;B
20241115;100131;103.18;12;11425899557;B
20241115;100131;103.18;20;11425899558;B
20241115;100131;103.19;400;11425899559;B
20241115;100131;103.19;168;11425899560;B
20241115;100131;103.18;3;11425899913;B
20241115;100134;103.14;6;11425900628;S
20241115;100137;103.13;1;11425901293;S
20241115;100137;103.13;999;11425901338;S
20241115;100137;103.12;136;11425901339;S
20241115;100137;103.1;4;11425901340;S
20241115;100137;103.1;300;11425901341;S
20241115;100137;103.09;1161;11425901342;S
20241115;100137;103.08;400;11425901343;S
20241115;100137;103.07;1;11425901344;S
20241115;100137;103.07;400;11425901345;S
20241115;100137;103.06;1934;11425901346;S
20241115;100137;103.06;168;11425901347;S
20241115;100137;103.06;400;11425901348;S
20241115;100137;103.06;150;11425901349;S
20241115;100137;103.05;3800;11425901350;S
20241115;100137;103.05;1;11425901351;S
20241115;100137;103.05;400;11425901352;S
20241115;100137;103.05;2203;11425901353;S
20241115;100137;103.08;114;11425901365;S
20241115;100137;103.07;886;11425901366;S
20241115;100138;103.1;50;11425901505;S
20241115;100138;103.1;3;11425901546;S
20241115;100139;103.16;633;11425901786;B
20241115;100142;103.11;50;11425902551;S
20241115;100144;103.12;51;11425902922;S
20241115;100144;103.11;49;11425902923;S
20241115;100146;103.12;24;11425903380;S
20241115;100146;103.11;26;11425903381;S
20241115;100146;103.11;100;11425903386;S
20241115;100147;103.15;100;11425903450;B
20241115;100147;103.16;900;11425903451;B
20241115;100147;103.11;3;11425903503;S
20241115;100148;103.12;1;11425903826;S
20241115;100148;103.11;933;11425903827;S
20241115;100148;103.11;3;11425903828;S
20241115;100148;103.1;63;11425903829;S
20241115;100152;103.15;15;11425904724;B
20241115;100153;103.15;50;11425904903;B
20241115;100155;103.11;100;11425905520;S
20241115;100156;103.11;36;11425905563;S
20241115;100156;103.11;54;11425905564;S
20241115;100157;103.11;9;11425905809;S
20241115;100159;103.11;100;11425906304;S
20241115;100203;103.11;27;11425907227;S
20241115;100203;103.11;3;11425907228;S
20241115;100203;103.11;470;11425907229;S
20241115;100203;103.11;1464;11425907259;S
20241115;100203;103.11;136;11425907260;S
20241115;100203;103.1;884;11425907261;S
20241115;100203;103.1;484;11425907262;S
20241115;100203;103.09;3333;11425907263;S
20241115;100203;103.07;334;11425907264;S
20241115;100203;103.08;136;11425907278;S
20241115;100203;103.07;607;11425907279;S
20241115;100204;103.07;59;11425907302;S
20241115;100204;103.06;1;11425907303;S
20241115;100204;103.06;940;11425907304;S
20241115;100204;103.06;994;11425907341;S
20241115;100204;103.05;434;11425907342;S
20241115;100204;103.05;50;11425907355;S
20241115;100204;103.05;313;11425907364;S
20241115;100204;103.04;1;11425907365;S
20241115;100204;103.04;1;11425907366;S
20241115;100204;103.04;1934;11425907367;S
20241115;100204;103.03;400;11425907368;S
20241115;100204;103.03;1000;11425907369;S
20241115;100204;103.03;3000;11425907370;S
20241115;100204;103.02;400;11425907371;S
20241115;100204;103.01;400;11425907372;S
20241115;100204;103.01;250;11425907373;S
20241115;100204;103.01;136;11425907374;S
20241115;100204;103;1000;11425907375;S
20241115;100204;103;400;11425907376;S
20241115;100204;103;1;11425907377;S
20241115;100204;103;282;11425907378;S
20241115;100204;102.99;400;11425907379;S
20241115;100204;102.98;400;11425907380;S
20241115;100204;102.97;448;11425907381;S
20241115;100206;103.05;758;11425907952;S
20241115;100209;103.02;98;11425908625;B
20241115;100209;103.03;245;11425908626;B
20241115;100209;103.03;98;11425908627;B
20241115;100209;103.03;241;11425908628;B
20241115;100209;103;600;11425908629;S
20241115;100209;103;101;11425908630;S
20241115;100210;103;25;11425908902;B
20241115;100212;103;6;11425909210;B
20241115;100213;102.98;1;11425909436;S
20241115;100213;102.98;1;11425909536;S
20241115;100213;102.98;136;11425909537;S
20241115;100213;102.98;200;11425909538;S
20241115;100214;102.97;52;11425909859;S
20241115;100214;102.97;400;11425909860;S
20241115;100214;102.97;1;11425909861;S
20241115;100214;102.97;200;11425909862;S
20241115;100214;102.96;1347;11425909863;S
20241115;100215;102.99;50;11425909935;B
20241115;100216;103;203;11425910281;B
20241115;100216;103;138;11425910282;B
20241115;100216;103.02;1161;11425910283;B
20241115;100216;103.02;138;11425910284;B
20241115;100216;103.03;560;11425910285;B
20241115;100216;102.97;200;11425910318;S
20241115;100219;103;2000;11425910881;S
20241115;100220;103.02;3;11425911179;B
20241115;100221;103;30;11425911452;S
20241115;100221;102.97;136;11425911453;S
20241115;100221;102.96;152;11425911454;S
20241115;100221;102.96;402;11425911471;S
20241115;100224;102.98;50;11425911939;B
20241115;100226;102.96;7746;11425912591;S
20241115;100226;102.96;200;11425912592;S
20241115;100226;102.95;5;11425912593;S
20241115;100226;102.95;250;11425912594;S
20241115;100226;102.95;200;11425912595;S
20241115;100226;102.97;50;11425912751;B
20241115;100228;102.95;4;11425913141;S
20241115;100228;102.96;4;11425913278;B
20241115;100228;102.96;20;11425913279;B
20241115;100228;102.97;226;11425913280;B
20241115;100229;102.97;4;11425913446;B
20241115;100230;102.95;26;11425913655;S
20241115;100230;102.95;136;11425913656;S
20241115;100230;102.94;4;11425913657;S
20241115;100230;102.94;768;11425913658;S
20241115;100230;102.97;1;11425913768;B
20241115;100230;102.94;22;11425913786;S
20241115;100231;102.97;269;11425913882;B
20241115;100231;102.98;129;11425913883;S
20241115;100231;103;50;11425914011;B
20241115;100231;103;10;11425914052;B
20241115;100231;103;60;11425914082;B
20241115;100232;102.98;38;11425914265;S
20241115;100233;102.98;122;11425914671;S
20241115;100235;102.98;21;11425914916;S
20241115;100235;102.98;200;11425915067;S
20241115;100236;103;390;11425915258;B
20241115;100236;103;50;11425915282;B
20241115;100236;103;152;11425915336;B
20241115;100239;102.98;17;11425915833;S
20241115;100240;102.98;365;11425916168;S
20241115;100243;102.98;1;11425916646;B
20241115;100243;102.98;157;11425916663;B
20241115;100243;102.98;30;11425916664;B
20241115;100243;102.97;100;11425916872;S
20241115;100243;102.98;612;11425916878;B
20241115;100243;103;1388;11425916879;B
20241115;100244;103;50;11425916979;B
20241115;100247;102.98;400;11425917524;S
20241115;100247;102.98;136;11425917525;S
20241115;100247;102.98;444;11425917526;S
20241115;100247;102.97;100;11425917527;S
20241115;100247;102.97;500;11425917528;S
20241115;100247;102.96;420;11425917529;S
20241115;100247;103;1;11425917531;B
20241115;100248;103;6;11425917786;B
20241115;100253;103;24;11425918587;B
20241115;100255;102.96;100;11425918923;S
20241115;100257;103;125;11425919517;B
20241115;100259;103;55;11425919790;B
20241115;100300;102.97;48;11425920040;S
20241115;100300;102.96;252;11425920041;S
20241115;100300;102.96;18;11425920043;S
20241115;100301;102.96;30;11425920119;S
20241115;100301;102.96;10;11425920120;S
20241115;100301;102.95;80;11425920241;S
20241115;100302;102.96;2;11425920350;B
20241115;100302;102.95;24;11425920490;S
20241115;100303;102.95;84;11425920762;S
20241115;100304;102.96;500;11425920816;B
20241115;100305;102.95;40;11425921100;S
20241115;100305;102.95;15;11425921101;S
20241115;100305;102.96;100;11425921186;B
20241115;100306;102.96;9;11425921347;B
20241115;100306;102.95;63;11425921398;S
20241115;100308;102.96;600;11425921740;B
20241115;100308;102.95;32;11425921741;S
20241115;100310;102.95;1590;11425922129;S
20241115;100310;102.95;20;11425922130;S
20241115;100310;102.95;2;11425922131;S
20241115;100310;102.95;500;11425922132;S
20241115;100310;102.95;500;11425922133;S
20241115;100311;102.96;697;11425922303;B
20241115;100311;102.96;24;11425922304;B
20241115;100311;102.96;228;11425922305;B
20241115;100311;102.96;1;11425922306;B
20241115;100311;102.97;228;11425922307;B
20241115;100311;102.97;1161;11425922308;B
20241115;100311;102.98;661;11425922309;B
20241115;100311;102.96;18;11425922325;B
20241115;100311;102.96;232;11425922326;B
20241115;100311;102.96;5;11425922327;B
20241115;100311;102.94;100;11425922392;S
20241115;100313;102.95;10;11425922665;B
20241115;100313;102.96;15;11425922666;B
20241115;100314;102.97;24;11425922943;S
20241115;100315;102.97;100;11425923160;S
20241115;100315;102.98;500;11425923208;B
20241115;100315;102.98;500;11425923247;B
20241115;100316;102.98;500;11425923281;B
20241115;100317;102.97;4;11425923519;S
20241115;100318;102.97;1000;11425923638;S
20241115;100318;102.98;5;11425923690;B
20241115;100322;102.97;15;11425924498;S
20241115;100322;102.97;24;11425924499;S
20241115;100323;102.98;495;11425924826;B
20241115;100323;102.99;5;11425924827;B
20241115;100323;102.99;24;11425924873;B
20241115;100323;103;265;11425924874;B
20241115;100323;103;100;11425924875;B
20241115;100323;103;44;11425924876;B
20241115;100323;103;60;11425924881;S
20241115;100324;103;7;11425924981;S
20241115;100324;103;136;11425924982;S
20241115;100324;102.98;857;11425924983;S
20241115;100325;102.98;143;11425925596;S
20241115;100325;102.98;136;11425925597;S
20241115;100325;102.98;79;11425925598;S
20241115;100325;102.98;440;11425925730;S
20241115;100325;102.98;136;11425925731;S
20241115;100325;102.97;424;11425925732;S
20241115;100327;102.97;984;11425926062;S
20241115;100327;102.97;5;11425926063;S
20241115;100327;102.97;11;11425926064;S
20241115;100329;102.96;1;11425926560;S
20241115;100329;102.96;99;11425926561;S
20241115;100332;102.96;1;11425927089;S
20241115;100332;102.96;136;11425927090;S
20241115;100332;102.95;39;11425927091;S
20241115;100332;102.94;824;11425927092;S
20241115;100334;102.94;787;11425927539;S
20241115;100334;102.94;50;11425927665;S
20241115;100336;102.96;136;11425928055;S
20241115;100336;102.96;136;11425928074;S
20241115;100336;102.95;444;11425928075;S
20241115;100336;102.94;420;11425928076;S
20241115;100337;102.95;136;11425928099;S
20241115;100337;102.94;29;11425928100;S
20241115;100337;102.94;2;11425928101;S
20241115;100337;102.94;5;11425928102;S
20241115;100337;102.94;300;11425928103;S
20241115;100337;102.94;500;11425928134;B
20241115;100338;102.94;4;11425928284;B
20241115;100338;102.93;1;11425928328;S
20241115;100338;102.93;136;11425928329;S
20241115;100338;102.92;1;11425928330;S
20241115;100338;102.92;7;11425928331;S
20241115;100338;102.92;150;11425928332;S
20241115;100338;102.92;2;11425928333;S
20241115;100338;102.92;300;11425928334;S
20241115;100338;102.91;1;11425928335;S
20241115;100338;102.91;4;11425928336;S
20241115;100338;102.91;400;11425928337;S
20241115;100338;102.91;300;11425928338;S
20241115;100338;102.91;10;11425928339;S
20241115;100338;102.91;100;11425928340;S
20241115;100338;102.91;100;11425928341;S
20241115;100338;102.91;10837;11425928342;S
20241115;100338;102.91;2651;11425928367;B
20241115;100338;102.93;261;11425928369;B
20241115;100338;102.92;2500;11425928467;S
20241115;100339;102.92;3000;11425928555;S
20241115;100341;102.92;400;11425928981;S
20241115;100342;102.92;1000;11425929178;S
20241115;100345;102.92;265;11425929551;S
20241115;100345;102.94;4;11425929612;B
20241115;100346;102.94;1;11425929723;B
20241115;100346;102.92;5739;11425929727;S
20241115;100346;102.92;136;11425929728;S
20241115;100346;102.91;7349;11425929729;S
20241115;100346;102.91;1776;11425929736;B
20241115;100346;102.94;19;11425929737;B
20241115;100346;102.94;205;11425929738;B
20241115;100348;102.91;3916;11425930090;S
20241115;100348;102.91;136;11425930091;S
20241115;100348;102.9;348;11425930092;S
20241115;100348;102.9;1000;11425930093;S
20241115;100348;102.9;4;11425930094;S
20241115;100348;102.9;1000;11425930095;S
20241115;100348;102.9;5;11425930096;S
20241115;100348;102.9;655;11425930097;S
20241115;100351;102.91;50;11425930609;S
20241115;100352;102.94;156;11425930851;B
20241115;100352;102.94;639;11425930905;B
20241115;100352;102.92;20;11425930985;S
20241115;100352;102.92;136;11425930986;S
20241115;100352;102.92;1000;11425930987;S
20241115;100352;102.91;150;11425930988;S
20241115;100352;102.91;3515;11425930989;S
20241115;100352;102.91;100;11425930990;S
20241115;100352;102.9;345;11425930991;S
20241115;100352;102.9;4734;11425930992;S
20241115;100354;102.93;136;11425931217;S
20241115;100354;102.91;364;11425931218;S
20241115;100355;102.92;136;11425931338;S
20241115;100355;102.91;64;11425931339;S
20241115;100356;102.96;50;11425931558;B
20241115;100356;102.97;34;11425931559;B
20241115;100356;102.97;1161;11425931560;B
20241115;100356;102.97;805;11425931561;B
20241115;100357;102.99;1;11425931775;B
20241115;100400;102.96;50;11425932299;S
20241115;100400;102.96;11;11425932300;S
20241115;100404;102.93;50;11425933075;S
20241115;100408;102.94;9;11425933623;B
20241115;100408;102.96;41;11425933624;B
20241115;100408;102.96;150;11425933625;B
20241115;100411;102.93;4;11425934112;S
20241115;100411;102.93;100;11425934239;B
20241115;100413;102.92;48;11425934713;S
20241115;100414;102.93;1;11425934959;B
20241115;100415;102.93;395;11425935056;B
20241115;100415;102.93;304;11425935057;B
20241115;100415;102.94;304;11425935058;B
20241115;100415;102.96;1848;11425935059;B
20241115;100415;102.96;149;11425935060;B
20241115;100418;102.92;252;11425935659;S
20241115;100418;102.92;100;11425935660;S
20241115;100418;102.92;444;11425935661;S
20241115;100418;102.92;1;11425935662;S
20241115;100418;102.92;100;11425935663;S
20241115;100418;102.92;50;11425935664;S
20241115;100418;102.92;136;11425935665;S
20241115;100418;102.92;1;11425935666;S
20241115;100418;102.91;1;11425935667;S
20241115;100418;102.91;915;11425935668;S
20241115;100424;102.91;1;11425936484;S
20241115;100424;102.91;9;11425936485;S
20241115;100427;102.95;20;11425936983;B
20241115;100427;102.95;238;11425936984;B
20241115;100427;102.96;242;11425936985;B
20241115;100431;102.91;6;11425937432;S
20241115;100432;102.96;2;11425937826;B
20241115;100436;102.94;20;11425938398;S
20241115;100436;102.93;171;11425938399;S
20241115;100436;102.92;444;11425938400;S
20241115;100436;102.92;136;11425938401;S
20241115;100436;102.91;331;11425938402;S
20241115;100436;102.91;1;11425938403;S
20241115;100436;102.91;171;11425938404;S
20241115;100436;102.9;45266;11425938405;S
20241115;100436;102.9;100;11425938406;S
20241115;100436;102.9;3;11425938407;S
20241115;100436;102.9;50;11425938408;S
20241115;100436;102.9;2;11425938409;S
20241115;100436;102.9;25;11425938410;S
20241115;100436;102.9;2;11425938411;S
20241115;100436;102.9;200;11425938412;S
20241115;100436;102.9;500;11425938413;S
20241115;100436;102.9;300;11425938414;S
20241115;100436;102.9;50;11425938415;S
20241115;100436;102.9;127;11425938416;S
20241115;100436;102.88;44;11425938442;S
20241115;100436;102.88;3;11425938443;S
20241115;100436;102.88;1;11425938444;S
20241115;100436;102.87;2;11425938445;S
20241115;100437;102.87;287;11425938557;S
20241115;100437;102.87;10;11425938558;S
20241115;100437;102.85;25;11425938559;S
20241115;100437;102.85;42;11425938560;S
20241115;100437;102.85;200;11425938574;S
20241115;100438;102.86;14;11425938722;B
20241115;100438;102.86;1;11425938737;B
20241115;100438;102.85;20;11425938773;S
20241115;100439;102.85;48;11425938844;S
20241115;100440;102.85;190;11425939046;S
20241115;100440;102.83;10;11425939047;S
20241115;100441;102.84;500;11425939136;B
20241115;100444;102.83;50;11425939676;S
20241115;100444;102.82;1;11425939677;S
20241115;100444;102.82;5;11425939678;S
20241115;100444;102.82;1242;11425939679;S
20241115;100444;102.82;616;11425939766;S
20241115;100445;102.83;7;11425939826;B
20241115;100446;102.83;1451;11425940055;B
20241115;100446;102.83;313;11425940056;B
20241115;100446;102.84;100;11425940057;B
20241115;100446;102.85;233;11425940058;B
20241115;100446;102.86;136;11425940059;B
20241115;100446;102.86;100;11425940060;B
20241115;100446;102.87;200;11425940061;B
20241115;100446;102.87;88;11425940062;B
20241115;100446;102.88;379;11425940063;B
20241115;100449;102.83;50;11425940438;S
20241115;100449;102.84;5;11425940524;B
20241115;100449;102.84;15;11425940525;B
20241115;100449;102.84;100;11425940619;B
20241115;100453;102.84;7;11425941191;B
20241115;100455;102.83;50;11425941509;S
20241115;100455;102.83;100;11425941510;S
20241115;100455;102.83;700;11425941511;S
20241115;100455;102.82;2675;11425941512;S
20241115;100455;102.82;100;11425941513;S
20241115;100455;102.82;10;11425941514;S
20241115;100455;102.81;116;11425941515;S
20241115;100455;102.81;10;11425941516;S
20241115;100455;102.81;5;11425941517;S
20241115;100455;102.81;100;11425941518;S
20241115;100455;102.81;100;11425941519;S
20241115;100455;102.81;30;11425941520;S
20241115;100455;102.81;100;11425941521;S
20241115;100455;102.81;300;11425941522;S
20241115;100455;102.81;300;11425941523;S
20241115;100455;102.81;4;11425941524;S
20241115;100455;102.81;989;11425941525;S
20241115;100455;102.81;1011;11425941556;S
20241115;100455;102.81;1;11425941557;S
20241115;100455;102.8;10;11425941559;S
20241115;100455;102.8;175;11425941560;S
20241115;100455;102.8;500;11425941561;S
20241115;100455;102.8;1000;11425941562;S
20241115;100455;102.8;5;11425941563;S
20241115;100455;102.8;50;11425941564;S
20241115;100455;102.8;1;11425941565;S
20241115;100455;102.8;1500;11425941566;S
20241115;100455;102.8;3;11425941567;S
20241115;100455;102.8;500;11425941568;S
20241115;100455;102.8;1;11425941569;S
20241115;100455;102.8;20;11425941570;S
20241115;100455;102.8;1;11425941571;S
20241115;100455;102.77;50;11425941592;S
20241115;100455;102.78;10;11425941594;B
20241115;100455;102.77;3;11425941601;S
20241115;100455;102.78;203;11425941674;B
20241115;100455;102.78;97;11425941675;B
20241115;100455;102.79;1459;11425941678;B
20241115;100455;102.8;136;11425941679;B
20241115;100455;102.8;189;11425941680;B
20241115;100456;102.81;1;11425941701;S
20241115;100456;102.82;1;11425941704;B
20241115;100456;102.81;2;11425941710;S
20241115;100456;102.82;1000;11425941766;B
20241115;100459;102.84;1458;11425942222;B
20241115;100459;102.84;77;11425942223;B
20241115;100459;102.85;500;11425942224;B
20241115;100459;102.85;965;11425942225;B
20241115;100502;102.86;20;11425942805;B
20241115;100502;102.87;29;11425942806;B
20241115;100506;102.87;1727;11425943389;B
20241115;100506;102.87;57;11425943390;B
20241115;100506;102.87;35;11425943391;B
20241115;100506;102.87;396;11425943392;B
20241115;100506;102.88;621;11425943393;B
20241115;100506;102.89;400;11425943394;B
20241115;100506;102.89;1458;11425943395;B
20241115;100506;102.9;306;11425943396;B
20241115;100507;102.87;50;11425943639;S
20241115;100507;102.85;50;11425943640;S
20241115;100507;102.85;9;11425943641;S
20241115;100507;102.84;136;11425943642;S
20241115;100507;102.84;36;11425943643;S
20241115;100507;102.83;50;11425943644;S
20241115;100507;102.83;69;11425943645;S
20241115;100507;102.83;31;11425943653;S
20241115;100507;102.83;1934;11425943654;S
20241115;100507;102.83;35;11425943655;S
20241115;100508;102.88;1458;11425943770;B
20241115;100508;102.89;400;11425943771;B
20241115;100508;102.89;1934;11425943772;B
20241115;100508;102.9;1795;11425943773;B
20241115;100508;102.9;2413;11425943774;B
20241115;100509;102.89;1;11425944136;S
20241115;100510;102.9;100;11425944388;B
20241115;100511;102.9;6848;11425944714;B
20241115;100512;102.89;99;11425944846;S
20241115;100512;102.88;151;11425944847;S
20241115;100512;102.9;25;11425944848;B
20241115;100512;102.91;136;11425944940;S
20241115;100512;102.9;22;11425944941;S
20241115;100512;102.94;400;11425944962;B
20241115;100512;102.95;100;11425944963;B
20241115;100513;102.9;25;11425944980;S
20241115;100513;102.9;75;11425944981;S
20241115;100513;102.95;178;11425945089;B
20241115;100513;102.95;20;11425945098;B
20241115;100513;102.95;102;11425945107;B
20241115;100513;102.95;58;11425945108;B
20241115;100513;102.95;20;11425945147;B
20241115;100514;102.95;20;11425945244;B
20241115;100514;102.95;20;11425945278;B
20241115;100517;102.95;1;11425945877;B
20241115;100519;102.95;39;11425946211;B
20241115;100519;102.96;400;11425946212;B
20241115;100519;102.97;400;11425946213;B
20241115;100519;102.97;50;11425946214;B
20241115;100519;102.98;400;11425946215;B
20241115;100519;102.98;2708;11425946216;B
20241115;100519;102.99;40;11425946217;B
20241115;100519;102.99;963;11425946218;B
20241115;100522;102.99;23;11425946721;B
20241115;100522;102.99;14;11425946851;B
20241115;100522;103;1;11425946852;B
20241115;100522;103;5;11425946853;B
20241115;100522;103;680;11425946854;B
20241115;100522;103;320;11425946855;B
20241115;100522;103;3180;11425946856;B
20241115;100523;103;2700;11425946889;B
20241115;100523;103;3500;11425946916;B
20241115;100523;103;3217;11425946934;B
20241115;100523;103;40;11425946935;B
20241115;100523;103.01;1000;11425946936;B
20241115;100523;103.01;400;11425946937;B
20241115;100523;103.02;1000;11425946938;B
20241115;100523;103.02;400;11425946939;B
20241115;100523;103.02;150;11425946940;B
20241115;100523;103.03;202;11425946941;B
20241115;100523;103.03;250;11425946942;B
20241115;100523;103.03;750;11425947032;B
20241115;100523;103.03;250;11425947033;B
20241115;100524;103.03;320;11425947139;B
20241115;100528;103.03;1;11425947862;B
20241115;100529;103.02;1;11425948099;S
20241115;100529;103.02;1;11425948100;S
20241115;100529;103.02;30;11425948101;S
20241115;100530;103.03;5;11425948289;B
20241115;100532;102.98;7;11425948782;S
20241115;100532;102.98;143;11425948783;S
20241115;100532;102.98;1;11425948787;S
20241115;100535;103.02;1;11425949198;B
20241115;100535;103.02;200;11425949199;B
20241115;100535;103.02;133;11425949200;B
20241115;100535;103.03;151;11425949201;B
20241115;100536;103.01;86;11425949366;B
20241115;100538;103.01;143;11425949800;B
20241115;100538;102.97;1;11425949896;S
20241115;100538;102.97;499;11425949897;S
20241115;100540;103.01;4;11425950195;B
20241115;100541;103.01;100;11425950296;B
20241115;100545;103.01;111;11425951010;B
20241115;100545;103.03;273;11425951011;B
20241115;100545;103.03;116;11425951012;B
20241115;100549;103.02;100;11425951731;B
20241115;100550;103.02;111;11425952020;B
20241115;100550;103.02;369;11425952021;B
20241115;100551;103.02;100;11425952050;B
20241115;100551;103.01;269;11425952105;S
20241115;100552;103.01;10;11425952316;S
20241115;100553;103.02;2;11425952387;B
20241115;100553;103.01;1;11425952405;S
20241115;100554;103.02;5;11425952525;B
20241115;100554;103.02;50;11425952587;B
20241115;100555;103.02;1474;11425952917;B
20241115;100555;103.03;2000;11425952926;B
20241115;100556;103.03;28;11425953043;B
20241115;100558;103.02;57;11425953598;S
20241115;100558;103.01;136;11425953599;S
20241115;100558;103.01;93;11425953600;B
20241115;100559;103;300;11425953734;S
20241115;100600;103.01;3;11425953917;B
20241115;100600;103.01;3;11425954038;B
20241115;100600;103;100;11425954097;S
20241115;100602;103.01;2;11425954303;B
20241115;100604;103.01;5;11425954782;B
20241115;100610;103;100;11425955830;S
20241115;100610;103;1;11425955970;S
20241115;100612;103;73;11425956405;S
20241115;100614;103.01;582;11425956668;B
20241115;100614;103.01;418;11425956669;B
20241115;100615;103.01;1;11425956941;B
20241115;100616;103.01;34;11425957191;B
20241115;100618;103.01;1;11425957473;B
20241115;100619;103.01;200;11425957725;B
20241115;100621;103;4426;11425958033;S
20241115;100621;103;489;11425958034;S
20241115;100621;103;500;11425958035;S
20241115;100621;103;20;11425958036;S
20241115;100621;103;136;11425958037;S
20241115;100621;102.98;100;11425958038;S
20241115;100621;102.98;379;11425958039;S
20241115;100621;102.98;272;11425958040;S
20241115;100621;102.98;272;11425958043;S
20241115;100621;102.98;272;11425958046;S
20241115;100621;102.98;272;11425958057;S
20241115;100621;102.98;33;11425958075;S
20241115;100622;102.98;2;11425958272;B
20241115;100623;102.97;10;11425958484;S
20241115;100623;102.95;5;11425958489;S
20241115;100623;102.95;50;11425958490;S
20241115;100623;102.95;45;11425958491;S
20241115;100623;102.96;500;11425958511;B
20241115;100623;102.95;300;11425958603;S
20241115;100626;102.96;10;11425959126;B
20241115;100628;102.95;155;11425959779;S
20241115;100628;102.95;50;11425959780;S
20241115;100628;102.94;1;11425959781;S
20241115;100628;102.93;60;11425959782;S
20241115;100628;102.92;400;11425959783;S
20241115;100628;102.92;4;11425959784;S
20241115;100628;102.92;6;11425959785;S
20241115;100628;102.92;200;11425959786;S
20241115;100628;102.91;124;11425959787;S
20241115;100630;102.91;1;11425960084;S
20241115;100632;102.94;136;11425960455;B
20241115;100632;102.95;52;11425960456;B
20241115;100634;102.95;20;11425961089;B
20241115;100637;102.95;10;11425961503;B
20241115;100638;102.95;50;11425961892;B
20241115;100639;102.94;100;11425961946;B
20241115;100641;102.94;300;11425962406;B
20241115;100641;102.94;136;11425962407;B
20241115;100641;102.95;1324;11425962408;B
20241115;100641;102.96;200;11425962409;B
20241115;100641;102.98;5;11425962410;B
20241115;100641;102.98;1900;11425962411;B
20241115;100641;102.98;1;11425962412;B
20241115;100641;102.98;134;11425962413;B
20241115;100642;102.97;100;11425962653;B
20241115;100643;102.96;47;11425962775;B
20241115;100644;102.91;48;11425963040;S
20241115;100644;102.91;11;11425963041;S
20241115;100644;102.9;77;11425963042;S
20241115;100646;102.92;1;11425963435;B
20241115;100647;102.91;1;11425963502;B
20241115;100648;102.9;24;11425963739;S
20241115;100648;102.92;1;11425963740;B
20241115;100649;102.93;1;11425963827;B
20241115;100649;102.93;136;11425963828;B
20241115;100649;102.94;1;11425963829;B
20241115;100649;102.94;20;11425963830;B
20241115;100649;102.95;1;11425963831;B
20241115;100649;102.96;1304;11425963832;B
20241115;100653;102.94;136;11425964547;B
20241115;100653;102.96;1;11425964548;B
20241115;100653;102.96;1;11425964549;B
20241115;100653;102.96;1;11425964550;B
20241115;100653;102.97;1;11425964551;B
20241115;100653;102.97;1;11425964552;B
20241115;100653;102.98;240;11425964553;B
20241115;100653;102.98;1;11425964554;B
20241115;100653;102.98;618;11425964555;B
20241115;100654;102.97;2;11425964698;B
20241115;100655;102.97;134;11425964761;B
20241115;100655;102.97;1;11425964762;B
20241115;100655;102.97;1;11425964763;B
20241115;100655;102.98;864;11425964764;B
20241115;100656;102.97;136;11425965037;B
20241115;100656;102.98;1;11425965038;B
20241115;100656;102.99;4;11425965039;B
20241115;100656;102.99;270;11425965040;B
20241115;100656;102.99;4602;11425965041;B
20241115;100656;103;4987;11425965042;B
20241115;100656;102.93;1;11425965046;S
20241115;100656;102.92;1161;11425965047;S
20241115;100656;102.91;338;11425965048;S
20241115;100658;102.96;500;11425965307;B
20241115;100658;102.96;136;11425965308;B
20241115;100658;102.98;1;11425965309;B
20241115;100658;102.98;1;11425965310;B
20241115;100658;102.99;2400;11425965311;B
20241115;100658;102.99;265;11425965312;B
20241115;100658;102.99;4298;11425965313;B
20241115;100658;103;2399;11425965314;B
20241115;100658;102.92;12;11425965331;S
20241115;100658;102.92;1161;11425965332;S
20241115;100658;102.92;1934;11425965333;S
20241115;100658;102.91;400;11425965334;S
20241115;100658;102.91;5;11425965335;S
20241115;100658;102.91;136;11425965336;S
20241115;100658;102.91;1252;11425965337;S
20241115;100659;102.91;21;11425965433;S
20241115;100701;102.97;1;11425965832;B
20241115;100702;102.98;1;11425965959;B
20241115;100702;102.96;300;11425966030;B
20241115;100702;102.96;56;11425966058;B
20241115;100703;102.96;1;11425966205;B
20241115;100704;102.96;318;11425966360;B
20241115;100706;102.95;970;11425966649;S
20241115;100706;102.95;232;11425966650;S
20241115;100706;102.95;48;11425966651;S
20241115;100706;102.95;48;11425966652;S
20241115;100706;102.94;232;11425966653;S
20241115;100706;102.92;24;11425966654;S
20241115;100706;102.91;379;11425966655;S
20241115;100706;102.91;4;11425966656;S
20241115;100706;102.91;1161;11425966657;S
20241115;100706;102.91;1802;11425966658;S
20241115;100706;102.95;1476;11425966676;B
20241115;100706;102.96;3413;11425966677;B
20241115;100706;102.96;136;11425966678;B
20241115;100706;102.97;1;11425966679;B
20241115;100706;102.97;1;11425966680;B
20241115;100706;102.98;1;11425966681;B
20241115;100706;102.98;1;11425966682;B
20241115;100706;102.98;802;11425966683;B
20241115;100706;102.98;1;11425966684;B
20241115;100706;102.98;1;11425966685;B
20241115;100706;102.99;1;11425966686;B
20241115;100706;102.99;1;11425966687;B
20241115;100706;102.99;200;11425966688;B
20241115;100706;102.99;1252;11425966689;B
20241115;100706;102.99;633;11425966690;B
20241115;100706;103;2080;11425966691;B
20241115;100711;102.97;136;11425967382;B
20241115;100711;102.98;58;11425967383;B
20241115;100711;102.98;77;11425967384;B
20241115;100711;102.99;676;11425967385;B
20241115;100711;103;1053;11425967386;B
20241115;100712;103;1;11425967537;B
20241115;100714;102.99;136;11425967750;B
20241115;100714;103;3864;11425967751;B
20241115;100714;102.97;9;11425967758;S
20241115;100714;102.99;22;11425967804;B
20241115;100715;102.95;13;11425967997;S
20241115;100715;102.96;10;11425967999;S
20241115;100718;102.98;1;11425968386;S
20241115;100719;102.99;1;11425968672;B
20241115;100719;102.99;1;11425968673;B
20241115;100719;102.99;1;11425968674;B
20241115;100719;103;2188;11425968675;B
20241115;100721;102.98;10;11425969213;S
20241115;100721;102.96;10;11425969214;S
20241115;100721;102.96;488;11425969215;S
20241115;100721;102.95;1161;11425969216;S
20241115;100721;102.95;200;11425969217;S
20241115;100721;102.94;400;11425969218;S
20241115;100721;102.93;31;11425969219;S
20241115;100722;102.94;300;11425969525;S
20241115;100723;102.98;136;11425969606;B
20241115;100723;102.99;1;11425969607;B
20241115;100723;102.99;1;11425969608;B
20241115;100723;102.99;1;11425969609;B
20241115;100723;102.99;1;11425969610;B
20241115;100723;102.99;1;11425969611;B
20241115;100723;102.99;1;11425969612;B
20241115;100723;102.99;1;11425969613;B
20241115;100723;102.99;1;11425969614;B
20241115;100723;103;6268;11425969615;B
20241115;100724;102.99;3;11425969947;B
20241115;100725;102.99;1;11425970084;B
20241115;100729;102.98;100;11425970778;S
20241115;100729;102.98;1165;11425970779;S
20241115;100729;102.99;1;11425970803;B
20241115;100731;102.99;49;11425971282;S
20241115;100731;102.98;1835;11425971283;S
20241115;100731;102.98;50;11425971284;S
20241115;100731;102.98;3000;11425971285;S
20241115;100731;102.95;66;11425971286;S
20241115;100732;102.95;10;11425971565;S
20241115;100732;102.99;136;11425971600;B
20241115;100732;102.99;617;11425971601;B
20241115;100732;103;247;11425971602;B
20241115;100732;102.99;5;11425971645;B
20241115;100733;102.98;100;11425971865;B
20241115;100733;102.98;100;11425971866;B
20241115;100736;102.99;136;11425972609;B
20241115;100736;103;2864;11425972610;B
20241115;100740;102.99;4;11425973526;B
20241115;100741;103;250;11425973676;B
20241115;100746;102.99;37;11425974625;S
20241115;100746;102.99;136;11425974826;B
20241115;100746;102.99;64;11425974827;B
20241115;100747;102.99;136;11425974930;B
20241115;100747;103;56;11425974931;B
20241115;100751;102.97;3;11425975826;B
20241115;100751;102.97;1;11425975827;B
20241115;100751;102.98;1;11425975828;B
20241115;100751;102.98;1;11425975829;B
20241115;100751;102.98;136;11425975830;B
20241115;100751;102.99;1;11425975831;B
20241115;100751;102.99;1;11425975832;B
20241115;100751;102.99;598;11425975833;B
20241115;100751;103;68172;11425975834;B
20241115;100751;103;1;11425975835;B
20241115;100751;103;5;11425975836;B
20241115;100751;103;1500;11425975837;B
20241115;100751;103;150;11425975838;B
20241115;100751;103.01;786;11425975839;B
20241115;100751;103.01;40;11425975840;B
20241115;100751;103.03;1;11425975841;B
20241115;100751;103.03;1000;11425975842;B
20241115;100751;103.04;40;11425975843;B
20241115;100751;103.04;40;11425975844;B
20241115;100751;103.05;272;11425975845;B
20241115;100751;103.05;228;11425975846;B
20241115;100751;103.05;3;11425975847;B
20241115;100751;103.07;164;11425975848;B
20241115;100751;103.08;40;11425975849;B
20241115;100751;103.08;40;11425975850;B
20241115;100751;103.08;1;11425975851;B
20241115;100751;103.08;1;11425975852;B
20241115;100751;103.09;1000;11425975853;B
20241115;100751;103.1;1;11425975854;B
20241115;100751;103.1;1;11425975855;B
20241115;100751;103.12;150;11425975856;B
20241115;100751;103.12;3000;11425975857;B
20241115;100751;103.13;40;11425975858;B
20241115;100751;103.13;40;11425975859;B
20241115;100751;103.14;2;11425975860;B
20241115;100751;103.15;1;11425975861;B
20241115;100751;103.15;314;11425975862;B
20241115;100751;103.16;200;11425975863;B
20241115;100751;103.17;156;11425975864;B
20241115;100751;103.17;400;11425975865;B
20241115;100751;103.17;400;11425975866;B
20241115;100751;103.18;700;11425975867;B
20241115;100751;103.18;10;11425975868;B
20241115;100751;103.18;10;11425975869;B
20241115;100751;103.18;400;11425975870;B
20241115;100751;103.18;136;11425975871;B
20241115;100751;103.19;1000;11425975872;B
20241115;100751;103.19;400;11425975873;B
20241115;100751;103.19;2034;11425975874;B
20241115;100751;103.19;13;11425975877;B
20241115;100752;103.19;500;11425975884;B
20241115;100752;103.19;1500;11425975910;B
20241115;100752;103.19;801;11425975955;B
20241115;100752;103.19;3846;11425975962;B
20241115;100754;103.17;37;11425976438;B
20241115;100754;103.2;1;11425976439;B
20241115;100754;103.2;987;11425976440;B
20241115;100759;103.18;5;11425977215;B
20241115;100759;103.19;50;11425977216;B
20241115;100759;103.19;50;11425977217;B
20241115;100800;103.18;100;11425977740;B
20241115;100803;103.18;100;11425978255;B
20241115;100804;103.14;18;11425978334;S
20241115;100804;103.18;5;11425978437;B
20241115;100813;103.17;1000;11425979945;B
20241115;100814;103.17;1000;11425980104;B
20241115;100814;103.18;48;11425980105;B
20241115;100814;103.18;2365;11425980106;B
20241115;100814;103.18;300;11425980107;B
20241115;100814;103.18;150;11425980108;B
20241115;100814;103.2;92;11425980109;B
20241115;100814;103.19;36;11425980121;S
20241115;100814;103.19;500;11425980122;S
20241115;100816;103.19;917;11425980440;S
20241115;100816;103.18;462;11425980441;S
20241115;100816;103.18;476;11425980442;S
20241115;100816;103.17;136;11425980443;S
20241115;100816;103.16;1;11425980444;S
20241115;100816;103.15;1;11425980520;S
20241115;100816;103.15;9;11425980521;S
20241115;100816;103.15;100;11425980583;S
20241115;100816;103.16;1;11425980596;B
20241115;100817;103.16;100;11425980673;B
20241115;100818;103.16;1;11425980850;B
20241115;100818;103.16;787;11425980951;B
20241115;100819;103.15;391;11425980997;S
20241115;100819;103.15;609;11425980998;S
20241115;100820;103.16;775;11425981215;B
20241115;100820;103.16;3;11425981216;B
20241115;100821;103.17;349;11425981310;S
20241115;100821;103.17;1454;11425981311;S
20241115;100821;103.17;136;11425981312;S
20241115;100821;103.16;61;11425981313;S
20241115;100822;103.18;1;11425981566;B
20241115;100822;103.19;49;11425981567;B
20241115;100828;103.17;74;11425982774;S
20241115;100828;103.17;26;11425982775;S
20241115;100829;103.17;335;11425982902;S
20241115;100829;103.18;1;11425982910;B
20241115;100830;103.18;345;11425983208;S
20241115;100830;103.17;155;11425983209;S
20241115;100830;103.2;3921;11425983213;B
20241115;100830;103.2;500;11425983214;B
20241115;100830;103.2;116;11425983215;B
20241115;100830;103.2;800;11425983216;B
20241115;100830;103.2;367;11425983217;B
20241115;100830;103.21;3556;11425983218;B
20241115;100830;103.21;136;11425983219;B
20241115;100830;103.22;345;11425983220;B
20241115;100830;103.24;23;11425983221;B
20241115;100830;103.24;400;11425983222;B
20241115;100830;103.25;400;11425983223;B
20241115;100830;103.26;400;11425983224;B
20241115;100830;103.27;6;11425983225;B
20241115;100830;103.27;10;11425983226;B
20241115;100830;103.27;400;11425983227;B
20241115;100830;103.27;208;11425983228;B
20241115;100830;103.27;1;11425983229;B
20241115;100830;103.27;1161;11425983230;B
20241115;100830;103.28;400;11425983231;B
20241115;100830;103.28;3000;11425983232;B
20241115;100830;103.28;20;11425983233;B
20241115;100830;103.28;3000;11425983234;B
20241115;100830;103.29;250;11425983235;B
20241115;100830;103.29;400;11425983236;B
20241115;100830;103.29;100;11425983237;B
20241115;100830;103.29;80;11425983238;B
20241115;100831;103.29;20;11425983372;B
20241115;100831;103.29;2;11425983373;B
20241115;100831;103.3;1;11425983374;B
20241115;100831;103.3;477;11425983375;B
20241115;100831;103.24;188;11425983393;S
20241115;100831;103.29;100;11425983401;B
20241115;100832;103.27;4;11425983602;S
20241115;100834;103.29;150;11425983871;B
20241115;100837;103.25;4;11425984414;S
20241115;100837;103.25;8;11425984415;S
20241115;100837;103.21;400;11425984416;S
20241115;100837;103.21;1588;11425984417;S
20241115;100837;103.21;400;11425984439;S
20241115;100837;103.2;100;11425984440;S
20241115;100838;103.26;136;11425984492;B
20241115;100838;103.27;69;11425984493;B
20241115;100840;103.23;30;11425984890;B
20241115;100840;103.23;136;11425984891;B
20241115;100840;103.23;246;11425984892;B
20241115;100844;103.2;97;11425985772;S
20241115;100845;103.24;20;11425986119;B
20241115;100845;103.25;7;11425986120;B
20241115;100845;103.25;126;11425986121;B
20241115;100845;103.25;847;11425986122;B
20241115;100847;103.2;200;11425986320;S
20241115;100848;103.21;105;11425986466;S
20241115;100848;103.2;503;11425986467;S
20241115;100848;103.19;1;11425986468;S
20241115;100848;103.19;400;11425986469;S
20241115;100848;103.19;4;11425986470;S
20241115;100848;103.19;105;11425986471;S
20241115;100848;103.18;400;11425986472;S
20241115;100848;103.18;1;11425986473;S
20241115;100848;103.18;500;11425986474;S
20241115;100848;103.18;136;11425986475;S
20241115;100848;103.18;200;11425986476;S
20241115;100848;103.17;400;11425986477;S
20241115;100848;103.17;245;11425986478;S
20241115;100848;103.17;5;11425986480;S
20241115;100849;103.23;54;11425986641;B
20241115;100849;103.24;1;11425986642;B
20241115;100849;103.24;445;11425986643;B
20241115;100849;103.18;20;11425986725;S
20241115;100849;103.17;280;11425986726;S
20241115;100852;103.17;10;11425987223;S
20241115;100853;103.17;164;11425987336;S
20241115;100853;103.17;20;11425987337;S
20241115;100853;103.17;1453;11425987338;S
20241115;100853;103.17;136;11425987339;S
20241115;100854;103.16;1;11425987569;S
20241115;100854;103.16;1;11425987570;S
20241115;100854;103.16;400;11425987571;S
20241115;100854;103.16;200;11425987572;S
20241115;100854;103.16;1398;11425987573;S
20241115;100857;103.16;55;11425987942;S
20241115;100857;103.16;20;11425987943;S
20241115;100857;103.15;1;11425987944;S
20241115;100900;103.14;1;11425988550;S
20241115;100900;103.14;1;11425988551;S
20241115;100900;103.14;200;11425988552;S
20241115;100900;103.14;1453;11425988553;S
20241115;100900;103.14;20;11425988554;S
20241115;100900;103.13;100;11425988587;S
20241115;100901;103.13;1354;11425988690;S
20241115;100905;103.12;50;11425989642;S
20241115;100907;103.12;1404;11425989955;S
20241115;100907;103.12;20;11425989956;S
20241115;100907;103.12;1454;11425989958;S
20241115;100907;103.12;338;11425989959;S
20241115;100907;103.11;200;11425989961;S
20241115;100907;103.11;1;11425989962;S
20241115;100907;103.11;3;11425989972;S
20241115;100907;103.1;500;11425989973;S
20241115;100907;103.1;200;11425989974;S
20241115;100907;103.1;136;11425989975;S
20241115;100910;103.09;4;11425990434;S
20241115;100910;103.09;296;11425990435;S
20241115;100912;103.13;200;11425990874;B
20241115;100915;103.13;1;11425991241;B
20241115;100915;103.12;100;11425991336;S
20241115;100917;103.13;200;11425991622;B
20241115;100918;103.13;1;11425991904;B
20241115;100919;103.12;100;11425992003;S
20241115;100920;103.12;1;11425992147;S
20241115;100920;103.12;100;11425992233;S
20241115;100921;103.12;199;11425992261;S
20241115;100921;103.11;301;11425992262;S
20241115;100923;103.11;949;11425992549;S
20241115;100924;103.11;2;11425992759;S
20241115;100925;103.11;10;11425992914;S
20241115;100925;103.11;18;11425992975;S
20241115;100926;103.11;10;11425993082;S
20241115;100926;103.11;98;11425993131;S
20241115;100926;103.1;2;11425993132;S
20241115;100928;103.11;2;11425993566;B
20241115;100928;103.12;98;11425993567;B
20241115;100929;103.1;1;11425993659;S
20241115;100929;103.13;376;11425993678;B
20241115;100929;103.13;347;11425993679;B
20241115;100929;103.14;43;11425993680;B
20241115;100929;103.14;5;11425993681;B
20241115;100929;103.14;347;11425993682;B
20241115;100929;103.15;136;11425993683;B
20241115;100929;103.16;546;11425993684;B
20241115;100931;103.12;1;11425994008;S
20241115;100931;103.12;1;11425994102;S
20241115;100932;103.12;1;11425994196;S
20241115;100933;103.12;797;11425994310;S
20241115;100933;103.12;100;11425994311;S
20241115;100933;103.11;199;11425994312;S
20241115;100933;103.1;2997;11425994313;S
20241115;100933;103.1;136;11425994314;S
20241115;100933;103.09;104;11425994315;S
20241115;100933;103.09;1;11425994316;S
20241115;100933;103.09;288;11425994317;S
20241115;100933;103.09;288;11425994318;S
20241115;100933;103.09;10847;11425994319;S
20241115;100933;103.08;400;11425994320;S
20241115;100933;103.08;5;11425994321;S
20241115;100933;103.08;500;11425994322;S
20241115;100933;103.08;2200;11425994323;S
20241115;100933;103.07;1;11425994324;S
20241115;100933;103.07;400;11425994325;S
20241115;100933;103.07;55737;11425994326;S
20241115;100933;103.07;1861;11425994327;S
20241115;100933;103.07;464;11425994328;S
20241115;100935;103.07;75000;11425994648;S
20241115;100935;103.07;3637;11425994649;S
20241115;100935;103.07;73;11425994650;S
20241115;100935;103.07;4259;11425994651;S
20241115;100935;103.07;8969;11425994652;S
20241115;100935;103.07;5;11425994653;S
20241115;100935;103.05;500;11425994654;S
20241115;100935;103.04;1;11425994655;S
20241115;100935;103.04;400;11425994656;S
20241115;100935;103.04;1;11425994657;S
20241115;100935;103.03;400;11425994658;S
20241115;100935;103.03;84;11425994659;S
20241115;100935;103.03;400;11425994660;S
20241115;100935;103.02;10;11425994661;S
20241115;100935;103.02;400;11425994662;S
20241115;100935;103.02;400;11425994663;S
20241115;100935;103.01;400;11425994664;S
20241115;100935;103.01;1;11425994665;S
20241115;100935;103.01;23;11425994666;S
20241115;100935;103.01;3;11425994673;S
20241115;100935;103;40;11425994702;S
20241115;100939;103.01;60;11425995364;B
20241115;100940;103;1;11425995561;S
20241115;100940;103;3;11425995576;S
20241115;100944;103;60;11425996191;S
20241115;100945;103.01;1;11425996268;B
20241115;100946;103;296;11425996347;S
20241115;100946;103;5000;11425996348;S
20241115;100946;103;560;11425996349;S
20241115;100946;103;144;11425996350;S
20241115;100946;103;100;11425996356;S
20241115;100946;103;10;11425996382;S
20241115;100946;103.01;10;11425996522;B
20241115;100946;103.01;136;11425996523;B
20241115;100946;103.01;395;11425996524;B
20241115;100946;103.01;476;11425996525;B
20241115;100946;103.02;10;11425996526;B
20241115;100946;103.02;1;11425996527;B
20241115;100946;103.02;972;11425996528;B
20241115;100947;103.01;1;11425996609;S
20241115;100947;103;246;11425996610;S
20241115;100947;103;1;11425996611;S
20241115;100948;102.99;1;11425996641;B
20241115;100957;102.98;1;11425998042;S
20241115;100957;102.98;9;11425998043;S
20241115;100959;102.99;136;11425998259;B
20241115;100959;102.99;100;11425998260;B
20241115;100959;102.99;953;11425998261;B
20241115;100959;102.99;100;11425998262;B
20241115;100959;103;1411;11425998263;B
20241115;101000;102.97;37;11425998606;S
20241115;101000;102.97;100;11425998607;S
20241115;101001;102.96;1;11425998919;S
20241115;101001;102.96;1;11425998920;S
20241115;101001;102.96;199;11425998961;S
20241115;101001;102.95;63;11425998962;S
20241115;101002;102.95;10;11425999081;S
20241115;101002;102.95;104;11425999146;S
20241115;101002;102.96;100;11425999200;B
20241115;101002;102.95;10;11425999209;S
20241115;101003;102.95;10;11425999321;S
20241115;101003;102.95;10;11425999322;S
20241115;101003;102.95;104;11425999324;S
20241115;101004;102.96;75;11425999438;B
20241115;101004;102.95;113;11425999453;S
20241115;101004;102.95;3;11425999454;S
20241115;101004;102.95;424;11425999455;S
20241115;101008;102.96;162;11426000103;B
20241115;101010;102.96;1;11426000404;B
20241115;101010;102.96;3;11426000445;B
20241115;101010;102.96;100;11426000448;B
20241115;101012;102.95;10;11426000846;S
20241115;101012;102.96;50;11426001060;B
20241115;101013;102.95;566;11426001236;S
20241115;101013;102.95;1;11426001237;S
20241115;101013;102.95;7;11426001238;S
20241115;101013;102.94;2;11426001239;S
20241115;101013;102.93;1;11426001240;S
20241115;101013;102.93;72;11426001241;S
20241115;101013;102.92;6;11426001242;S
20241115;101013;102.92;400;11426001243;S
20241115;101013;102.92;5;11426001244;S
20241115;101013;102.92;647;11426001245;S
20241115;101013;102.91;500;11426001246;S
20241115;101013;102.91;5;11426001247;S
20241115;101013;102.91;400;11426001248;S
20241115;101013;102.91;5;11426001249;S
20241115;101013;102.91;647;11426001250;S
20241115;101013;102.9;24;11426001251;S
20241115;101013;102.9;1;11426001252;S
20241115;101013;102.9;25;11426001253;S
20241115;101013;102.9;786;11426001254;S
20241115;101013;102.9;400;11426001255;S
20241115;101013;102.9;500;11426001256;S
20241115;101013;102.9;136;11426001257;S
20241115;101013;102.89;1;11426001258;S
20241115;101013;102.89;400;11426001259;S
20241115;101013;102.89;3000;11426001260;S
20241115;101013;102.89;116;11426001261;S
20241115;101013;102.88;1;11426001262;S
20241115;101013;102.88;400;11426001263;S
20241115;101013;102.87;208;11426001264;S
20241115;101013;102.87;400;11426001265;S
20241115;101013;102.87;1549;11426001266;S
20241115;101014;102.92;37;11426001399;B
20241115;101018;102.89;97;11426001980;S
20241115;101021;102.93;102;11426002618;B
20241115;101025;102.93;6;11426003231;B
20241115;101025;102.94;4;11426003232;B
20241115;101027;102.94;2;11426003547;B
20241115;101028;102.96;4;11426003621;B
20241115;101028;102.93;24;11426003691;S
20241115;101028;102.92;500;11426003692;S
20241115;101028;102.92;154;11426003693;S
20241115;101028;102.92;157;11426003694;S
20241115;101028;102.91;500;11426003695;S
20241115;101028;102.91;136;11426003696;S
20241115;101028;102.91;142;11426003697;S
20241115;101028;102.91;810;11426003698;S
20241115;101028;102.9;2000;11426003699;S
20241115;101028;102.89;100;11426003700;S
20241115;101028;102.89;875;11426003701;S
20241115;101028;102.88;1000;11426003702;S
20241115;101028;102.88;7;11426003703;S
20241115;101028;102.88;653;11426003704;S
20241115;101028;102.87;400;11426003705;S
20241115;101028;102.87;500;11426003706;S
20241115;101028;102.86;400;11426003707;S
20241115;101028;102.86;801;11426003708;S
20241115;101028;102.93;1000;11426003717;B
20241115;101034;102.94;500;11426005043;S
20241115;101034;102.94;184;11426005044;S
20241115;101034;102.93;1;11426005045;S
20241115;101034;102.93;500;11426005046;S
20241115;101034;102.92;184;11426005047;S
20241115;101034;102.9;136;11426005048;S
20241115;101034;102.89;60;11426005049;S
20241115;101034;102.87;1477;11426005050;S
20241115;101034;102.87;3;11426005051;S
20241115;101034;102.87;1161;11426005052;S
20241115;101034;102.87;100;11426005053;S
20241115;101034;102.86;20;11426005054;S
20241115;101034;102.86;600;11426005055;S
20241115;101034;102.86;1;11426005056;S
20241115;101034;102.86;5155;11426005057;S
20241115;101038;102.89;2;11426005499;B
20241115;101039;102.87;136;11426005662;S
20241115;101039;102.87;9;11426005663;S
20241115;101039;102.87;98;11426005664;S
20241115;101041;102.89;1;11426006017;B
20241115;101041;102.89;2;11426006158;B
20241115;101042;102.89;1;11426006247;B
20241115;101043;102.9;6;11426006411;B
20241115;101043;102.9;2;11426006412;B
20241115;101046;102.9;10;11426007014;B
20241115;101048;102.9;1000;11426007342;B
20241115;101049;102.9;19;11426007429;B
20241115;101049;102.9;1;11426007460;B
20241115;101049;102.9;1;11426007472;B
20241115;101050;102.9;1000;11426007516;B
20241115;101050;102.89;100;11426007546;S
20241115;101051;102.89;399;11426007701;S
20241115;101051;102.88;112;11426007702;S
20241115;101051;102.88;250;11426007703;S
20241115;101051;102.87;402;11426007704;S
20241115;101051;102.86;112;11426007705;S
20241115;101051;102.85;2;11426007706;S
20241115;101051;102.85;500;11426007707;S
20241115;101051;102.85;24;11426007708;S
20241115;101051;102.85;10;11426007709;S
20241115;101051;102.85;10;11426007710;S
20241115;101051;102.85;10;11426007711;S
20241115;101051;102.84;2;11426007712;S
20241115;101051;102.84;10;11426007713;S
20241115;101051;102.84;10;11426007714;S
20241115;101051;102.84;400;11426007715;S
20241115;101051;102.84;50;11426007716;S
20241115;101051;102.84;1;11426007717;S
20241115;101051;102.84;5;11426007718;S
20241115;101051;102.84;136;11426007719;S
20241115;101051;102.84;20;11426007720;S
20241115;101051;102.83;400;11426007721;S
20241115;101051;102.83;1161;11426007722;S
20241115;101051;102.83;5;11426007723;S
20241115;101051;102.82;1000;11426007724;S
20241115;101051;102.82;400;11426007725;S
20241115;101051;102.82;1;11426007726;S
20241115;101051;102.82;1;11426007727;S
20241115;101051;102.82;2506;11426007728;S
20241115;101051;102.82;124;11426007729;S
20241115;101051;102.81;2;11426007730;S
20241115;101051;102.81;2000;11426007731;S
20241115;101051;102.81;10;11426007732;S
20241115;101051;102.81;1;11426007733;S
20241115;101051;102.81;1210;11426007734;S
20241115;101051;102.89;228;11426007763;B
20241115;101051;102.89;653;11426007764;B
20241115;101051;102.9;119;11426007765;B
20241115;101053;102.88;6;11426008006;B
20241115;101053;102.9;994;11426008007;B
20241115;101054;102.9;1854;11426008111;B
20241115;101054;102.89;3;11426008216;S
20241115;101055;102.91;250;11426008265;B
20241115;101056;102.9;50;11426008356;S
20241115;101056;102.9;1000;11426008425;B
20241115;101058;102.9;950;11426008815;B
20241115;101058;102.94;400;11426008816;B
20241115;101058;102.95;400;11426008817;B
20241115;101058;102.95;136;11426008818;B
20241115;101058;102.95;2708;11426008819;B
20241115;101058;102.96;1042;11426008820;B
20241115;101058;102.96;400;11426008821;B
20241115;101058;102.96;1457;11426008822;B
20241115;101058;102.97;819;11426008823;B
20241115;101058;102.97;35;11426008824;B
20241115;101058;102.97;59;11426008825;B
20241115;101058;102.97;400;11426008826;B
20241115;101058;102.98;400;11426008827;B
20241115;101058;102.98;208;11426008828;B
20241115;101058;102.99;400;11426008829;B
20241115;101058;102.99;186;11426008830;B
20241115;101058;102.93;1;11426008960;S
20241115;101058;102.93;9;11426008963;S
20241115;101100;102.91;384;11426009096;S
20241115;101100;102.9;2708;11426009097;S
20241115;101100;102.9;1161;11426009098;S
20241115;101100;102.9;136;11426009099;S
20241115;101100;102.9;246;11426009100;S
20241115;101100;102.89;3108;11426009101;S
20241115;101100;102.89;246;11426009102;S
20241115;101100;102.88;250;11426009103;S
20241115;101100;102.88;102;11426009104;S
20241115;101100;102.87;1;11426009105;S
20241115;101100;102.87;3000;11426009106;S
20241115;101100;102.86;658;11426009107;S
20241115;101105;102.94;2;11426009681;B
20241115;101108;102.94;4;11426009989;B
20241115;101112;102.97;172;11426010758;B
20241115;101114;102.98;400;11426011018;B
20241115;101114;102.98;30;11426011019;B
20241115;101114;102.98;400;11426011020;B
20241115;101114;102.99;400;11426011023;B
20241115;101114;102.99;1457;11426011024;B
20241115;101114;102.99;136;11426011025;B
20241115;101114;103;1007;11426011026;B
20241115;101115;102.99;400;11426011178;B
20241115;101117;103;200;11426011447;B
20241115;101118;103;200;11426011536;B
20241115;101119;103;200;11426011606;B
20241115;101119;103;4893;11426011607;B
20241115;101119;103;200;11426011818;B
20241115;101120;103;200;11426011952;B
20241115;101121;103;200;11426012070;B
20241115;101121;103;6241;11426012090;B
20241115;101121;103;400;11426012091;B
20241115;101121;103;300;11426012092;B
20241115;101121;103;200;11426012093;B
20241115;101121;103;12911;11426012094;B
20241115;101121;103;7089;11426012095;B
20241115;101121;103;500;11426012096;B
20241115;101121;103;1276;11426012097;B
20241115;101121;103;1360;11426012098;B
20241115;101121;103;850;11426012099;B
20241115;101121;103;1859;11426012100;B
20241115;101121;103;1036;11426012101;B
20241115;101121;103;2;11426012102;B
20241115;101121;103;1340;11426012103;B
20241115;101121;103;300;11426012115;B
20241115;101121;103;100;11426012116;B
20241115;101121;103;17;11426012150;B
20241115;101121;103.01;200;11426012151;B
20241115;101121;103.03;283;11426012152;B
20241115;101121;103.03;117;11426012153;B
20241115;101121;103.03;3;11426012154;B
20241115;101121;103.06;279;11426012155;B
20241115;101121;103.06;27;11426012156;B
20241115;101121;103.06;89;11426012159;B
20241115;101122;103.06;5;11426012260;B
20241115;101122;103.07;10;11426012346;B
20241115;101123;103.07;90;11426012441;B
20241115;101123;103.07;110;11426012442;B
20241115;101123;103.07;5;11426012477;B
20241115;101124;103.07;200;11426012562;B
20241115;101124;103.07;30;11426012573;B
20241115;101125;103.07;4;11426012605;B
20241115;101125;103.06;1;11426012708;S
20241115;101126;103.07;51;11426012845;B
20241115;101126;103.08;1;11426012846;B
20241115;101126;103.08;148;11426012847;B
20241115;101126;103.08;252;11426012889;B
20241115;101126;103.09;400;11426012890;B
20241115;101126;103.09;348;11426012891;B
20241115;101129;103.08;4;11426013257;B
20241115;101129;103.08;4;11426013278;B
20241115;101129;103.08;4;11426013305;B
20241115;101136;103.08;5;11426014238;B
20241115;101136;103.08;10;11426014254;B
20241115;101136;103.08;10;11426014315;B
20241115;101137;103.07;100;11426014469;S
20241115;101137;103.07;4;11426014470;S
20241115;101137;103.06;156;11426014471;S
20241115;101137;103.05;4;11426014472;S
20241115;101137;103.03;4;11426014473;S
20241115;101137;103.02;32;11426014474;S
20241115;101139;103.07;1000;11426014732;S
20241115;101140;103.05;4;11426014962;S
20241115;101140;103.01;4;11426014963;S
20241115;101144;103.03;10;11426016076;B
20241115;101144;103.04;1;11426016077;B
20241115;101144;103.07;164;11426016078;B
20241115;101145;103.07;200;11426016321;B
20241115;101148;103.07;270;11426017190;B
20241115;101149;103.06;1;11426017279;S
20241115;101155;103.05;2;11426018415;S
20241115;101155;103.05;1;11426018452;S
20241115;101157;103.07;2366;11426018749;B
20241115;101157;103.07;10;11426018750;B
20241115;101159;103.08;10;11426019173;B
20241115;101159;103.1;50;11426019174;B
20241115;101200;103.09;10;11426019341;S
20241115;101201;103.09;3712;11426019575;B
20241115;101201;103.09;786;11426019576;B
20241115;101201;103.1;50;11426019577;B
20241115;101201;103.1;10;11426019578;B
20241115;101201;103.1;136;11426019579;B
20241115;101201;103.1;123;11426019580;B
20241115;101201;103.11;10;11426019581;B
20241115;101201;103.12;400;11426019582;B
20241115;101201;103.12;7;11426019583;B
20241115;101201;103.12;96;11426019584;B
20241115;101201;103.13;100;11426019585;B
20241115;101201;103.13;400;11426019586;B
20241115;101201;103.13;200;11426019587;B
20241115;101201;103.14;1;11426019588;B
20241115;101201;103.14;1;11426019589;B
20241115;101201;103.14;400;11426019590;B
20241115;101201;103.14;2800;11426019591;B
20241115;101201;103.15;400;11426019592;B
20241115;101201;103.15;10368;11426019593;B
20241115;101201;103.09;57;11426019620;S
20241115;101201;103.08;1;11426019686;S
20241115;101202;103.07;1;11426019813;S
20241115;101202;103.07;100;11426019870;S
20241115;101202;103.09;10;11426019898;B
20241115;101203;103.09;66;11426019998;B
20241115;101203;103.09;4;11426019999;B
20241115;101204;103.1;136;11426020164;B
20241115;101204;103.11;98;11426020165;B
20241115;101204;103.12;6;11426020166;B
20241115;101204;103.13;10;11426020167;B
20241115;101204;103.13;98;11426020168;B
20241115;101204;103.14;200;11426020169;B
20241115;101204;103.14;1452;11426020170;B
20241115;101210;103.12;50;11426021472;B
20241115;101210;103.12;136;11426021473;B
20241115;101210;103.13;58;11426021474;B
20241115;101210;103.13;126;11426021476;S
20241115;101211;103.09;500;11426021602;S
20241115;101211;103.09;76;11426021603;S
20241115;101211;103.07;519;11426021604;S
20241115;101211;103.07;23;11426021605;S
20241115;101211;103.07;138;11426021606;S
20241115;101211;103.05;2;11426021607;S
20241115;101211;103.05;20;11426021608;S
20241115;101211;103.04;1222;11426021609;S
20241115;101213;103.05;100;11426022026;S
20241115;101213;103.03;100;11426022027;S
20241115;101214;103.08;136;11426022509;B
20241115;101214;103.09;9;11426022510;B
20241115;101214;103.09;421;11426022511;B
20241115;101214;103.1;434;11426022512;B
20241115;101214;103.09;2;11426022515;B
20241115;101217;103.08;5;11426022959;B
20241115;101217;103.08;131;11426022998;B
20241115;101217;103.09;8;11426022999;B
20241115;101217;103.1;861;11426023000;B
20241115;101222;103.05;1;11426023835;S
20241115;101223;103.07;98;11426024369;B
20241115;101224;103.03;100;11426024401;S
20241115;101226;103.06;10;11426024911;B
20241115;101227;103.03;800;11426025064;S
20241115;101227;103.03;300;11426025065;S
20241115;101227;103.03;157;11426025066;S
20241115;101229;103.03;2;11426025341;B
20241115;101234;103.03;1000;11426026117;B
20241115;101237;103.03;2741;11426026568;B
20241115;101238;103.03;259;11426026648;S
20241115;101238;103.02;13;11426026649;S
20241115;101238;103.01;300;11426026650;S
20241115;101238;103.01;434;11426026651;S
20241115;101238;103;5;11426026652;S
20241115;101238;103;500;11426026653;S
20241115;101238;103;100;11426026654;S
20241115;101238;103;10;11426026655;S
20241115;101238;103;500;11426026656;S
20241115;101238;103;379;11426026657;S
20241115;101240;103.02;398;11426026946;B
20241115;101240;103.03;1;11426026947;B
20241115;101243;103.03;500;11426027308;S
20241115;101246;103.03;1000;11426027807;S
20241115;101249;103.04;1;11426028154;B
20241115;101249;103.05;1;11426028155;B
20241115;101249;103.05;136;11426028156;B
20241115;101249;103.06;6;11426028157;B
20241115;101249;103.06;6;11426028158;B
20241115;101254;103.04;1;11426029077;S
20241115;101259;103.04;46;11426029759;S
20241115;101259;103.03;52;11426029760;S
20241115;101304;103.08;60;11426030553;B
20241115;101304;103.09;44;11426030554;B
20241115;101304;103.1;10;11426030555;B
20241115;101304;103.1;5;11426030556;B
20241115;101304;103.1;800;11426030557;B
20241115;101304;103.1;44;11426030558;B
20241115;101304;103.11;37;11426030559;B
20241115;101317;103.08;66;11426032334;B
20241115;101317;103.09;50;11426032335;B
20241115;101317;103.09;667;11426032336;B
20241115;101317;103.1;227;11426032337;B
20241115;101317;103.1;3990;11426032338;B
20241115;101318;103.09;465;11426032595;B
20241115;101318;103.09;535;11426032596;B
20241115;101319;103.09;614;11426032670;B
20241115;101319;103.09;397;11426032671;B
20241115;101319;103.1;6010;11426032672;B
20241115;101320;103.11;1896;11426032810;B
20241115;101320;103.11;29;11426032811;B
20241115;101320;103.12;400;11426032812;B
20241115;101320;103.12;200;11426032813;B
20241115;101320;103.12;12;11426032814;B
20241115;101320;103.13;1;11426032815;B
20241115;101320;103.13;100;11426032816;B
20241115;101320;103.13;400;11426032817;B
20241115;101320;103.13;287;11426032818;B
20241115;101320;103.14;400;11426032819;B
20241115;101320;103.14;287;11426032820;B
20241115;101320;103.14;5;11426032821;B
20241115;101320;103.14;983;11426032822;B
20241115;101320;103.11;402;11426032847;S
20241115;101320;103.11;38;11426032848;S
20241115;101320;103.11;36;11426032891;S
20241115;101320;103.11;64;11426032892;S
20241115;101321;103.11;15;11426032992;S
20241115;101341;103.14;2;11426035703;B
20241115;101343;103.12;1;11426036074;S
20241115;101346;103.11;1;11426036410;S
20241115;101346;103.11;1;11426036411;S
20241115;101346;103.11;50;11426036412;S
20241115;101346;103.11;200;11426036413;S
20241115;101346;103.1;2979;11426036414;S
20241115;101346;103.1;1;11426036415;S
20241115;101346;103.1;1;11426036416;S
20241115;101346;103.07;42;11426036417;S
20241115;101346;103.06;200;11426036418;S
20241115;101346;103.06;1;11426036419;S
20241115;101346;103.05;452;11426036420;S
20241115;101346;103.05;42;11426036531;S
20241115;101346;103.03;48;11426036532;S
20241115;101346;103.03;1;11426036533;S
20241115;101346;103.03;40;11426036534;S
20241115;101347;103.02;500;11426036781;S
20241115;101348;103.02;500;11426036933;S
20241115;101351;103.03;50;11426037189;B
20241115;101351;103.02;500;11426037206;S
20241115;101351;103.02;59;11426037207;S
20241115;101352;103;10;11426037306;S
20241115;101352;103.01;1;11426037315;B
20241115;101353;103.01;30;11426037511;B
20241115;101356;103.01;2;11426037814;B
20241115;101402;103.01;408;11426038348;B
20241115;101402;103.01;232;11426038349;B
20241115;101402;103.01;30;11426038350;B
20241115;101402;103.03;220;11426038351;B
20241115;101402;103.05;110;11426038352;B
20241115;101404;103.02;136;11426038571;B
20241115;101404;103.04;864;11426038572;B
20241115;101406;103.01;500;11426038793;S
20241115;101406;103;611;11426038794;S
20241115;101406;103;2000;11426038795;S
20241115;101406;103;1;11426038796;S
20241115;101406;103;10;11426038797;S
20241115;101406;103;59;11426038798;S
20241115;101406;102.99;8;11426038799;S
20241115;101406;102.99;5;11426038800;S
20241115;101406;102.99;10;11426038801;S
20241115;101406;102.98;400;11426038802;S
20241115;101406;102.98;1;11426038803;S
20241115;101406;102.98;10;11426038804;S
20241115;101406;102.98;136;11426038805;S
20241115;101406;102.97;250;11426038806;S
20241115;101406;102.97;400;11426038807;S
20241115;101406;102.96;400;11426038808;S
20241115;101406;102.96;1;11426038809;S
20241115;101406;102.95;198;11426038810;S
20241115;101406;102.98;1000;11426038843;B
20241115;101407;102.97;200;11426038909;B
20241115;101409;102.99;25;11426039124;B
20241115;101409;102.99;136;11426039125;B
20241115;101409;102.99;839;11426039126;B
20241115;101410;102.98;136;11426039235;B
20241115;101410;102.98;163;11426039236;B
20241115;101410;102.98;935;11426039237;B
20241115;101410;102.99;1718;11426039238;B
20241115;101410;103;4000;11426039239;B
20241115;101410;103;5;11426039240;B
20241115;101410;103.04;1000;11426039282;B
20241115;101412;103.05;1000;11426039442;B
20241115;101414;103.05;746;11426039552;B
20241115;101414;103.06;4;11426039553;B
20241115;101414;103.07;250;11426039554;B
20241115;101414;103;100;11426039768;S
20241115;101416;103.05;1;11426040024;B
20241115;101422;103;7;11426040747;S
20241115;101424;103.04;15;11426040849;B
20241115;101424;103.04;121;11426040862;B
20241115;101424;103.05;212;11426040863;B
20241115;101424;103.05;228;11426040864;B
20241115;101424;103.06;439;11426040865;B
20241115;101426;103.07;4;11426041064;B
20241115;101426;103.07;996;11426041065;B
20241115;101436;103.06;1;11426042131;B
20241115;101453;103.02;1;11426043953;S
20241115;101455;103.05;523;11426044175;S
20241115;101455;103.05;136;11426044176;S
20241115;101455;103.03;228;11426044177;S
20241115;101455;103.03;228;11426044178;S
20241115;101455;103.03;1934;11426044179;S
20241115;101455;103.02;1951;11426044180;S
20241115;101456;103;1;11426044333;S
20241115;101458;103;555;11426044637;S
20241115;101500;103;559;11426044843;S
20241115;101501;103;1787;11426045020;S
20241115;101501;103.02;40;11426045035;B
20241115;101501;103.03;136;11426045036;B
20241115;101501;103.04;12;11426045037;B
20241115;101502;103.02;100;11426045109;B
20241115;101504;103;34;11426045382;S
20241115;101504;103;1;11426045383;S
20241115;101504;103;1;11426045384;S
20241115;101504;103;1850;11426045385;S
20241115;101504;102.99;59;11426045387;S
20241115;101506;102.98;59;11426045742;S
20241115;101506;102.96;59;11426045743;S
20241115;101508;102.95;2;11426046018;S
20241115;101508;102.94;200;11426046047;S
20241115;101508;102.94;5;11426046048;S
20241115;101509;102.94;1;11426046089;B
20241115;101519;102.95;50;11426047350;B
20241115;101523;102.93;400;11426047817;S
20241115;101523;102.93;59;11426047818;S
20241115;101523;102.92;400;11426047819;S
20241115;101523;102.91;1;11426047820;S
20241115;101523;102.91;1;11426047821;S
20241115;101523;102.91;39;11426047822;S
20241115;101532;102.92;2;11426049268;S
20241115;101534;102.92;38;11426049474;S
20241115;101534;102.91;5;11426049476;S
20241115;101534;102.91;1;11426049477;S
20241115;101534;102.91;100;11426049527;S
20241115;101534;102.9;500;11426049528;S
20241115;101534;102.9;1000;11426049529;S
20241115;101534;102.9;10;11426049530;S
20241115;101534;102.9;59;11426049531;S
20241115;101534;102.9;50;11426049532;S
20241115;101534;102.89;500;11426049533;S
20241115;101534;102.89;1000;11426049534;S
20241115;101534;102.89;1;11426049535;S
20241115;101534;102.88;250;11426049536;S
20241115;101534;102.88;5;11426049537;S
20241115;101534;102.88;7;11426049538;S
20241115;101534;102.88;1;11426049539;S
20241115;101534;102.88;400;11426049540;S
20241115;101534;102.88;6901;11426049541;S
20241115;101534;102.87;132;11426049542;S
20241115;101535;102.88;24;11426049580;S
20241115;101535;102.87;368;11426049581;S
20241115;101535;102.87;500;11426049582;S
20241115;101535;102.87;5;11426049583;S
20241115;101535;102.87;5;11426049584;S
20241115;101535;102.87;59;11426049585;S
20241115;101535;102.87;400;11426049586;S
20241115;101535;102.86;1165;11426049587;S
20241115;101536;102.87;11;11426049748;S
20241115;101536;102.88;1000;11426049764;B
20241115;101536;102.89;1161;11426049774;B
20241115;101536;102.9;1218;11426049775;B
20241115;101540;102.9;621;11426050424;S
20241115;101540;102.9;100;11426050425;S
20241115;101545;102.88;1;11426051109;S
20241115;101545;102.88;100;11426051110;S
20241115;101545;102.88;100;11426051111;S
20241115;101545;102.87;91;11426051112;S
20241115;101547;102.87;222;11426051375;S
20241115;101547;102.89;100;11426051415;B
20241115;101548;102.9;6;11426051539;B
20241115;101548;102.87;55;11426051558;S
20241115;101551;102.87;40;11426051795;S
20241115;101552;102.89;3;11426051990;B
20241115;101556;102.86;200;11426052400;S
20241115;101557;102.89;136;11426052521;S
20241115;101557;102.89;364;11426052522;S
20241115;101601;102.89;2;11426052979;S
20241115;101601;102.9;1;11426053032;B
20241115;101602;102.9;6;11426053168;B
20241115;101605;102.89;100;11426053452;S
20241115;101605;102.89;1;11426053453;S
20241115;101605;102.89;5;11426053454;S
20241115;101605;102.88;5;11426053455;S
20241115;101605;102.88;157;11426053456;S
20241115;101605;102.88;1037;11426053457;S
20241115;101606;102.88;1000;11426053530;B
20241115;101607;102.88;295;11426053659;B
20241115;101607;102.89;705;11426053660;B
20241115;101609;102.9;1000;11426053874;B
20241115;101611;102.89;1;11426054043;B
20241115;101611;102.9;116;11426054044;B
20241115;101611;102.9;1612;11426054045;B
20241115;101611;102.92;3;11426054046;B
20241115;101611;102.94;500;11426054047;B
20241115;101611;102.94;136;11426054048;B
20241115;101611;102.95;10;11426054049;B
20241115;101611;102.95;1000;11426054050;B
20241115;101611;102.96;2708;11426054051;B
20241115;101611;102.96;2708;11426054052;B
20241115;101611;102.97;500;11426054053;B
20241115;101611;102.97;3000;11426054054;B
20241115;101611;102.97;1457;11426054055;B
20241115;101611;102.98;400;11426054056;B
20241115;101611;102.98;150;11426054057;B
20241115;101611;102.98;816;11426054058;S
20241115;101611;102.99;33;11426054060;S
20241115;101611;102.99;24;11426054061;S
20241115;101611;103;10;11426054088;B
20241115;101611;103;60;11426054089;B
20241115;101611;103;31;11426054090;S
20241115;101612;103.01;4;11426054145;B
20241115;101614;103.02;30;11426054347;B
20241115;101616;103;899;11426054495;S
20241115;101616;103;101;11426054496;S
20241115;101618;103;899;11426054640;S
20241115;101618;103;1;11426054641;S
20241115;101620;102.98;1000;11426054889;S
20241115;101623;102.98;1000;11426055225;S
20241115;101624;102.99;136;11426055309;B
20241115;101624;102.99;331;11426055310;B
20241115;101624;102.99;200;11426055311;B
20241115;101624;102.99;143;11426055312;B
20241115;101624;103;190;11426055313;B
20241115;101626;102.99;1000;11426055458;B
20241115;101626;103;150;11426055535;B
20241115;101627;103;1000;11426055607;B
20241115;101629;103;1000;11426055734;B
20241115;101631;103;1000;11426056146;B
20241115;101632;103;760;11426056305;B
20241115;101632;103;240;11426056306;B
20241115;101636;103;7;11426056764;B
20241115;101636;102.99;136;11426056831;S
20241115;101636;102.99;298;11426056832;S
20241115;101636;102.98;3883;11426056833;S
20241115;101636;102.98;222;11426056834;S
20241115;101636;102.98;420;11426056835;S
20241115;101638;102.98;25;11426056993;B
20241115;101641;102.98;1;11426057310;B
20241115;101648;102.98;15;11426058148;B
20241115;101648;102.99;100;11426058154;S
20241115;101649;102.98;1;11426058285;S
20241115;101657;103;45;11426059203;B
20241115;101657;103;53;11426059204;B
20241115;101658;103;8;11426059308;B
20241115;101700;103;50;11426059401;B
20241115;101700;103;1800;11426059402;B
20241115;101700;103;6;11426059403;B
20241115;101700;102.99;327;11426059406;S
20241115;101700;102.99;50;11426059407;S
20241115;101700;102.99;136;11426059408;S
20241115;101700;102.98;400;11426059409;S
20241115;101700;102.98;446;11426059410;S
20241115;101700;102.97;315;11426059411;S
20241115;101700;102.97;99;11426059412;B
20241115;101701;102.97;1;11426059513;B
20241115;101704;102.96;1;11426059820;S
20241115;101704;102.96;1;11426059821;S
20241115;101705;102.96;1;11426060026;B
20241115;101705;102.95;100;11426060076;S
20241115;101707;102.95;400;11426060460;S
20241115;101707;102.95;1;11426060461;S
20241115;101712;102.92;7;11426060910;S
20241115;101712;102.92;43;11426060911;S
20241115;101712;102.95;198;11426060939;B
20241115;101712;102.95;81;11426060940;S
20241115;101712;102.95;221;11426060955;S
20241115;101712;102.92;312;11426060956;S
20241115;101712;102.91;158;11426060957;S
20241115;101712;102.9;400;11426060958;S
20241115;101712;102.9;10;11426060959;S
20241115;101712;102.9;300;11426060960;S
20241115;101712;102.9;500;11426060961;S
20241115;101712;102.9;99;11426060962;S
20241115;101715;102.95;1;11426061200;S
20241115;101718;102.96;100;11426061531;B
20241115;101719;102.95;2;11426061628;S
20241115;101719;102.91;134;11426061629;S
20241115;101719;102.9;136;11426061630;S
20241115;101719;102.9;134;11426061631;S
20241115;101719;102.89;400;11426061632;S
20241115;101719;102.89;1;11426061633;S
20241115;101719;102.89;193;11426061634;S
20241115;101723;102.94;100;11426062162;B
20241115;101724;102.9;100;11426062311;B
20241115;101726;102.9;100;11426062562;B
20241115;101728;102.9;100;11426062786;B
20241115;101734;102.95;19;11426063421;B
20241115;101734;102.95;81;11426063422;B
20241115;101736;102.95;100;11426063517;B
20241115;101736;102.95;6;11426063626;B
20241115;101737;102.95;100;11426063678;B
20241115;101738;102.95;100;11426063838;B
20241115;101740;102.95;100;11426064012;B
20241115;101742;102.92;7;11426064137;S
20241115;101746;102.92;1;11426064494;S
20241115;101747;102.95;1;11426064657;B
20241115;101757;102.95;12;11426065697;B
20241115;101757;102.95;10;11426065698;B
20241115;101757;102.96;5;11426065699;B
20241115;101757;102.96;500;11426065700;B
20241115;101757;102.96;473;11426065701;B
20241115;101757;102.92;10;11426065702;S
20241115;101757;102.92;5;11426065703;S
20241115;101757;102.92;111;11426065704;S
20241115;101757;102.91;5;11426065705;S
20241115;101757;102.91;5;11426065706;S
20241115;101757;102.91;1;11426065707;S
20241115;101757;102.91;10;11426065708;S
20241115;101757;102.91;111;11426065709;S
20241115;101757;102.91;308;11426065710;S
20241115;101757;102.9;290;11426065711;S
20241115;101757;102.9;500;11426065712;S
20241115;101757;102.9;136;11426065713;S
20241115;101757;102.9;300;11426065714;S
20241115;101757;102.89;100;11426065715;S
20241115;101757;102.89;1108;11426065716;S
20241115;101757;102.9;200;11426065724;B
20241115;101758;102.91;1;11426065841;B
20241115;101758;102.91;773;11426065861;B
20241115;101758;102.92;172;11426065862;B
20241115;101758;102.92;55;11426065863;B
20241115;101759;102.93;428;11426065921;B
20241115;101759;102.94;72;11426065922;B
20241115;101801;102.97;326;11426066099;B
20241115;101801;102.97;674;11426066100;B
20241115;101802;102.97;1000;11426066302;B
20241115;101805;102.97;103;11426066657;B
20241115;101805;102.97;10;11426066658;B
20241115;101805;102.97;726;11426066659;B
20241115;101805;102.98;161;11426066660;B
20241115;101807;102.97;10;11426067120;S
20241115;101808;102.98;442;11426067192;B
20241115;101808;102.98;183;11426067193;B
20241115;101808;102.98;183;11426067194;B
20241115;101808;102.99;49;11426067195;B
20241115;101808;102.99;143;11426067196;B
20241115;101808;102.95;4;11426067255;S
20241115;101808;102.93;1;11426067256;S
20241115;101808;102.93;15;11426067257;S
20241115;101810;102.94;6;11426067399;B
20241115;101810;102.95;200;11426067400;B
20241115;101810;102.95;136;11426067401;B
20241115;101810;102.95;4;11426067402;B
20241115;101810;102.96;654;11426067403;B
20241115;101812;102.94;141;11426067644;B
20241115;101812;102.95;136;11426067645;B
20241115;101812;102.95;108;11426067646;B
20241115;101812;102.96;141;11426067647;B
20241115;101812;102.97;474;11426067648;B
20241115;101813;102.93;6;11426067676;S
20241115;101817;102.94;1;11426068287;B
20241115;101821;102.94;50;11426068703;B
20241115;101823;102.91;1;11426068927;S
20241115;101824;102.9;5;11426069031;S
20241115;101824;102.9;10;11426069032;S
20241115;101824;102.89;16;11426069033;S
20241115;101825;102.91;15;11426069040;B
20241115;101829;102.89;120;11426069416;S
20241115;101829;102.89;1;11426069417;S
20241115;101829;102.88;50;11426069418;S
20241115;101829;102.88;130;11426069419;S
20241115;101829;102.88;4;11426069420;S
20241115;101829;102.88;120;11426069421;S
20241115;101829;102.88;575;11426069446;B
20241115;101829;102.88;186;11426069447;B
20241115;101829;102.89;186;11426069448;B
20241115;101839;102.9;1053;11426070450;S
20241115;101839;102.89;1;11426070459;B
20241115;101845;102.9;200;11426071252;B
20241115;101853;102.89;229;11426072450;S
20241115;101856;102.9;597;11426072837;B
20241115;101856;102.9;96;11426072838;B
20241115;101857;102.9;1000;11426073029;S
20241115;101900;102.91;984;11426073413;B
20241115;101900;102.91;16;11426073414;B
20241115;101901;102.9;50;11426073461;S
20241115;101901;102.91;128;11426073477;S
20241115;101901;102.91;148;11426073478;S
20241115;101901;102.9;244;11426073500;S
20241115;101904;102.91;368;11426073879;B
20241115;101904;102.91;1000;11426073888;B
20241115;101906;102.9;100;11426074116;S
20241115;101906;102.91;6;11426074117;B
20241115;101909;102.91;3;11426074344;B
20241115;101909;102.91;1000;11426074350;B
20241115;101909;102.91;3;11426074396;B
20241115;101911;102.9;20;11426074655;S
20241115;101913;102.91;292;11426074770;B
20241115;101913;102.91;1;11426074774;B
20241115;101914;102.91;51;11426074875;B
20241115;101914;102.91;449;11426074876;B
20241115;101914;102.91;292;11426074883;B
20241115;101914;102.91;2;11426074919;B
20241115;101915;102.91;292;11426075014;B
20241115;101917;102.91;965;11426075194;B
20241115;101917;102.91;35;11426075195;B
20241115;101923;102.9;777;11426075837;S
20241115;101923;102.9;116;11426075841;S
20241115;101923;102.9;100;11426075842;S
20241115;101926;102.9;50;11426076225;B
20241115;101927;102.9;1;11426076233;B
20241115;101927;102.89;25;11426076346;S
20241115;101928;102.9;1000;11426076439;B
20241115;101929;102.9;1000;11426076555;B
20241115;101930;102.89;20;11426076639;S
20241115;101931;102.9;1;11426076655;B
20241115;101931;102.9;1000;11426076666;B
20241115;101933;102.9;1000;11426077030;B
20241115;101935;102.9;732;11426077272;B
20241115;101935;102.9;1;11426077273;B
20241115;101935;102.9;6;11426077274;B
20241115;101935;102.9;6;11426077275;B
20241115;101935;102.91;221;11426077276;B
20241115;101935;102.91;34;11426077277;B
20241115;101936;102.89;76;11426077428;S
20241115;101936;102.89;1;11426077429;S
20241115;101936;102.89;156;11426077430;S
20241115;101936;102.88;5;11426077431;S
20241115;101936;102.88;1;11426077432;S
20241115;101936;102.88;156;11426077433;S
20241115;101936;102.88;136;11426077434;S
20241115;101936;102.87;10;11426077435;S
20241115;101936;102.87;1;11426077436;S
20241115;101936;102.87;1;11426077437;S
20241115;101936;102.87;10;11426077438;S
20241115;101936;102.87;455;11426077439;S
20241115;101936;102.87;1;11426077440;S
20241115;101936;102.87;1;11426077441;S
20241115;101936;102.87;5;11426077442;S
20241115;101936;102.86;986;11426077443;S
