<DATE>;<TIME>;<LAST>;<VOL>;<ID>;<OPER>
20241101;095934;98.04;1;11370545736;S
20241101;095934;98.04;1;11370545737;S
20241101;095934;98.04;5;11370545738;B
20241101;095934;98.04;9;11370545739;B
20241101;095934;98.04;100;11370545740;B
20241101;095934;98.04;1;11370545741;S
20241101;095934;98.04;1;11370545742;B
20241101;095934;98.04;1000;11370545743;B
20241101;095934;98.04;123;11370545744;B
20241101;095934;98.04;50;11370545745;B
20241101;095934;98.04;100;11370545746;B
20241101;095934;98.04;2616;11370545747;S
20241101;095934;98.04;4;11370545748;S
20241101;095934;98.04;3;11370545749;S
20241101;095934;98.04;11;11370545750;S
20241101;095934;98.04;11;11370545751;S
20241101;095934;98.04;50;11370545752;S
20241101;095934;98.04;1;11370545753;S
20241101;095934;98.04;4;11370545754;S
20241101;095934;98.04;2;11370545755;S
20241101;095934;98.04;4;11370545756;S
20241101;095934;98.04;2;11370545757;S
20241101;095934;98.04;1;11370545758;S
20241101;095934;98.04;1;11370545759;S
20241101;095934;98.04;1;11370545760;S
20241101;095934;98.04;1;11370545761;S
20241101;095934;98.04;2;11370545762;S
20241101;095934;98.04;2;11370545763;S
20241101;095934;98.04;11;11370545764;S
20241101;095934;98.04;2;11370545765;S
20241101;095934;98.04;1;11370545766;S
20241101;095934;98.04;1;11370545767;S
20241101;095934;98.04;2;11370545768;S
20241101;095934;98.04;1;11370545769;S
20241101;095934;98.04;1;11370545770;S
20241101;095934;98.04;11;11370545771;S
20241101;095934;98.04;3;11370545772;S
20241101;095934;98.04;1;11370545773;S
20241101;095934;98.04;1;11370545774;S
20241101;095934;98.04;1;11370545775;S
20241101;095934;98.04;1;11370545776;S
20241101;095934;98.04;7;11370545777;S
20241101;095934;98.04;1;11370545778;S
20241101;095934;98.04;3;11370545779;S
20241101;095934;98.04;1;11370545780;S
20241101;095934;98.04;2;11370545781;S
20241101;095934;98.04;1;11370545782;S
20241101;095934;98.04;4;11370545783;S
20241101;095934;98.04;10;11370545784;S
20241101;095934;98.04;7;11370545785;S
20241101;095934;98.04;3;11370545786;S
20241101;095934;98.04;1;11370545787;S
20241101;095934;98.04;500;11370545788;S
20241101;095934;98.04;1;11370545789;S
20241101;095934;98.04;100;11370545790;B
20241101;095934;98.04;2560;11370545791;S
20241101;100001;98.1;1000;11370550142;B
20241101;100001;98.1;10;11370550143;B
20241101;100001;98.11;1000;11370550327;S
20241101;100002;98.13;21;11370550358;S
20241101;100002;98.16;10;11370550557;B
20241101;100002;98.19;40;11370550558;B
20241101;100002;98.16;1;11370550636;B
20241101;100002;98.19;110;11370550637;B
20241101;100002;98.16;1;11370550654;S
20241101;100003;98.17;12;11370550738;S
20241101;100003;98.19;1;11370551128;B
20241101;100003;98.19;1;11370551357;B
20241101;100003;98.18;4;11370551362;S
20241101;100003;98.18;5;11370551363;S
20241101;100003;98.15;17;11370551365;S
20241101;100003;98.15;4;11370551367;S
20241101;100003;98.19;1;11370551373;B
20241101;100003;98.19;21;11370551386;B
20241101;100003;98.19;86;11370551391;B
20241101;100004;98.19;396;11370551621;B
20241101;100004;98.19;1;11370551634;B
20241101;100004;98.19;1;11370551636;B
20241101;100004;98.19;1;11370551637;B
20241101;100004;98.19;1;11370551641;B
20241101;100004;98.19;1;11370551663;B
20241101;100004;98.19;1;11370551669;B
20241101;100004;98.19;1;11370551678;B
20241101;100004;98.18;9;11370551682;S
20241101;100004;98.19;18;11370551689;B
20241101;100004;98.19;1;11370551802;B
20241101;100004;98.19;1;11370551806;B
20241101;100004;98.18;10;11370551807;S
20241101;100004;98.19;11;11370551809;B
20241101;100004;98.18;1;11370551852;S
20241101;100004;98.19;3;11370551858;B
20241101;100004;98.18;1;11370551859;S
20241101;100004;98.19;1;11370551862;B
20241101;100004;98.19;535;11370551924;B
20241101;100004;98.19;3;11370551925;B
20241101;100004;98.2;8;11370551929;B
20241101;100004;98.2;10;11370551930;B
20241101;100004;98.2;1;11370551931;B
20241101;100004;98.2;6;11370551932;B
20241101;100004;98.2;2;11370551933;B
20241101;100004;98.2;2;11370551934;B
20241101;100004;98.2;2;11370551935;B
20241101;100004;98.2;1;11370551936;B
20241101;100004;98.2;1;11370551937;B
20241101;100004;98.2;7;11370551938;B
20241101;100004;98.2;2;11370551939;B
20241101;100004;98.2;10;11370551940;B
20241101;100004;98.2;2;11370551941;B
20241101;100004;98.2;1;11370551942;B
20241101;100004;98.2;333;11370551943;B
20241101;100004;98.2;2;11370551944;B
20241101;100004;98.2;1000;11370551945;B
20241101;100004;98.24;5;11370551957;B
20241101;100004;98.26;106;11370551958;B
20241101;100004;98.23;11;11370552831;S
20241101;100004;98.23;1;11370552882;S
20241101;100004;98.27;1;11370552887;B
20241101;100004;98.27;2;11370552898;B
20241101;100004;98.23;10;11370552907;S
20241101;100004;98.27;1;11370552915;B
20241101;100004;98.23;10;11370552919;S
20241101;100004;98.27;1;11370552922;B
20241101;100004;98.27;1;11370552928;B
20241101;100004;98.27;1;11370552936;B
20241101;100004;98.23;11;11370552951;S
20241101;100004;98.23;10;11370553165;S
20241101;100004;98.27;1;11370553172;B
20241101;100004;98.27;3;11370553178;B
20241101;100004;98.23;1;11370553408;S
20241101;100004;98.23;10;11370553492;S
20241101;100004;98.27;2;11370553497;B
20241101;100004;98.23;1;11370553506;S
20241101;100004;98.27;1;11370553535;B
20241101;100004;98.23;10;11370553540;S
20241101;100004;98.27;20;11370553558;B
20241101;100004;98.27;130;11370553615;B
20241101;100004;98.23;2;11370553724;S
20241101;100004;98.27;1;11370553731;B
20241101;100004;98.27;1;11370553733;B
20241101;100004;98.27;1;11370553740;B
20241101;100004;98.23;1;11370553742;S
20241101;100004;98.27;1;11370553745;B
20241101;100004;98.23;1;11370554024;S
20241101;100004;98.27;1;11370554048;B
20241101;100004;98.27;1;11370554099;B
20241101;100004;98.24;2406;11370554100;S
20241101;100004;98.23;185;11370554101;S
20241101;100004;98.22;400;11370554102;S
20241101;100004;98.21;400;11370554103;S
20241101;100004;98.2;400;11370554104;S
20241101;100004;98.19;400;11370554105;S
20241101;100004;98.18;400;11370554106;S
20241101;100004;98.17;400;11370554107;S
20241101;100004;98.17;1527;11370554108;S
20241101;100004;98.16;400;11370554109;S
20241101;100004;98.16;10;11370554110;S
20241101;100004;98.15;379;11370554111;S
20241101;100004;98.14;51;11370554112;S
20241101;100004;98.27;10;11370554113;B
20241101;100005;98.27;4;11370554253;B
20241101;100005;98.27;32;11370554276;B
20241101;100005;98.27;4;11370554279;B
20241101;100005;98.27;100;11370554285;B
20241101;100005;98.27;5;11370554334;B
20241101;100005;98.27;47;11370554336;B
20241101;100005;98.27;46;11370554337;B
20241101;100005;98.27;10;11370554347;B
20241101;100005;98.27;4;11370554357;B
20241101;100005;98.27;3;11370554359;B
20241101;100005;98.19;9;11370554387;S
20241101;100005;98.19;200;11370554411;S
20241101;100005;98.18;106;11370554442;S
20241101;100005;98.16;94;11370554443;S
20241101;100005;98.16;200;11370554452;S
20241101;100005;98.26;48;11370554561;B
20241101;100005;98.26;243;11370555702;B
20241101;100005;98.2;3;11370555767;S
20241101;100005;98.27;2;11370555768;B
20241101;100005;98.2;237;11370555957;S
20241101;100005;98.2;377;11370555958;S
20241101;100005;98.19;400;11370555959;S
20241101;100005;98.18;400;11370555960;S
20241101;100005;98.17;30;11370555961;S
20241101;100005;98.17;400;11370555962;S
20241101;100005;98.17;1;11370555963;S
20241101;100005;98.16;106;11370555964;S
20241101;100005;98.15;400;11370555965;S
20241101;100005;98.15;1526;11370555966;S
20241101;100005;98.14;400;11370555967;S
20241101;100005;98.13;400;11370555968;S
20241101;100005;98.12;400;11370555969;S
20241101;100005;98.11;400;11370555970;S
20241101;100005;98.1;400;11370555971;S
20241101;100005;98.03;623;11370555972;S
20241101;100005;98.03;5;11370555974;S
20241101;100005;98.04;1;11370555976;S
20241101;100005;98.24;11;11370555978;B
20241101;100006;98.23;68;11370556144;B
20241101;100006;98.24;932;11370556145;B
20241101;100006;98.13;3;11370556202;S
20241101;100006;98.24;7;11370556286;B
20241101;100006;98.24;1;11370556489;B
20241101;100006;98.24;5;11370556625;B
20241101;100006;98.24;190;11370556684;B
20241101;100006;98.24;60;11370556685;B
20241101;100006;98.24;124;11370556688;B
20241101;100006;98.25;1426;11370556689;B
20241101;100006;98.25;400;11370556690;B
20241101;100006;98.26;50;11370556691;B
20241101;100006;98.26;1;11370556692;B
20241101;100006;98.27;71;11370556693;B
20241101;100006;98.27;2000;11370556697;B
20241101;100006;98.27;70;11370556699;B
20241101;100006;98.27;405;11370556700;B
20241101;100006;98.27;1;11370556702;B
20241101;100006;98.27;70;11370556704;B
20241101;100006;98.27;23;11370556711;B
20241101;100006;98.27;17;11370556716;B
20241101;100006;98.27;1;11370556739;B
20241101;100006;98.2;1;11370556741;S
20241101;100006;98.2;10;11370556761;S
20241101;100006;98.27;3;11370556763;B
20241101;100006;98.27;1;11370556764;B
20241101;100006;98.27;50;11370556869;B
20241101;100006;98.27;208;11370556913;B
20241101;100006;98.27;94;11370556916;B
20241101;100006;98.27;220;11370556940;B
20241101;100006;98.27;166;11370556942;B
20241101;100006;98.27;19;11370556944;B
20241101;100006;98.27;50;11370556945;B
20241101;100006;98.27;10;11370556946;B
20241101;100006;98.28;50;11370556947;B
20241101;100006;98.28;3;11370556948;B
20241101;100006;98.3;1;11370556949;B
20241101;100006;98.3;1;11370556950;B
20241101;100006;98.3;32;11370556951;B
20241101;100006;98.22;1;11370557011;S
20241101;100006;98.22;1;11370557012;S
20241101;100006;98.22;7;11370557014;S
20241101;100006;98.22;11;11370557015;S
20241101;100006;98.3;7;11370557152;B
20241101;100006;98.3;61;11370557180;B
20241101;100006;98.3;9;11370557181;B
20241101;100007;98.3;1;11370557278;B
20241101;100007;98.3;12;11370557279;B
20241101;100007;98.35;1;11370557622;B
20241101;100007;98.35;2;11370557623;B
20241101;100007;98.35;136;11370557625;B
20241101;100007;98.35;27;11370557665;B
20241101;100007;98.35;27;11370557668;B
20241101;100007;98.35;51;11370557673;B
20241101;100007;98.35;20;11370557747;B
20241101;100007;98.35;5;11370557754;B
20241101;100007;98.37;400;11370557844;B
20241101;100007;98.38;400;11370557845;B
20241101;100007;98.38;250;11370557846;B
20241101;100007;98.39;400;11370557847;B
20241101;100007;98.4;7;11370557848;B
20241101;100007;98.4;1;11370557849;B
20241101;100007;98.4;1000;11370557850;B
20241101;100007;98.4;30;11370557851;B
20241101;100007;98.4;100;11370557852;B
20241101;100007;98.4;10;11370557853;B
20241101;100007;98.4;400;11370557854;B
20241101;100007;98.4;1525;11370557855;B
20241101;100007;98.41;400;11370557856;B
20241101;100007;98.41;12;11370557857;B
20241101;100007;98.42;400;11370557858;B
20241101;100007;98.43;400;11370557859;B
20241101;100007;98.44;400;11370557860;B
20241101;100007;98.45;500;11370557861;B
20241101;100007;98.45;2;11370557862;B
20241101;100007;98.45;400;11370557863;B
20241101;100007;98.46;400;11370557864;B
20241101;100007;98.47;1;11370557865;B
20241101;100007;98.47;1800;11370557866;B
20241101;100007;98.48;1;11370557867;B
20241101;100007;98.48;1000;11370557868;B
20241101;100007;98.48;6730;11370557869;B
20241101;100007;98.5;100;11370557870;B
20241101;100007;98.5;1;11370557871;B
20241101;100007;98.5;1;11370557872;B
20241101;100007;98.5;500;11370557873;B
20241101;100007;98.5;1;11370557874;B
20241101;100007;98.5;1000;11370557875;B
20241101;100007;98.5;100;11370557876;B
20241101;100007;98.5;50;11370557877;B
20241101;100007;98.5;1278;11370557878;B
20241101;100007;98.48;500;11370557881;B
20241101;100007;98.48;3;11370557888;B
20241101;100007;98.48;32;11370557890;B
20241101;100007;98.48;31;11370557893;B
20241101;100008;98.48;15;11370557991;B
20241101;100008;98.5;1;11370558032;B
20241101;100008;98.5;1;11370558096;B
20241101;100008;98.5;3;11370558100;B
20241101;100008;98.5;1;11370558103;B
20241101;100008;98.5;1216;11370558104;B
20241101;100008;98.5;10;11370558105;B
20241101;100008;98.5;1;11370558106;B
20241101;100008;98.5;200;11370558107;B
20241101;100008;98.51;400;11370558108;B
20241101;100008;98.51;1473;11370558109;B
20241101;100008;98.4;400;11370558110;S
20241101;100008;98.39;389;11370558111;S
20241101;100008;98.39;201;11370558112;S
20241101;100008;98.4;5;11370558144;S
20241101;100008;98.45;3;11370558232;B
20241101;100008;98.46;1;11370558233;B
20241101;100008;98.46;1;11370558249;S
20241101;100008;98.48;20;11370558264;B
20241101;100009;98.37;1;11370558421;S
20241101;100009;98.37;5;11370558519;S
20241101;100009;98.47;23;11370558558;B
20241101;100009;98.47;31;11370558560;B
20241101;100009;98.47;208;11370558566;B
20241101;100009;98.47;17;11370558586;B
20241101;100009;98.47;1;11370558587;B
20241101;100009;98.46;54;11370558605;B
20241101;100009;98.47;96;11370558606;B
20241101;100009;98.46;110;11370558609;B
20241101;100009;98.47;1590;11370558610;B
20241101;100009;98.47;544;11370558611;B
20241101;100009;98.48;3;11370558612;B
20241101;100009;98.49;1;11370558613;B
20241101;100009;98.49;12;11370558614;B
20241101;100009;98.49;200;11370558615;S
20241101;100009;98.49;940;11370558701;S
20241101;100009;98.37;200;11370558702;S
20241101;100009;98.49;51;11370558705;B
20241101;100010;98.49;200;11370558781;S
20241101;100010;98.5;50;11370558787;B
20241101;100010;98.5;8;11370558794;B
20241101;100010;98.49;43;11370558797;S
20241101;100010;98.49;5;11370558798;S
20241101;100010;98.49;7;11370558799;S
20241101;100010;98.49;45;11370558800;S
20241101;100010;98.5;20;11370558941;B
20241101;100010;98.49;25;11370558953;S
20241101;100013;98.48;3;11370559768;B
20241101;100013;98.48;200;11370559769;B
20241101;100013;98.49;125;11370559851;B
20241101;100013;98.49;100;11370559852;B
20241101;100013;98.5;462;11370559853;B
20241101;100013;98.5;50;11370559854;B
20241101;100013;98.52;100;11370559855;B
20241101;100013;98.54;163;11370559856;B
20241101;100013;98.54;37;11370560056;B
20241101;100013;98.54;13;11370560057;B
20241101;100014;98.54;137;11370560210;B
20241101;100014;98.54;1522;11370560211;B
20241101;100014;98.54;700;11370560212;B
20241101;100014;98.55;39;11370560213;B
20241101;100014;98.55;1400;11370560214;B
20241101;100014;98.55;300;11370560215;B
20241101;100014;98.55;300;11370560216;B
20241101;100014;98.56;200;11370560217;S
20241101;100014;98.57;1;11370560239;B
20241101;100014;98.56;5;11370560303;S
20241101;100015;98.57;5;11370560567;B
20241101;100015;98.57;20;11370560568;B
20241101;100015;98.57;400;11370560569;B
20241101;100015;98.58;2;11370560570;B
20241101;100015;98.58;2;11370560571;B
20241101;100015;98.58;400;11370560572;B
20241101;100015;98.58;1521;11370560573;B
20241101;100015;98.59;231;11370560574;B
20241101;100015;98.59;400;11370560575;B
20241101;100015;98.6;1;11370560576;B
20241101;100015;98.6;7;11370560577;B
20241101;100015;98.6;2;11370560578;B
20241101;100015;98.6;9;11370560579;B
20241101;100015;98.59;238;11370560644;B
20241101;100015;98.57;160;11370560690;S
20241101;100015;98.56;40;11370560691;S
20241101;100016;98.59;733;11370560889;B
20241101;100016;98.59;788;11370560898;B
20241101;100016;98.6;991;11370560899;B
20241101;100016;98.6;100;11370560900;B
20241101;100016;98.6;500;11370560901;B
20241101;100016;98.6;1;11370560902;B
20241101;100016;98.62;450;11370560903;B
20241101;100016;98.63;400;11370560904;B
20241101;100016;98.64;400;11370560905;B
20241101;100016;98.64;24;11370560906;B
20241101;100016;98.65;10;11370560907;B
20241101;100016;98.65;1;11370560908;B
20241101;100016;98.65;400;11370560909;B
20241101;100016;98.66;400;11370560910;B
20241101;100016;98.67;400;11370560911;B
20241101;100016;98.68;202;11370560912;B
20241101;100016;98.68;400;11370560913;B
20241101;100016;98.69;2;11370560914;B
20241101;100016;98.69;400;11370560915;B
20241101;100016;98.7;100;11370560916;B
20241101;100016;98.7;400;11370560917;B
20241101;100016;98.71;400;11370560918;B
20241101;100016;98.72;408;11370560919;B
20241101;100016;98.72;50;11370560920;B
20241101;100016;98.72;400;11370560921;B
20241101;100016;98.74;718;11370560922;B
20241101;100016;98.74;1000;11370560923;B
20241101;100016;98.75;2000;11370560924;B
20241101;100016;98.76;2410;11370560925;B
20241101;100016;98.77;1;11370560926;B
20241101;100016;98.77;1000;11370560927;B
20241101;100016;98.78;2;11370560928;B
20241101;100016;98.8;1000;11370560929;B
20241101;100016;98.8;10;11370560930;B
20241101;100016;98.8;1;11370560931;B
20241101;100016;98.8;412;11370560932;B
20241101;100016;98.8;1520;11370560933;B
20241101;100016;98.8;1;11370560934;B
20241101;100016;98.8;1;11370560935;B
20241101;100016;98.8;201;11370560936;B
20241101;100016;98.8;1000;11370560937;B
20241101;100016;98.8;100;11370560938;B
20241101;100016;98.8;100;11370560939;B
20241101;100016;98.8;24;11370560940;B
20241101;100016;98.8;600;11370560941;B
20241101;100016;98.81;102;11370560942;B
20241101;100016;98.81;1000;11370560943;B
20241101;100016;98.83;10;11370560944;B
20241101;100016;98.83;1000;11370560945;B
20241101;100016;98.85;100;11370560946;B
20241101;100016;98.85;50;11370560947;B
20241101;100016;98.85;2000;11370560948;B
20241101;100016;98.87;1010;11370560949;B
20241101;100016;98.78;263;11370561006;B
20241101;100016;98.64;400;11370561028;S
20241101;100016;98.63;2037;11370561029;S
20241101;100016;98.63;400;11370561030;S
20241101;100016;98.63;150;11370561072;B
20241101;100016;98.62;1;11370561093;S
20241101;100016;98.63;13;11370561128;B
20241101;100016;98.7;216;11370561129;B
20241101;100016;98.7;1519;11370561130;B
20241101;100016;98.77;400;11370561131;B
20241101;100016;98.78;3;11370561132;B
20241101;100016;98.78;400;11370561133;B
20241101;100016;98.79;400;11370561134;B
20241101;100016;98.8;400;11370561135;B
20241101;100016;98.8;11649;11370561137;S
20241101;100016;98.62;400;11370561142;S
20241101;100016;98.61;5;11370561143;S
20241101;100016;98.61;250;11370561144;S
20241101;100016;98.61;400;11370561145;S
20241101;100016;98.6;400;11370561146;S
20241101;100016;98.59;400;11370561147;S
20241101;100016;98.58;400;11370561148;S
20241101;100016;98.57;400;11370561149;S
20241101;100016;98.56;345;11370561150;S
20241101;100016;98.57;1;11370561171;S
20241101;100016;98.68;250;11370561176;B
20241101;100017;98.68;1270;11370561204;B
20241101;100017;98.69;200;11370561205;B
20241101;100017;98.69;1;11370561206;B
20241101;100017;98.71;400;11370561207;B
20241101;100017;98.72;118;11370561208;B
20241101;100017;98.72;400;11370561209;B
20241101;100017;98.73;400;11370561210;B
20241101;100017;98.74;400;11370561211;B
20241101;100017;98.75;400;11370561212;B
20241101;100017;98.76;400;11370561213;B
20241101;100017;98.77;400;11370561214;B
20241101;100017;98.77;1457;11370561215;B
20241101;100017;98.78;400;11370561216;B
20241101;100017;98.79;400;11370561217;B
20241101;100017;98.8;400;11370561218;B
20241101;100017;98.87;2037;11370561219;B
20241101;100017;98.88;2000;11370561220;B
20241101;100017;98.88;5700;11370561221;B
20241101;100017;98.89;3;11370561222;B
20241101;100017;98.89;20;11370561223;B
20241101;100017;98.9;10;11370561224;B
20241101;100017;98.9;3;11370561225;B
20241101;100017;98.9;100;11370561226;B
20241101;100017;98.9;1000;11370561227;B
20241101;100017;98.9;37;11370561228;B
20241101;100017;98.9;100;11370561229;B
20241101;100017;98.92;224;11370561230;B
20241101;100017;98.92;1000;11370561231;B
20241101;100017;98.93;1;11370561232;B
20241101;100017;98.93;719;11370561233;B
20241101;100017;98.8;300;11370561248;B
20241101;100017;98.78;1520;11370561255;B
20241101;100017;98.79;269;11370561256;B
20241101;100017;98.81;400;11370561257;B
20241101;100017;98.82;16;11370561258;B
20241101;100017;98.83;107;11370561259;B
20241101;100017;98.74;10;11370561264;S
20241101;100017;98.71;3;11370561265;S
20241101;100017;98.71;100;11370561296;B
20241101;100017;98.67;10;11370561313;B
20241101;100017;98.66;5;11370561325;S
20241101;100017;98.66;395;11370561342;S
20241101;100017;98.65;1000;11370561343;S
20241101;100017;98.65;400;11370561344;S
20241101;100017;98.64;400;11370561345;S
20241101;100017;98.63;400;11370561346;S
20241101;100017;98.62;400;11370561347;S
20241101;100017;98.61;5;11370561348;S
20241101;100017;98.71;5;11370561358;B
20241101;100017;98.71;5;11370561366;B
20241101;100017;98.75;1;11370561367;B
20241101;100017;98.75;1;11370561368;B
20241101;100017;98.75;1225;11370561369;B
20241101;100017;98.62;5;11370561374;S
20241101;100017;98.68;20;11370561477;B
20241101;100017;98.68;280;11370561495;B
20241101;100017;98.74;20;11370561496;B
20241101;100017;98.74;50;11370561497;B
20241101;100017;98.75;50;11370561498;B
20241101;100017;98.75;600;11370561499;B
20241101;100018;98.75;919;11370561501;B
20241101;100018;98.75;132;11370561502;B
20241101;100018;98.76;36;11370561503;B
20241101;100018;98.77;300;11370561504;B
20241101;100018;98.78;250;11370561505;B
20241101;100018;98.8;70;11370561506;B
20241101;100018;98.82;50;11370561507;B
20241101;100018;98.87;400;11370561508;B
20241101;100018;98.88;400;11370561509;B
20241101;100018;98.89;400;11370561510;B
20241101;100018;98.89;1;11370561511;B
20241101;100018;98.89;42;11370561512;B
20241101;100018;98.78;47;11370561523;B
20241101;100018;98.78;20;11370561524;B
20241101;100018;98.75;215;11370561539;B
20241101;100018;98.76;1519;11370561540;B
20241101;100018;98.77;313;11370561541;B
20241101;100018;98.79;1;11370561542;B
20241101;100018;98.9;500;11370561543;B
20241101;100018;98.9;1;11370561544;B
20241101;100018;98.9;400;11370561545;B
20241101;100018;98.91;400;11370561546;B
20241101;100018;98.92;400;11370561547;B
20241101;100018;98.92;1251;11370561548;B
20241101;100018;98.91;500;11370561551;S
20241101;100018;98.9;1519;11370561554;B
20241101;100018;98.9;481;11370561555;S
20241101;100018;98.8;150;11370561576;B
20241101;100018;98.79;163;11370561577;B
20241101;100018;98.8;1517;11370561578;B
20241101;100018;98.81;72;11370561579;B
20241101;100018;98.91;5;11370561580;B
20241101;100018;98.91;3243;11370561581;S
20241101;100018;98.91;20;11370561599;B
20241101;100018;98.68;5;11370561606;S
20241101;100018;98.88;1250;11370561712;B
20241101;100018;98.88;268;11370561762;B
20241101;100018;98.89;1;11370561763;B
20241101;100018;98.93;31;11370561764;B
20241101;100018;98.74;1;11370561795;S
20241101;100019;98.74;2;11370561878;S
20241101;100019;98.9;400;11370561933;B
20241101;100019;98.9;400;11370561935;B
20241101;100019;98.9;400;11370561936;B
20241101;100019;98.92;20;11370562053;B
20241101;100019;98.9;40;11370562120;S
20241101;100019;98.92;400;11370562165;B
20241101;100019;98.92;1117;11370562167;B
20241101;100019;98.92;400;11370562170;B
20241101;100019;98.92;1053;11370562172;B
20241101;100019;98.93;400;11370562177;B
20241101;100019;98.93;400;11370562178;B
20241101;100019;98.93;200;11370562179;B
20241101;100019;98.93;3;11370562180;B
20241101;100019;98.94;4200;11370562183;B
20241101;100019;98.94;15;11370562184;B
20241101;100019;98.95;1;11370562186;B
20241101;100019;98.95;399;11370562187;B
20241101;100019;98.95;400;11370562190;B
20241101;100019;98.95;201;11370562191;B
20241101;100019;98.91;400;11370562249;S
20241101;100019;98.9;619;11370562250;S
20241101;100020;98.91;400;11370562386;S
20241101;100020;98.9;619;11370562387;S
20241101;100020;98.91;400;11370562393;S
20241101;100020;98.9;300;11370562394;S
20241101;100020;98.91;95;11370562525;S
20241101;100020;98.91;1;11370562561;S
20241101;100021;98.91;300;11370562911;S
20241101;100021;98.91;4;11370562940;S
20241101;100022;98.9;25;11370563045;S
20241101;100022;98.91;10;11370563087;S
20241101;100022;98.91;1;11370563132;S
20241101;100023;98.91;10;11370563265;S
20241101;100023;98.91;379;11370563279;S
20241101;100023;98.9;121;11370563280;S
20241101;100023;98.91;5;11370563311;S
20241101;100024;98.91;5;11370563446;S
20241101;100024;98.91;390;11370563457;S
20241101;100024;98.91;100;11370563458;S
20241101;100024;98.9;276;11370563459;S
20241101;100024;98.9;300;11370563460;S
20241101;100024;98.9;400;11370563461;S
20241101;100024;98.9;534;11370563462;S
20241101;100024;98.92;5;11370563463;B
20241101;100024;98.92;4;11370563464;B
20241101;100024;98.92;20;11370563465;B
20241101;100024;98.92;30;11370563466;B
20241101;100024;98.9;466;11370563524;S
20241101;100024;98.9;400;11370563525;S
20241101;100024;98.89;153;11370563526;S
20241101;100024;98.88;3;11370563571;S
20241101;100024;98.89;25;11370563613;S
20241101;100025;98.92;15;11370563690;B
20241101;100025;98.9;1;11370563704;S
20241101;100025;98.9;399;11370563764;S
20241101;100025;98.9;400;11370563765;S
20241101;100025;98.89;5;11370563766;S
20241101;100025;98.91;1;11370563794;B
20241101;100025;98.92;25;11370563795;B
20241101;100025;98.93;5;11370563796;B
20241101;100025;98.93;500;11370563797;B
20241101;100025;98.94;1;11370563798;B
20241101;100025;98.95;40;11370563799;B
20241101;100025;98.95;1;11370563800;B
20241101;100025;98.95;150;11370563801;B
20241101;100025;98.96;2037;11370563802;B
20241101;100025;98.97;4;11370563803;B
20241101;100025;98.97;1000;11370563804;B
20241101;100025;98.97;3000;11370563805;B
20241101;100025;98.98;10;11370563806;B
20241101;100025;98.98;10;11370563807;B
20241101;100025;98.98;1;11370563808;B
20241101;100025;98.98;1000;11370563809;B
20241101;100025;98.98;1;11370563810;B
20241101;100025;98.99;3;11370563811;B
20241101;100025;98.99;40;11370563812;B
20241101;100025;98.99;2000;11370563813;B
20241101;100025;98.99;70;11370563814;B
20241101;100025;98.99;136;11370563815;B
20241101;100025;99;5050;11370563816;B
20241101;100025;99;100;11370563817;B
20241101;100025;99;30;11370563818;B
20241101;100025;99;70;11370563833;B
20241101;100025;99;5;11370563834;B
20241101;100025;99;1;11370563835;B
20241101;100025;99;15;11370563836;B
20241101;100025;99;500;11370563837;B
20241101;100025;99;2;11370563838;B
20241101;100025;99;407;11370563839;B
20241101;100025;99;93;11370563840;B
20241101;100025;99;1;11370563841;B
20241101;100025;99;906;11370563842;B
20241101;100025;99;94;11370563843;B
20241101;100025;99;10;11370563844;B
20241101;100025;99;100;11370563845;B
20241101;100025;99;796;11370563846;B
20241101;100025;98.98;11;11370563926;B
20241101;100025;99;4;11370563927;B
20241101;100025;98.95;1;11370563940;S
20241101;100026;98.95;135;11370563958;S
20241101;100026;98.93;400;11370563959;S
20241101;100026;98.93;1515;11370563960;S
20241101;100026;98.92;400;11370563961;S
20241101;100026;98.91;400;11370563962;S
20241101;100026;98.9;400;11370563963;S
20241101;100026;98.89;400;11370563964;S
20241101;100026;98.88;397;11370563965;S
20241101;100026;98.88;953;11370563966;S
20241101;100026;98.94;136;11370564001;B
20241101;100026;98.95;2037;11370564002;B
20241101;100026;98.98;2509;11370564003;B
20241101;100026;99;200;11370564004;B
20241101;100026;99;300;11370564005;B
20241101;100026;99;818;11370564006;B
20241101;100026;98.98;165;11370564008;B
20241101;100026;98.99;136;11370564009;B
20241101;100026;99;750;11370564010;B
20241101;100026;98.93;312;11370564011;S
20241101;100026;98.93;488;11370564012;S
20241101;100026;98.94;749;11370564016;S
20241101;100026;98.93;51;11370564017;S
20241101;100026;98.98;25;11370564025;B
20241101;100026;98.9;274;11370564026;S
20241101;100026;98.9;1516;11370564027;S
20241101;100026;98.88;210;11370564028;S
20241101;100026;98.98;136;11370564034;B
20241101;100026;98.99;24;11370564035;B
20241101;100026;98.96;136;11370564092;B
20241101;100026;98.99;248;11370564093;B
20241101;100026;98.96;136;11370564176;B
20241101;100026;98.98;864;11370564177;B
20241101;100027;98.9;150;11370564245;S
20241101;100027;98.91;50;11370564254;B
20241101;100027;98.91;50;11370564274;B
20241101;100027;98.91;25;11370564375;S
20241101;100027;98.91;20;11370564391;S
20241101;100027;98.96;136;11370564431;B
20241101;100027;98.97;164;11370564432;B
20241101;100028;98.91;55;11370564513;S
20241101;100028;98.9;850;11370564531;S
20241101;100028;98.9;5;11370564532;S
20241101;100028;98.9;10;11370564538;B
20241101;100028;98.89;1;11370564618;S
20241101;100029;98.89;149;11370564753;S
20241101;100029;98.88;1;11370564757;S
20241101;100029;98.9;2135;11370564764;B
20241101;100029;98.91;445;11370564765;B
20241101;100029;98.92;136;11370564766;B
20241101;100029;98.96;200;11370564767;B
20241101;100029;98.98;2037;11370564768;B
20241101;100029;98.98;50;11370564769;B
20241101;100029;98.98;1222;11370564770;B
20241101;100029;98.99;2000;11370564771;B
20241101;100029;98.99;400;11370564772;B
20241101;100029;98.99;12896;11370564773;S
20241101;100029;98.99;50;11370564783;S
20241101;100029;98.99;8;11370564784;S
20241101;100029;99;1000;11370564807;B
20241101;100029;98.99;100;11370564846;S
20241101;100029;98.99;25;11370564905;S
20241101;100029;98.99;1297;11370564978;S
20241101;100029;98.99;703;11370564979;S
20241101;100030;99;1;11370564991;B
20241101;100030;99;10;11370565088;B
20241101;100030;98.99;4297;11370565113;S
20241101;100030;98.91;136;11370565114;S
20241101;100030;98.9;400;11370565115;S
20241101;100030;98.9;1515;11370565116;S
20241101;100030;98.89;400;11370565117;S
20241101;100030;98.88;7;11370565118;S
20241101;100030;98.88;400;11370565119;S
20241101;100030;98.87;400;11370565120;S
20241101;100030;98.87;315;11370565121;S
20241101;100030;98.86;400;11370565122;S
20241101;100030;98.86;250;11370565123;S
20241101;100030;98.85;400;11370565124;S
20241101;100030;98.84;400;11370565125;S
20241101;100030;98.83;400;11370565126;S
20241101;100030;98.83;1280;11370565127;S
20241101;100030;98.83;100;11370565143;B
20241101;100031;98.83;3000;11370565296;B
20241101;100031;98.78;300;11370565300;S
20241101;100031;98.83;10;11370565337;B
20241101;100031;98.73;50;11370565384;S
20241101;100033;98.75;300;11370565737;S
20241101;100033;98.75;1219;11370565868;S
20241101;100033;98.74;500;11370565869;S
20241101;100033;98.69;281;11370565870;S
20241101;100033;98.68;1518;11370565872;S
20241101;100033;98.68;400;11370565873;S
20241101;100033;98.67;400;11370565874;S
20241101;100033;98.66;334;11370565875;S
20241101;100033;98.67;500;11370565879;S
20241101;100034;98.67;20;11370565984;S
20241101;100034;98.67;300;11370566006;S
20241101;100035;98.69;1519;11370566226;S
20241101;100035;98.68;10;11370566227;S
20241101;100035;98.67;50;11370566228;S
20241101;100035;98.66;400;11370566229;S
20241101;100035;98.65;400;11370566230;S
20241101;100035;98.64;400;11370566231;S
20241101;100035;98.63;400;11370566232;S
20241101;100035;98.62;221;11370566233;S
20241101;100035;98.68;3000;11370566241;B
20241101;100035;98.67;1222;11370566242;B
20241101;100035;98.69;2;11370566263;B
20241101;100035;98.73;1;11370566277;B
20241101;100036;98.73;10;11370566417;B
20241101;100036;98.76;41;11370566427;B
20241101;100036;98.71;100;11370566443;S
20241101;100036;98.71;1000;11370566607;S
20241101;100037;98.71;419;11370566620;S
20241101;100037;98.7;5;11370566621;S
20241101;100037;98.68;5;11370566622;S
20241101;100037;98.65;378;11370566623;S
20241101;100037;98.75;5;11370566655;B
20241101;100037;98.76;50;11370566672;B
20241101;100037;98.66;300;11370566785;S
20241101;100038;98.66;20;11370566920;S
20241101;100039;98.75;1222;11370567080;B
20241101;100039;98.75;136;11370567081;B
20241101;100039;98.76;9;11370567082;B
20241101;100039;98.76;2037;11370567083;B
20241101;100039;98.76;400;11370567084;B
20241101;100039;98.77;400;11370567085;B
20241101;100039;98.77;250;11370567086;B
20241101;100039;98.78;400;11370567087;B
20241101;100039;98.79;25;11370567088;B
20241101;100039;98.79;400;11370567089;B
20241101;100039;98.79;1;11370567090;B
20241101;100039;98.79;6;11370567091;B
20241101;100039;98.8;400;11370567092;B
20241101;100039;98.8;1;11370567093;B
20241101;100039;98.81;400;11370567094;B
20241101;100039;98.81;315;11370567095;B
20241101;100039;98.82;400;11370567096;B
20241101;100039;98.82;3;11370567097;B
20241101;100039;98.82;3000;11370567098;B
20241101;100039;98.83;90;11370567099;B
20241101;100039;98.83;400;11370567100;B
20241101;100039;98.83;1519;11370567101;B
20241101;100039;98.84;400;11370567102;B
20241101;100039;98.85;1;11370567103;B
20241101;100039;98.85;400;11370567104;B
20241101;100039;98.86;1500;11370567105;B
20241101;100039;98.89;1;11370567106;B
20241101;100039;98.9;1000;11370567107;B
20241101;100039;98.9;1000;11370567108;B
20241101;100039;98.9;25;11370567109;B
20241101;100039;98.9;999;11370567110;B
20241101;100039;98.92;100;11370567111;B
20241101;100039;98.94;70;11370567112;B
20241101;100039;98.94;1800;11370567113;B
20241101;100039;98.95;100;11370567114;B
20241101;100039;98.96;1000;11370567115;B
20241101;100039;98.96;100;11370567116;B
20241101;100039;98.96;100;11370567117;B
20241101;100039;98.97;200;11370567118;B
20241101;100039;98.97;100;11370567119;B
20241101;100039;98.98;100;11370567120;B
20241101;100039;98.99;100;11370567121;B
20241101;100039;98.99;10;11370567122;B
20241101;100039;98.99;50;11370567123;B
20241101;100039;98.99;2031;11370567124;S
20241101;100039;98.81;530;11370567125;B
20241101;100039;98.8;1;11370567133;S
20241101;100039;98.85;30;11370567210;B
20241101;100040;98.77;136;11370567355;S
20241101;100040;98.77;2852;11370567356;S
20241101;100040;98.76;1518;11370567357;S
20241101;100040;98.75;44;11370567358;S
20241101;100040;98.75;3000;11370567359;S
20241101;100040;98.73;400;11370567360;S
20241101;100040;98.72;400;11370567361;S
20241101;100040;98.72;250;11370567362;S
20241101;100040;98.72;3400;11370567363;B
20241101;100040;98.71;50;11370567438;S
20241101;100040;98.68;100;11370567439;S
20241101;100040;98.68;136;11370567440;S
20241101;100040;98.68;1714;11370567441;S
20241101;100040;98.75;136;11370567498;B
20241101;100040;98.76;1864;11370567499;B
20241101;100042;98.7;78;11370567834;S
20241101;100042;98.74;1;11370567933;B
20241101;100042;98.75;2037;11370567934;B
20241101;100042;98.76;3000;11370567935;B
20241101;100042;98.77;400;11370567936;B
20241101;100042;98.77;250;11370567937;B
20241101;100042;98.77;136;11370567938;B
20241101;100042;98.78;400;11370567939;B
20241101;100042;98.79;400;11370567940;B
20241101;100042;98.79;1714;11370567941;B
20241101;100042;98.8;400;11370567942;B
20241101;100042;98.8;1519;11370567943;B
20241101;100042;98.81;400;11370567944;B
20241101;100042;98.82;400;11370567945;B
20241101;100042;98.83;400;11370567946;B
20241101;100042;98.84;400;11370567947;B
20241101;100042;98.85;400;11370567948;B
20241101;100042;98.85;1222;11370567949;B
20241101;100042;98.86;400;11370567950;B
20241101;100042;98.86;3000;11370567951;B
20241101;100042;98.88;1500;11370567952;B
20241101;100042;98.9;101;11370567953;B
20241101;100042;98.91;4521;11370567954;B
20241101;100043;98.81;1;11370567976;S
20241101;100043;98.75;230;11370568052;S
20241101;100043;98.75;500;11370568141;S
20241101;100044;98.84;1000;11370568231;B
20241101;100044;98.77;10;11370568232;S
20241101;100044;98.76;136;11370568233;S
20241101;100044;98.75;354;11370568234;S
20241101;100045;98.77;3;11370568562;S
20241101;100046;98.77;1;11370568593;S
20241101;100046;98.83;100;11370568660;B
20241101;100046;98.83;1;11370568661;B
20241101;100046;98.85;1;11370568702;B
20241101;100047;98.78;100;11370568832;S
20241101;100047;98.85;2037;11370568837;B
20241101;100047;98.85;1517;11370568838;B
20241101;100047;98.88;400;11370568839;B
20241101;100047;98.88;136;11370568840;B
20241101;100047;98.89;400;11370568841;B
20241101;100047;98.9;400;11370568842;B
20241101;100047;98.9;2071;11370568843;B
20241101;100047;98.91;5479;11370568844;B
20241101;100047;98.91;5;11370568845;B
20241101;100047;98.91;400;11370568846;B
20241101;100047;98.91;2000;11370568847;B
20241101;100047;98.92;400;11370568848;B
20241101;100047;98.92;6000;11370568849;B
20241101;100047;98.93;400;11370568850;B
20241101;100047;98.94;400;11370568851;B
20241101;100047;98.95;400;11370568852;B
20241101;100047;98.96;50;11370568853;B
20241101;100047;98.96;400;11370568854;B
20241101;100047;98.97;106;11370568855;B
20241101;100047;98.84;2037;11370568856;B
20241101;100047;98.86;1;11370569052;S
20241101;100047;98.85;100;11370569093;S
20241101;100048;98.9;1;11370569222;B
20241101;100048;98.84;400;11370569223;S
20241101;100048;98.83;136;11370569224;S
20241101;100048;98.83;400;11370569225;S
20241101;100048;98.82;64;11370569226;S
20241101;100048;98.9;1516;11370569258;B
20241101;100048;98.91;1;11370569259;B
20241101;100048;98.93;136;11370569260;B
20241101;100048;98.95;609;11370569261;B
20241101;100048;98.96;2037;11370569262;B
20241101;100048;98.97;500;11370569263;B
20241101;100048;98.97;400;11370569264;B
20241101;100048;98.98;1000;11370569265;B
20241101;100048;98.98;400;11370569266;B
20241101;100048;98.99;50;11370569267;B
20241101;100048;98.99;50;11370569268;B
20241101;100048;98.99;10;11370569269;B
20241101;100048;98.99;25;11370569270;B
20241101;100048;98.99;400;11370569271;B
20241101;100048;98.99;10;11370569272;B
20241101;100048;98.99;8272;11370569273;S
20241101;100049;98.99;100;11370569453;S
20241101;100049;98.99;500;11370569473;S
20241101;100049;98.99;1;11370569528;S
20241101;100050;98.99;5;11370569600;S
20241101;100050;98.99;6979;11370569638;S
20241101;100050;98.96;136;11370569639;S
20241101;100050;98.93;400;11370569640;S
20241101;100050;98.93;2485;11370569641;S
20241101;100050;98.95;19;11370569668;B
20241101;100050;98.92;22;11370569804;B
20241101;100050;98.92;5;11370569808;B
20241101;100051;98.87;400;11370569812;S
20241101;100051;98.86;400;11370569813;S
20241101;100051;98.86;5;11370569814;S
20241101;100051;98.85;400;11370569815;S
20241101;100051;98.85;136;11370569816;S
20241101;100051;98.85;39;11370569817;S
20241101;100051;98.84;400;11370569818;S
20241101;100051;98.84;250;11370569819;S
20241101;100051;98.83;400;11370569820;S
20241101;100051;98.82;400;11370569821;S
20241101;100051;98.81;400;11370569822;S
20241101;100051;98.8;400;11370569823;S
20241101;100051;98.79;400;11370569824;S
20241101;100051;98.78;50;11370569825;S
20241101;100051;98.78;400;11370569826;S
20241101;100051;98.77;21;11370569827;S
20241101;100051;98.76;1000;11370569828;S
20241101;100051;98.76;500;11370569829;S
20241101;100051;98.76;208;11370569830;S
20241101;100051;98.75;315;11370569831;S
20241101;100051;98.75;1516;11370569832;S
20241101;100051;98.74;1500;11370569833;S
20241101;100051;98.74;314;11370569834;S
20241101;100051;98.73;46;11370569835;S
20241101;100051;98.82;550;11370569842;B
20241101;100051;98.84;250;11370569849;B
20241101;100051;98.85;50;11370569850;B
20241101;100052;98.81;200;11370570141;S
20241101;100053;98.85;1;11370570249;B
20241101;100053;98.83;136;11370570320;S
20241101;100053;98.83;400;11370570321;S
20241101;100053;98.82;400;11370570322;S
20241101;100053;98.81;800;11370570323;S
20241101;100053;98.81;264;11370570324;S
20241101;100054;98.85;10;11370570517;B
20241101;100054;98.87;5;11370570518;B
20241101;100054;98.87;19;11370570519;B
20241101;100054;98.83;1000;11370570560;S
20241101;100054;98.83;40;11370570587;B
20241101;100055;98.8;10;11370570698;S
20241101;100055;98.79;50;11370570699;S
20241101;100055;98.78;400;11370570700;S
20241101;100055;98.77;40;11370570701;S
20241101;100055;98.83;460;11370570703;B
20241101;100055;98.84;136;11370570704;B
20241101;100055;98.85;500;11370570705;B
20241101;100055;98.86;2037;11370570706;B
20241101;100055;98.86;314;11370570707;B
20241101;100055;98.87;81;11370570708;B
20241101;100055;98.87;1;11370570709;B
20241101;100055;98.87;3000;11370570710;B
20241101;100055;98.87;400;11370570711;B
20241101;100055;98.88;400;11370570712;B
20241101;100055;98.89;400;11370570713;B
20241101;100055;98.9;1000;11370570714;B
20241101;100055;98.9;265;11370570715;B
20241101;100055;98.9;400;11370570716;B
20241101;100055;98.91;1;11370570717;B
20241101;100055;98.91;400;11370570718;B
20241101;100055;98.92;400;11370570719;B
20241101;100055;98.92;208;11370570720;B
20241101;100055;98.93;400;11370570721;B
20241101;100055;98.93;1517;11370570722;B
20241101;100055;98.94;400;11370570723;B
20241101;100055;98.95;400;11370570724;B
20241101;100055;98.95;1500;11370570725;B
20241101;100055;98.96;400;11370570726;B
20241101;100055;98.98;100;11370570727;B
20241101;100055;98.98;150;11370570728;B
20241101;100055;98.99;200;11370570729;B
20241101;100055;98.99;40;11370570730;B
20241101;100055;98.99;5;11370570731;B
20241101;100055;98.99;146;11370570732;B
20241101;100055;98.99;1222;11370570733;B
20241101;100055;98.99;1;11370570734;S
20241101;100055;98.99;265;11370570735;S
20241101;100055;98.99;2000;11370570908;S
20241101;100056;99;1;11370570943;B
20241101;100056;98.99;1;11370570964;S
20241101;100056;98.99;100;11370570983;S
20241101;100057;98.99;1;11370571208;S
20241101;100058;99;320;11370571391;B
20241101;100058;99;100;11370571392;B
20241101;100058;99;2;11370571393;B
20241101;100058;99;1;11370571394;B
20241101;100058;99;1577;11370571395;B
20241101;100058;98.99;70;11370571400;S
20241101;100058;98.99;400;11370571410;S
20241101;100059;98.99;3280;11370571539;S
20241101;100059;98.96;136;11370571540;S
20241101;100059;98.91;1000;11370571541;S
20241101;100059;98.9;584;11370571542;B
20241101;100059;98.96;546;11370571571;B
20241101;100059;98.96;332;11370571572;B
20241101;100059;98.97;122;11370571573;B
20241101;100059;98.89;50;11370571706;S
20241101;100059;98.88;136;11370571707;S
20241101;100059;98.86;50;11370571708;S
20241101;100059;98.86;264;11370571709;S
20241101;100100;98.95;264;11370571742;B
20241101;100100;98.96;1516;11370571743;B
20241101;100100;98.98;220;11370571744;B
20241101;100100;98.88;3;11370571782;S
20241101;100100;98.88;133;11370571790;S
20241101;100100;98.87;217;11370571791;S
20241101;100100;98.86;1650;11370571792;S
20241101;100100;98.87;101;11370571805;S
20241101;100101;98.95;50;11370571976;B
20241101;100101;98.95;500;11370571977;B
20241101;100101;98.96;1650;11370571978;B
20241101;100101;98.96;136;11370571979;B
20241101;100101;98.96;1516;11370571980;B
20241101;100101;98.98;180;11370571981;B
20241101;100101;98.98;1222;11370571982;B
20241101;100101;98.99;400;11370571983;B
20241101;100101;98.99;7179;11370571984;B
20241101;100101;99;1968;11370571985;B
20241101;100101;99;200;11370571986;B
20241101;100101;99;50;11370571987;B
20241101;100101;99;33;11370571988;B
20241101;100101;99;3000;11370571989;B
20241101;100101;99;1000;11370571990;B
20241101;100101;99;1;11370571991;B
20241101;100101;99;213;11370571992;B
20241101;100101;99;5;11370571993;B
20241101;100101;99;500;11370571994;B
20241101;100101;99;48;11370571995;B
20241101;100101;99;1000;11370571996;B
20241101;100101;99;100;11370571997;B
20241101;100101;99;250;11370571998;B
20241101;100101;99;500;11370571999;B
20241101;100101;99;100;11370572000;B
20241101;100101;99;1200;11370572001;B
20241101;100101;98.91;20;11370572005;S
20241101;100101;98.91;1;11370572013;S
20241101;100101;98.9;100;11370572024;S
20241101;100101;98.95;209;11370572198;B
20241101;100101;98.96;1000;11370572199;B
20241101;100101;98.96;218;11370572200;B
20241101;100101;98.99;400;11370572201;B
20241101;100101;99;23800;11370572202;B
20241101;100101;99;1000;11370572203;B
20241101;100101;99;5000;11370572204;B
20241101;100101;99;1;11370572205;B
20241101;100101;99;100;11370572206;B
20241101;100101;99;10;11370572207;B
20241101;100101;99;2000;11370572208;B
20241101;100101;99;3;11370572209;B
20241101;100101;99;4;11370572210;B
20241101;100101;99;6255;11370572211;B
20241101;100101;98.99;400;11370572212;B
20241101;100101;99;6745;11370572213;B
20241101;100101;99;400;11370572214;B
20241101;100101;99;500;11370572215;B
20241101;100101;99;1219;11370572216;B
20241101;100101;99;8;11370572217;B
20241101;100101;99;18;11370572220;B
20241101;100101;99;2;11370572221;B
20241101;100101;99;100;11370572222;B
20241101;100102;99;300;11370572314;B
20241101;100102;99.01;100;11370572315;B
20241101;100102;99.01;148;11370572316;B
20241101;100102;99.02;100;11370572317;B
20241101;100102;99.02;5342;11370572318;B
20241101;100102;99.02;400;11370572332;B
20241101;100102;99.02;100;11370572334;B
20241101;100102;99.02;1001;11370572336;B
20241101;100102;99.02;10;11370572338;B
20241101;100102;99.01;10;11370572468;S
20241101;100102;99.02;600;11370572469;B
20241101;100102;99.02;1000;11370572474;B
20241101;100103;99.02;1547;11370572477;B
20241101;100103;99.02;5;11370572478;B
20241101;100103;99.03;60;11370572479;B
20241101;100103;99.02;448;11370572489;S
20241101;100103;99.02;136;11370572490;S
20241101;100103;99.02;566;11370572491;S
20241101;100103;99.02;1;11370572563;S
20241101;100103;99.02;860;11370572566;S
20241101;100103;99.02;1514;11370572567;S
20241101;100103;99.02;26;11370572568;S
20241101;100103;99.03;40;11370572677;B
20241101;100103;99.04;4;11370572678;B
20241101;100103;99.04;100;11370572679;B
20241101;100103;99.05;1;11370572680;B
20241101;100103;99.05;1;11370572681;B
20241101;100103;99.05;100;11370572682;B
20241101;100103;99.06;100;11370572683;B
20241101;100103;99.06;1654;11370572684;S
20241101;100103;99.06;1514;11370572688;S
20241101;100103;99.06;1000;11370572708;S
20241101;100103;99.05;4;11370572728;S
20241101;100103;99.06;1514;11370572749;S
20241101;100103;99.06;1514;11370572750;S
20241101;100103;99.07;1;11370572751;B
20241101;100103;99.07;39;11370572752;B
20241101;100103;99.07;50;11370572758;B
20241101;100103;99.06;1;11370572765;S
20241101;100104;99.07;11;11370572786;B
20241101;100104;99.08;189;11370572787;B
20241101;100104;99.04;1;11370572789;S
20241101;100104;99.04;7;11370572796;S
20241101;100104;99.08;100;11370572806;B
20241101;100104;99.06;1222;11370572833;S
20241101;100104;99.06;123;11370572834;S
20241101;100104;99.06;31;11370572835;S
20241101;100104;99.05;624;11370572836;S
20241101;100104;99.06;50;11370572855;S
20241101;100104;99.08;5;11370572940;B
20241101;100104;99.08;2706;11370572945;B
20241101;100104;99.08;100;11370572946;B
20241101;100104;99.08;1194;11370572947;B
20241101;100104;99.06;1222;11370572955;S
20241101;100104;99.07;907;11370572956;S
20241101;100104;99.06;1;11370572957;S
20241101;100105;99.08;160;11370573063;B
20241101;100105;99.08;100;11370573072;B
20241101;100105;99.04;268;11370573076;S
20241101;100105;99.08;100;11370573096;B
20241101;100105;99.08;1;11370573377;B
20241101;100106;99.08;13;11370573380;B
20241101;100106;99.09;10;11370573381;B
20241101;100106;99.09;47;11370573382;B
20241101;100106;99.07;1;11370573383;S
20241101;100106;99.07;125;11370573448;S
20241101;100106;99.07;1;11370573536;S
20241101;100106;99.07;1387;11370573550;S
20241101;100106;99.07;1;11370573551;S
20241101;100106;99.07;50;11370573552;S
20241101;100106;99.06;100;11370573553;S
20241101;100106;99.05;50;11370573554;S
20241101;100106;99.05;10;11370573555;S
20241101;100106;99.04;5;11370573556;S
20241101;100106;99.03;136;11370573557;S
20241101;100106;99.02;37;11370573558;S
20241101;100106;99.02;100;11370573559;S
20241101;100106;99.02;124;11370573560;S
20241101;100106;99.02;5;11370573589;S
20241101;100106;99.02;2;11370573598;S
20241101;100107;99.02;500;11370573677;S
20241101;100107;99.02;200;11370573704;S
20241101;100107;99.04;20;11370573752;S
20241101;100107;99.04;5;11370573782;S
20241101;100107;99.08;5;11370573796;B
20241101;100107;99.04;100;11370573815;S
20241101;100107;99.04;500;11370573817;S
20241101;100108;99.04;1514;11370573891;S
20241101;100108;99.03;100;11370573892;S
20241101;100108;99.02;386;11370573893;S
20241101;100108;99.03;10;11370573923;S
20241101;100108;99.03;6;11370573924;S
20241101;100108;99.02;3;11370573927;S
20241101;100109;99.03;100;11370574000;B
20241101;100109;99.02;1000;11370574045;S
20241101;100109;99.02;4;11370574053;S
20241101;100109;99.03;111;11370574064;B
20241101;100109;99.03;90;11370574068;B
20241101;100109;99.03;199;11370574140;B
20241101;100109;99.03;301;11370574141;B
20241101;100110;99.02;46;11370574243;S
20241101;100110;99.02;54;11370574244;S
20241101;100110;99.02;82;11370574259;S
20241101;100110;99.01;18;11370574260;S
20241101;100110;99.01;1;11370574261;S
20241101;100110;99.03;1699;11370574291;B
20241101;100110;99.05;5;11370574292;B
20241101;100110;99.07;9;11370574293;B
20241101;100110;99.07;287;11370574294;B
20241101;100110;99.08;990;11370574295;B
20241101;100110;99.09;53;11370574296;B
20241101;100110;99.09;1000;11370574297;B
20241101;100110;99.09;207;11370574298;B
20241101;100110;99.1;12;11370574299;B
20241101;100110;99.1;238;11370574300;B
20241101;100110;99.03;136;11370574350;S
20241101;100110;99.02;2466;11370574351;S
20241101;100110;99.02;2852;11370574352;S
20241101;100110;99.01;1546;11370574353;S
20241101;100111;99.01;2000;11370574376;S
20241101;100111;99.01;50;11370574399;S
20241101;100111;99.07;136;11370574425;B
20241101;100111;99.07;1222;11370574426;B
20241101;100111;99.07;2852;11370574427;B
20241101;100111;99.08;340;11370574428;B
20241101;100111;99.07;30;11370574430;B
20241101;100111;99.07;1192;11370574436;B
20241101;100111;99.08;1174;11370574437;B
20241101;100111;99.09;25;11370574438;B
20241101;100111;99.1;762;11370574439;B
20241101;100111;99.1;100;11370574440;B
20241101;100111;99.1;100;11370574441;B
20241101;100111;99.1;1000;11370574442;B
20241101;100111;99.1;400;11370574443;B
20241101;100111;99.1;5;11370574444;B
20241101;100111;99.11;100;11370574445;B
20241101;100111;99.11;1;11370574446;B
20241101;100111;99.11;400;11370574447;B
20241101;100111;99.11;136;11370574448;B
20241101;100111;99.12;100;11370574449;B
20241101;100111;99.12;400;11370574450;B
20241101;100111;99.13;1;11370574451;B
20241101;100111;99.13;10;11370574452;B
20241101;100111;99.13;20;11370574453;B
20241101;100111;99.13;100;11370574454;B
20241101;100111;99.13;400;11370574455;B
20241101;100111;99.13;2852;11370574456;B
20241101;100111;99.13;200;11370574457;B
20241101;100111;99.14;100;11370574458;B
20241101;100111;99.14;400;11370574459;B
20241101;100111;99.15;100;11370574460;B
20241101;100111;99.15;400;11370574461;B
20241101;100111;99.16;50;11370574462;B
20241101;100111;99.16;100;11370574463;B
20241101;100111;99.16;400;11370574464;B
20241101;100111;99.17;1000;11370574465;B
20241101;100111;99.17;20;11370574466;B
20241101;100111;99.17;100;11370574467;B
20241101;100111;99.17;400;11370574468;B
20241101;100111;99.17;250;11370574469;B
20241101;100111;99.18;1;11370574470;B
20241101;100111;99.18;100;11370574471;B
20241101;100111;99.18;100;11370574472;B
20241101;100111;99.18;400;11370574473;B
20241101;100111;99.19;10;11370574474;B
20241101;100111;99.19;10;11370574475;B
20241101;100111;99.19;10;11370574476;B
20241101;100111;99.19;100;11370574477;B
20241101;100111;99.19;400;11370574478;B
20241101;100111;99.19;1;11370574479;B
20241101;100111;99.19;3000;11370574480;B
20241101;100111;99.2;70;11370574481;B
20241101;100111;99.2;1100;11370574482;B
20241101;100111;99.2;220;11370574483;B
20241101;100111;99.2;1000;11370574484;B
20241101;100111;99.2;100;11370574485;B
20241101;100111;99.2;10580;11370574486;B
20241101;100111;99.11;136;11370574490;S
20241101;100111;99.09;1896;11370574491;S
20241101;100111;99.08;1462;11370574492;S
20241101;100111;99.07;2852;11370574493;S
20241101;100111;99.06;400;11370574494;S
20241101;100111;99.05;400;11370574495;S
20241101;100111;99.05;6000;11370574496;S
20241101;100111;99.04;400;11370574497;S
20241101;100111;99.04;314;11370574498;S
20241101;100111;99.03;400;11370574499;S
20241101;100111;99.03;15004;11370574500;S
20241101;100111;99.02;400;11370574501;S
20241101;100111;99.02;1500;11370574502;S
20241101;100111;99.02;315;11370574503;S
20241101;100111;99.02;208;11370574504;S
20241101;100111;99.02;3000;11370574505;S
20241101;100111;99.01;15313;11370574506;S
20241101;100111;99.04;8;11370574507;S
20241101;100111;99.06;31;11370574511;B
20241101;100111;99.01;50;11370574521;S
20241101;100111;99.03;8;11370574534;B
20241101;100111;99.03;1000;11370574538;B
20241101;100111;99.01;90;11370574605;S
20241101;100111;99.03;506;11370574612;B
20241101;100111;99.04;420;11370574613;B
20241101;100111;99.06;1919;11370574614;B
20241101;100111;99.07;136;11370574615;B
20241101;100111;99.07;5;11370574616;B
20241101;100111;99.08;2359;11370574617;B
20241101;100111;99.08;50;11370574618;B
20241101;100111;99.08;3000;11370574619;B
20241101;100111;99.1;315;11370574620;B
20241101;100111;99.11;1547;11370574621;B
20241101;100111;99.12;314;11370574622;B
20241101;100111;99.12;400;11370574623;B
20241101;100111;99.13;400;11370574624;B
20241101;100111;99.13;1093;11370574625;B
20241101;100112;99.12;1514;11370574677;B
20241101;100112;99.13;400;11370574678;B
20241101;100112;99.13;86;11370574679;B
20241101;100112;99.03;20;11370574691;S
20241101;100112;99.1;1514;11370574706;B
20241101;100112;99.11;100;11370574707;B
20241101;100112;99.11;136;11370574708;B
20241101;100112;99.13;1673;11370574709;B
20241101;100112;99.14;400;11370574710;B
20241101;100112;99.15;400;11370574711;B
20241101;100112;99.15;2777;11370574712;B
20241101;100112;99.07;136;11370574714;S
20241101;100112;99.06;1864;11370574715;S
20241101;100112;99.11;1514;11370574720;B
20241101;100112;99.12;136;11370574721;B
20241101;100112;99.13;850;11370574724;S
20241101;100112;99.08;100;11370574758;B
20241101;100112;99.08;1;11370574769;B
20241101;100112;99.05;1;11370574775;S
20241101;100112;99.08;5;11370574786;B
20241101;100112;99.06;50;11370574842;S
20241101;100112;99.06;50;11370574858;S
20241101;100112;99.05;49;11370574859;S
20241101;100112;99.04;1;11370574860;S
20241101;100112;99.07;46;11370574871;S
20241101;100113;99.07;4;11370574911;S
20241101;100113;99.04;5;11370574912;S
20241101;100113;99.03;93;11370574913;S
20241101;100113;99.07;50;11370574927;B
20241101;100113;99.07;100;11370574942;B
20241101;100113;99.05;16;11370574969;B
20241101;100113;99.04;50;11370574975;S
20241101;100114;99.04;12;11370575276;B
20241101;100114;99.03;50;11370575360;S
20241101;100114;99.03;50;11370575361;S
20241101;100114;99.03;50;11370575362;S
20241101;100114;99.03;50;11370575363;S
20241101;100114;99.02;100;11370575364;S
20241101;100114;99.01;1;11370575366;S
20241101;100114;99.01;399;11370575384;S
20241101;100114;99;2;11370575385;S
20241101;100115;99.01;36;11370575413;B
20241101;100115;99;1;11370575424;S
20241101;100115;99;400;11370575425;S
20241101;100115;99;5990;11370575447;S
20241101;100115;99;1250;11370575486;S
20241101;100115;99;400;11370575489;S
20241101;100115;99;1957;11370575490;S
20241101;100115;99;600;11370575491;S
20241101;100115;99;500;11370575492;S
20241101;100115;99;500;11370575493;S
20241101;100115;99;488;11370575494;S
20241101;100115;98.97;400;11370575495;S
20241101;100115;98.96;5;11370575496;S
20241101;100115;98.96;400;11370575497;S
20241101;100115;98.95;150;11370575498;S
20241101;100115;98.92;5;11370575577;S
20241101;100115;98.92;5;11370575578;S
20241101;100115;98.91;400;11370575579;S
20241101;100115;98.9;840;11370575580;S
20241101;100116;98.9;100;11370575649;S
20241101;100116;98.9;1760;11370575662;S
20241101;100116;98.9;240;11370575663;S
20241101;100116;98.9;160;11370575668;S
20241101;100116;98.89;400;11370575669;S
20241101;100116;98.88;50;11370575670;S
20241101;100116;98.88;400;11370575671;S
20241101;100116;98.88;50;11370575672;S
20241101;100116;98.87;400;11370575673;S
20241101;100116;98.86;400;11370575674;S
20241101;100116;98.86;140;11370575675;S
20241101;100116;98.87;10;11370575699;S
20241101;100116;98.87;390;11370575713;S
20241101;100116;98.86;110;11370575714;S
20241101;100116;98.86;1000;11370575737;S
20241101;100116;98.86;588;11370575752;S
20241101;100117;98.86;100;11370575844;S
20241101;100117;98.88;20;11370575881;B
20241101;100117;98.9;80;11370575882;B
20241101;100118;98.86;100;11370576049;S
20241101;100118;98.9;1142;11370576059;B
20241101;100118;98.91;1516;11370576060;B
20241101;100118;98.91;136;11370576061;B
20241101;100118;98.92;400;11370576062;B
20241101;100118;98.93;400;11370576063;B
20241101;100118;98.94;400;11370576064;B
20241101;100118;98.95;400;11370576065;B
20241101;100118;98.95;1864;11370576066;B
20241101;100118;98.96;988;11370576067;B
20241101;100118;98.96;400;11370576068;B
20241101;100118;98.97;3600;11370576069;B
20241101;100118;98.97;400;11370576070;B
20241101;100118;98.98;208;11370576071;B
20241101;100118;98.98;400;11370576072;B
20241101;100118;98.98;25;11370576073;B
20241101;100118;98.99;400;11370576074;B
20241101;100118;99;400;11370576075;B
20241101;100118;99;500;11370576076;B
20241101;100118;99;20;11370576077;B
20241101;100118;99;1922;11370576078;B
20241101;100118;98.88;20;11370576169;S
20241101;100118;98.88;1;11370576212;S
20241101;100118;98.88;115;11370576238;S
20241101;100118;98.88;50;11370576239;S
20241101;100118;98.87;335;11370576240;S
20241101;100119;98.87;1;11370576473;S
20241101;100120;98.87;100;11370576496;S
20241101;100120;98.88;10;11370576559;S
20241101;100120;98.88;990;11370576560;S
20241101;100120;98.92;5;11370576601;B
20241101;100120;98.95;7;11370576602;B
20241101;100120;98.89;2;11370576606;S
20241101;100121;98.89;1;11370576672;S
20241101;100121;98.89;2420;11370576688;S
20241101;100121;98.88;2580;11370576689;S
20241101;100121;98.88;100;11370576808;S
20241101;100121;98.88;56;11370576814;S
20241101;100121;98.92;136;11370576826;B
20241101;100121;98.93;314;11370576827;B
20241101;100122;98.88;2231;11370576883;S
20241101;100122;98.85;400;11370576884;S
20241101;100122;98.85;250;11370576885;S
20241101;100122;98.84;400;11370576886;S
20241101;100122;98.84;136;11370576887;S
20241101;100122;98.83;400;11370576888;S
20241101;100122;98.83;2852;11370576889;S
20241101;100122;98.82;400;11370576890;S
20241101;100122;98.82;50;11370576891;S
20241101;100122;98.82;2976;11370576892;S
20241101;100122;98.86;5;11370576928;S
20241101;100123;98.8;5;11370577081;S
20241101;100123;98.8;5;11370577098;S
20241101;100123;98.82;5;11370577131;B
20241101;100123;98.8;5;11370577136;S
20241101;100123;98.8;85;11370577142;S
20241101;100123;98.8;100;11370577143;S
20241101;100123;98.8;3;11370577144;S
20241101;100123;98.79;100;11370577145;S
20241101;100123;98.79;7;11370577146;S
20241101;100123;98.78;100;11370577147;S
20241101;100123;98.78;50;11370577148;S
20241101;100123;98.78;55;11370577149;S
20241101;100124;98.78;5;11370577302;S
20241101;100124;98.78;5;11370577324;S
20241101;100124;98.78;5;11370577357;S
20241101;100124;98.79;30;11370577390;S
20241101;100125;98.79;5;11370577410;S
20241101;100125;98.79;5;11370577439;S
20241101;100125;98.79;5;11370577454;S
20241101;100125;98.79;5;11370577508;S
20241101;100125;98.8;5;11370577580;B
20241101;100125;98.83;136;11370577581;B
20241101;100125;98.85;10;11370577582;B
20241101;100125;98.85;349;11370577583;B
20241101;100126;98.79;5;11370577629;S
20241101;100126;98.79;5;11370577651;S
20241101;100126;98.84;10;11370577660;B
20241101;100126;98.79;20;11370577687;S
20241101;100127;98.79;1;11370577763;S
20241101;100127;98.79;38;11370577784;S
20241101;100127;98.79;5;11370577785;S
20241101;100127;98.79;5;11370577809;S
20241101;100127;98.79;5;11370577888;S
20241101;100128;98.79;500;11370577922;S
20241101;100128;98.79;1366;11370577936;S
20241101;100128;98.78;30;11370577937;S
20241101;100128;98.78;100;11370577938;S
20241101;100128;98.78;100;11370577939;S
20241101;100128;98.77;1000;11370577940;S
20241101;100128;98.77;100;11370577941;S
20241101;100128;98.77;12;11370577942;S
20241101;100128;98.76;100;11370577943;S
20241101;100128;98.75;100;11370577944;S
20241101;100128;98.75;50;11370577945;S
20241101;100128;98.75;400;11370577946;S
20241101;100128;98.75;136;11370577947;S
20241101;100128;98.75;5000;11370577948;S
20241101;100128;98.74;100;11370577949;S
20241101;100128;98.74;400;11370577950;S
20241101;100128;98.74;1006;11370577951;S
20241101;100128;98.73;5;11370578749;S
20241101;100128;98.73;5;11370578808;S
20241101;100128;98.73;43;11370578858;S
20241101;100129;98.73;5;11370578862;S
20241101;100129;98.73;42;11370578874;S
20241101;100129;98.73;125;11370578875;S
20241101;100129;98.72;125;11370578876;S
20241101;100129;98.72;100;11370578877;S
20241101;100129;98.71;100;11370578878;S
20241101;100129;98.7;100;11370578879;S
20241101;100129;98.7;4;11370578880;S
20241101;100129;98.69;100;11370578881;S
20241101;100129;98.68;100;11370578882;S
20241101;100129;98.68;400;11370578883;S
20241101;100129;98.67;100;11370578884;S
20241101;100129;98.67;400;11370578885;S
20241101;100129;98.67;304;11370578886;S
20241101;100129;98.67;45;11370578887;S
20241101;100129;98.66;100;11370578888;S
20241101;100129;98.66;400;11370578889;S
20241101;100129;98.66;435;11370578890;S
20241101;100129;98.65;100;11370578904;S
20241101;100129;98.64;100;11370578905;S
20241101;100129;98.64;400;11370578906;S
20241101;100129;98.64;400;11370578907;S
20241101;100129;98.64;1519;11370578908;S
20241101;100129;98.63;100;11370578909;S
20241101;100129;98.63;281;11370578910;S
20241101;100129;98.64;5;11370578919;S
20241101;100129;98.72;50;11370578930;B
20241101;100129;98.64;5;11370578932;S
20241101;100129;98.64;5;11370578958;S
20241101;100129;98.64;5;11370579067;S
20241101;100129;98.67;12;11370579102;S
20241101;100130;98.67;5;11370579119;S
20241101;100130;98.67;694;11370579143;S
20241101;100130;98.67;5;11370579169;S
20241101;100130;98.68;5;11370579181;S
20241101;100130;98.68;995;11370579217;S
20241101;100130;98.67;804;11370579218;S
20241101;100130;98.66;5201;11370579219;S
20241101;100131;98.7;19;11370579276;S
20241101;100131;98.7;5;11370579293;S
20241101;100131;98.71;100;11370579307;B
20241101;100131;98.71;5;11370579308;B
20241101;100131;98.72;20;11370579309;B
20241101;100131;98.73;50;11370579310;B
20241101;100131;98.74;10;11370579311;B
20241101;100131;98.74;400;11370579312;B
20241101;100131;98.74;136;11370579313;B
20241101;100131;98.75;279;11370579314;B
20241101;100131;98.7;5;11370579318;S
20241101;100131;98.7;5;11370579339;S
20241101;100131;98.7;5;11370579372;S
20241101;100131;98.75;4;11370579429;B
20241101;100132;98.7;5;11370579618;S
20241101;100132;98.7;912;11370579625;S
20241101;100132;98.7;88;11370579626;S
20241101;100132;98.7;5;11370579638;S
20241101;100132;98.7;5;11370579695;S
20241101;100132;98.7;102;11370579729;S
20241101;100132;98.7;500;11370579730;S
20241101;100132;98.69;500;11370579731;S
20241101;100132;98.68;10;11370579732;S
20241101;100132;98.68;435;11370579733;S
20241101;100132;98.67;1453;11370579734;S
20241101;100133;98.67;3000;11370579757;S
20241101;100133;98.67;300;11370579857;S
20241101;100134;98.68;5;11370579972;B
20241101;100134;98.68;5;11370579973;B
20241101;100134;98.68;5;11370579974;B
20241101;100134;98.7;136;11370579975;B
20241101;100134;98.71;1;11370579976;B
20241101;100134;98.72;5;11370579977;B
20241101;100134;98.75;93;11370579978;B
20241101;100134;98.67;5;11370579989;S
20241101;100134;98.67;1000;11370579993;S
20241101;100134;98.67;5;11370580050;S
20241101;100135;98.68;5;11370580113;S
20241101;100135;98.68;5;11370580129;S
20241101;100135;98.68;5;11370580150;S
20241101;100135;98.7;5;11370580277;S
20241101;100136;98.7;5;11370580324;S
20241101;100136;98.7;12;11370580333;S
20241101;100136;98.7;5;11370580335;S
20241101;100136;98.7;5;11370580352;S
20241101;100136;98.7;5;11370580377;S
20241101;100136;98.7;5;11370580423;S
20241101;100137;98.7;5;11370580468;S
20241101;100137;98.7;153;11370580508;S
20241101;100137;98.68;5;11370580513;S
20241101;100137;98.7;5;11370580549;B
20241101;100137;98.68;3;11370580558;S
20241101;100137;98.67;2;11370580559;S
20241101;100137;98.67;4000;11370580570;S
20241101;100137;98.67;5;11370580572;S
20241101;100137;98.67;5;11370580660;S
20241101;100138;98.67;5;11370580691;S
20241101;100138;98.67;5;11370580714;S
20241101;100138;98.67;5;11370580725;S
20241101;100138;98.67;5;11370580752;S
20241101;100138;98.68;3;11370580759;S
20241101;100138;98.68;5;11370580794;S
20241101;100138;98.68;42;11370580804;S
20241101;100138;98.67;205;11370580805;S
20241101;100138;98.66;107;11370580806;S
20241101;100139;98.66;5;11370580839;S
20241101;100139;98.66;5;11370580889;S
20241101;100139;98.66;4682;11370580904;S
20241101;100139;98.66;100;11370580905;S
20241101;100139;98.66;889;11370580906;S
20241101;100139;98.66;5;11370580911;S
20241101;100139;98.66;5;11370580989;S
20241101;100139;98.66;101;11370581033;S
20241101;100140;98.62;5;11370581072;S
20241101;100140;98.65;899;11370581082;B
20241101;100140;98.65;136;11370581083;B
20241101;100140;98.69;1222;11370581084;B
20241101;100140;98.69;400;11370581085;B
20241101;100140;98.7;642;11370581086;B
20241101;100140;98.7;400;11370581087;B
20241101;100140;98.71;301;11370581088;B
20241101;100140;98.62;5;11370581099;S
20241101;100140;98.62;90;11370581119;S
20241101;100140;98.62;1295;11370581120;S
20241101;100140;98.61;5;11370581131;S
20241101;100140;98.61;5;11370581161;S
20241101;100140;98.65;1000;11370581173;S
20241101;100140;98.7;400;11370581180;B
20241101;100140;98.7;10;11370581181;B
20241101;100140;98.65;5;11370581213;S
20241101;100141;98.65;5;11370581259;S
20241101;100141;98.66;5;11370581294;S
20241101;100141;98.67;3;11370581308;S
20241101;100141;98.67;5;11370581377;S
20241101;100142;98.67;5;11370581431;S
20241101;100142;98.67;5;11370581455;S
20241101;100142;98.67;5;11370581474;S
20241101;100142;98.67;20;11370581475;S
20241101;100142;98.67;5;11370581491;S
20241101;100142;98.67;5;11370581537;S
20241101;100143;98.67;5;11370581626;S
20241101;100143;98.67;5;11370581642;S
20241101;100143;98.68;5;11370581647;B
20241101;100143;98.68;2;11370581648;B
20241101;100143;98.69;3000;11370581649;B
20241101;100143;98.69;136;11370581650;B
20241101;100143;98.71;99;11370581651;B
20241101;100143;98.72;5;11370581652;B
20241101;100143;98.72;253;11370581653;B
20241101;100143;98.67;5;11370581679;S
20241101;100143;98.67;32;11370581695;S
20241101;100143;98.65;968;11370581696;S
20241101;100143;98.65;5;11370581735;S
20241101;100144;98.65;1000;11370581847;S
20241101;100144;98.65;397;11370581901;S
20241101;100144;98.65;50;11370581902;S
20241101;100144;98.64;100;11370581903;S
20241101;100144;98.63;8;11370581929;S
20241101;100144;98.64;43;11370581930;B
20241101;100144;98.63;5;11370581933;S
20241101;100144;98.63;5;11370581967;S
20241101;100145;98.63;5;11370582054;S
20241101;100145;98.63;5;11370582086;S
20241101;100145;98.63;5;11370582121;S
20241101;100145;98.63;5;11370582138;S
20241101;100145;98.63;5;11370582181;S
20241101;100146;98.64;5;11370582454;B
20241101;100147;98.64;9405;11370582623;B
20241101;100147;98.64;136;11370582624;B
20241101;100147;98.64;5;11370582625;B
20241101;100147;98.64;50;11370582626;B
20241101;100147;98.66;5;11370582627;B
20241101;100147;98.66;5;11370582628;B
20241101;100147;98.66;1000;11370582629;B
20241101;100147;98.66;4;11370582630;B
20241101;100147;98.66;240;11370582631;B
20241101;100147;98.67;150;11370582632;B
20241101;100148;98.66;2;11370582780;S
20241101;100148;98.66;5;11370582963;B
20241101;100148;98.68;5;11370582964;B
20241101;100149;98.68;5;11370582997;S
20241101;100149;98.68;5;11370583023;S
20241101;100149;98.68;5;11370583056;S
20241101;100149;98.68;5;11370583088;S
20241101;100149;98.68;5;11370583153;S
20241101;100150;98.68;5;11370583242;S
20241101;100150;98.68;5;11370583273;S
20241101;100150;98.68;5;11370583295;S
20241101;100150;98.68;5;11370583326;S
20241101;100150;98.68;5;11370583368;S
20241101;100151;98.68;5;11370583454;S
20241101;100151;98.68;35;11370583455;S
20241101;100151;98.68;100;11370583456;S
20241101;100151;98.68;558;11370583457;S
20241101;100151;98.68;20;11370583459;S
20241101;100151;98.68;5;11370583509;S
20241101;100151;98.68;5;11370583537;S
20241101;100151;98.68;5;11370583590;S
20241101;100151;98.68;29;11370583596;S
20241101;100151;98.68;3;11370583617;S
20241101;100151;98.68;5;11370583696;S
20241101;100152;98.68;5;11370583754;S
20241101;100152;98.68;5;11370583780;S
20241101;100152;98.68;5;11370583812;S
20241101;100152;98.68;5;11370583844;S
20241101;100152;98.68;5;11370583894;S
20241101;100153;98.68;5;11370583972;S
20241101;100153;98.68;5;11370583982;S
20241101;100153;98.68;5;11370584013;S
20241101;100153;98.68;5;11370584062;S
20241101;100153;98.69;10;11370584108;B
20241101;100153;98.68;5;11370584161;S
20241101;100154;98.68;5;11370584185;S
20241101;100154;98.68;5;11370584209;S
20241101;100154;98.65;5;11370584237;S
20241101;100154;98.65;5;11370584298;S
20241101;100154;98.64;5;11370584361;S
20241101;100155;98.64;5;11370584412;S
20241101;100155;98.64;5;11370584493;S
20241101;100155;98.64;5;11370584524;S
20241101;100155;98.64;5;11370584567;S
20241101;100156;98.64;5;11370584684;S
20241101;100156;98.64;5;11370584734;S
20241101;100156;98.64;5;11370584779;S
20241101;100157;98.64;5;11370584930;S
20241101;100157;98.66;5;11370584948;B
20241101;100157;98.67;100;11370584949;B
20241101;100157;98.67;5;11370584952;S
20241101;100157;98.69;1;11370584960;B
20241101;100157;98.67;5;11370584964;S
20241101;100157;98.67;5;11370585000;S
20241101;100157;98.69;239;11370585002;B
20241101;100157;98.69;50;11370585003;B
20241101;100157;98.68;5;11370585058;S
20241101;100158;98.7;300;11370585157;B
20241101;100158;98.7;1800;11370585158;B
20241101;100158;98.7;1;11370585159;B
20241101;100158;98.7;1;11370585160;B
20241101;100158;98.7;1000;11370585161;B
20241101;100158;98.72;747;11370585162;B
20241101;100158;98.72;10;11370585163;B
20241101;100158;98.72;2;11370585164;B
20241101;100158;98.72;100;11370585165;B
20241101;100158;98.72;701;11370585166;B
20241101;100158;98.72;264;11370585167;B
20241101;100158;98.72;250;11370585168;B
20241101;100158;98.72;136;11370585169;B
20241101;100158;98.73;363;11370585170;B
20241101;100158;98.74;2;11370585247;B
20241101;100159;98.7;1;11370585367;S
20241101;100159;98.7;5;11370585368;S
20241101;100159;98.69;100;11370585369;S
20241101;100159;98.68;95;11370585370;S
20241101;100159;98.68;1222;11370585371;S
20241101;100159;98.67;578;11370585372;S
20241101;100159;98.67;500;11370585381;S
20241101;100159;98.67;1500;11370585394;S
20241101;100202;98.73;2;11370586011;B
20241101;100202;98.71;4;11370586025;S
20241101;100202;98.69;50;11370586026;S
20241101;100202;98.69;10;11370586027;S
20241101;100202;98.69;936;11370586028;S
20241101;100202;98.73;50;11370586047;B
20241101;100202;98.69;50;11370586074;S
20241101;100202;98.69;1014;11370586176;S
20241101;100202;98.69;171;11370586177;S
20241101;100203;98.68;23;11370586314;S
20241101;100204;98.68;66;11370586385;B
20241101;100204;98.67;106;11370586389;S
20241101;100204;98.68;911;11370586399;B
20241101;100204;98.69;89;11370586400;B
20241101;100204;98.68;1520;11370586542;S
20241101;100204;98.68;30;11370586543;S
20241101;100204;98.67;571;11370586544;S
20241101;100204;98.67;50;11370586545;S
20241101;100204;98.66;178;11370586546;S
20241101;100204;98.65;193;11370586547;S
20241101;100204;98.64;1666;11370586548;S
20241101;100204;98.64;136;11370586549;S
20241101;100204;98.63;957;11370586550;S
20241101;100204;98.63;400;11370586551;S
20241101;100204;98.62;400;11370586552;S
20241101;100204;98.62;1899;11370586553;S
20241101;100205;98.62;400;11370586789;S
20241101;100205;98.67;23;11370586791;B
20241101;100206;98.68;58;11370586841;B
20241101;100206;98.67;8;11370586895;B
20241101;100206;98.68;492;11370586896;B
20241101;100207;98.62;100;11370587321;S
20241101;100208;98.68;9;11370587360;B
20241101;100208;98.62;10;11370587498;S
20241101;100209;98.65;30;11370587772;B
20241101;100210;98.62;2;11370587788;S
20241101;100212;98.67;2;11370588163;B
20241101;100212;98.67;10;11370588164;B
20241101;100212;98.68;41;11370588165;B
20241101;100213;98.65;1;11370588527;S
20241101;100213;98.64;50;11370588528;S
20241101;100213;98.64;4;11370588529;S
20241101;100213;98.64;125;11370588530;S
20241101;100213;98.63;1;11370588531;S
20241101;100213;98.63;136;11370588532;S
20241101;100213;98.63;125;11370588533;S
20241101;100213;98.61;90;11370588534;S
20241101;100213;98.61;25;11370588535;S
20241101;100213;98.61;2000;11370588536;S
20241101;100213;98.6;1;11370588537;S
20241101;100213;98.6;100;11370588538;S
20241101;100213;98.6;1;11370588539;S
20241101;100213;98.6;51;11370588540;S
20241101;100213;98.6;400;11370588541;S
20241101;100213;98.6;1520;11370588542;S
20241101;100213;98.59;100;11370588543;S
20241101;100213;98.59;180;11370588544;S
20241101;100214;98.67;69;11370588674;B
20241101;100214;98.67;1;11370588714;B
20241101;100217;98.66;60;11370589297;S
20241101;100217;98.67;1;11370589433;B
20241101;100219;98.66;5;11370589645;S
20241101;100219;98.67;98;11370589660;B
20241101;100219;98.67;100;11370589661;B
20241101;100219;98.68;102;11370589662;B
20241101;100220;98.66;10;11370589875;S
20241101;100221;98.66;285;11370590084;S
20241101;100221;98.65;1019;11370590085;S
20241101;100221;98.63;152;11370590086;S
20241101;100221;98.62;136;11370590087;S
20241101;100221;98.62;20;11370590088;S
20241101;100221;98.62;152;11370590089;S
20241101;100221;98.6;236;11370590090;S
20241101;100221;98.6;1686;11370590120;S
20241101;100221;98.6;10;11370590121;S
20241101;100221;98.59;161;11370590122;S
20241101;100221;98.58;100;11370590123;S
20241101;100221;98.58;43;11370590124;S
20241101;100221;98.66;136;11370590183;B
20241101;100221;98.66;1222;11370590184;B
20241101;100221;98.67;1982;11370590185;B
20241101;100221;98.59;136;11370590312;S
20241101;100221;98.59;132;11370590313;S
20241101;100222;98.66;22;11370590321;B
20241101;100222;98.64;5;11370590353;B
20241101;100222;98.66;1;11370590354;B
20241101;100222;98.66;170;11370590361;B
20241101;100224;98.65;20;11370590767;B
20241101;100224;98.66;1222;11370590768;B
20241101;100224;98.67;400;11370590769;B
20241101;100224;98.67;482;11370590770;B
20241101;100224;98.59;3;11370590833;S
20241101;100225;98.66;30;11370591016;B
20241101;100226;98.66;14;11370591202;B
20241101;100226;98.66;122;11370591279;B
20241101;100226;98.66;878;11370591280;B
20241101;100229;98.61;1;11370591864;S
20241101;100229;98.6;1;11370591865;S
20241101;100229;98.6;5;11370591866;S
20241101;100229;98.59;2332;11370591867;S
20241101;100229;98.58;1957;11370591868;S
20241101;100229;98.58;704;11370591869;S
20241101;100230;98.58;315;11370592135;S
20241101;100230;98.57;100;11370592136;S
20241101;100230;98.57;400;11370592137;S
20241101;100230;98.56;100;11370592138;S
20241101;100230;98.53;85;11370592139;S
20241101;100230;98.6;1;11370592150;B
20241101;100230;98.52;1;11370592160;S
20241101;100230;98.52;99;11370592161;S
20241101;100232;98.6;50;11370592598;B
20241101;100232;98.61;10;11370592630;B
20241101;100232;98.54;130;11370592654;S
20241101;100232;98.53;1;11370592655;S
20241101;100232;98.52;335;11370592656;S
20241101;100233;98.52;585;11370592777;S
20241101;100233;98.52;10;11370592778;S
20241101;100233;98.51;2;11370592779;S
20241101;100233;98.51;2;11370592780;S
20241101;100233;98.51;136;11370592781;S
20241101;100233;98.51;65;11370592782;S
20241101;100234;98.53;5;11370592842;B
20241101;100235;98.59;2000;11370593040;B
20241101;100235;98.53;5;11370593088;S
20241101;100235;98.53;95;11370593089;S
20241101;100237;98.59;852;11370593255;B
20241101;100237;98.59;1;11370593256;B
20241101;100237;98.6;400;11370593257;B
20241101;100237;98.6;747;11370593258;B
20241101;100238;98.59;10;11370593433;B
20241101;100240;98.59;4;11370593658;B
20241101;100240;98.6;196;11370593659;B
20241101;100240;98.55;10;11370593709;S
20241101;100240;98.54;90;11370593710;S
20241101;100242;98.54;10;11370593869;S
20241101;100242;98.53;10;11370593870;S
20241101;100242;98.53;130;11370593871;S
20241101;100242;98.58;2000;11370593963;B
20241101;100242;98.55;136;11370593972;S
20241101;100242;98.53;500;11370593973;S
20241101;100242;98.53;14;11370593974;S
20241101;100244;98.6;1057;11370594123;B
20241101;100244;98.6;400;11370594124;B
20241101;100244;98.6;2000;11370594125;B
20241101;100244;98.61;390;11370594126;B
20241101;100244;98.62;400;11370594127;B
20241101;100244;98.62;2000;11370594128;B
20241101;100244;98.63;400;11370594129;B
20241101;100244;98.63;5;11370594130;B
20241101;100244;98.63;136;11370594131;B
20241101;100244;98.64;400;11370594132;B
20241101;100244;98.65;400;11370594133;B
20241101;100244;98.65;5;11370594134;B
20241101;100244;98.65;250;11370594135;B
20241101;100244;98.66;400;11370594136;B
20241101;100244;98.67;400;11370594137;B
20241101;100244;98.67;5;11370594138;B
20241101;100244;98.67;2852;11370594139;B
20241101;100244;98.68;298;11370594140;B
20241101;100244;98.68;200;11370594141;B
20241101;100244;98.68;3;11370594142;B
20241101;100244;98.6;55;11370594144;B
20241101;100244;98.59;5;11370594214;S
20241101;100244;98.67;400;11370594215;B
20241101;100244;98.67;144;11370594216;B
20241101;100244;98.68;1456;11370594217;B
20241101;100245;98.66;500;11370594388;B
20241101;100245;98.67;136;11370594389;B
20241101;100245;98.68;3541;11370594390;B
20241101;100245;98.68;41;11370594391;B
20241101;100245;98.68;400;11370594392;B
20241101;100245;98.69;2162;11370594393;B
20241101;100245;98.69;400;11370594394;B
20241101;100245;98.7;1000;11370594395;B
20241101;100245;98.7;250;11370594396;B
20241101;100245;98.7;1000;11370594397;B
20241101;100245;98.7;5;11370594398;B
20241101;100245;98.7;400;11370594399;B
20241101;100245;98.7;464;11370594400;B
20241101;100245;98.71;499;11370594401;B
20241101;100245;98.71;400;11370594402;B
20241101;100245;98.71;543;11370594403;B
20241101;100245;98.71;260;11370594404;B
20241101;100247;98.68;100;11370594642;S
20241101;100248;98.68;136;11370594702;S
20241101;100248;98.68;400;11370594703;S
20241101;100248;98.67;61;11370594704;S
20241101;100248;98.71;12;11370594720;B
20241101;100248;98.72;1;11370594721;B
20241101;100248;98.72;500;11370594722;B
20241101;100248;98.74;487;11370594723;B
20241101;100248;98.73;24;11370594778;B
20241101;100248;98.74;1000;11370594793;B
20241101;100248;98.74;11;11370594833;B
20241101;100248;98.74;500;11370594834;B
20241101;100248;98.75;500;11370594835;B
20241101;100248;98.76;10;11370594836;B
20241101;100248;98.77;5;11370594837;B
20241101;100248;98.77;12;11370594838;B
20241101;100248;98.77;1519;11370594839;B
20241101;100248;98.78;900;11370594840;B
20241101;100248;98.78;500;11370594841;B
20241101;100248;98.79;1;11370594842;B
20241101;100248;98.79;163;11370594843;B
20241101;100248;98.8;5;11370594844;B
20241101;100248;98.8;10;11370594845;B
20241101;100248;98.8;5;11370594846;B
20241101;100248;98.8;1;11370594847;B
20241101;100248;98.8;400;11370594848;B
20241101;100248;98.81;400;11370594849;B
20241101;100248;98.81;136;11370594850;B
20241101;100248;98.82;2000;11370594851;B
20241101;100248;98.82;50;11370594852;B
20241101;100248;98.82;400;11370594853;B
20241101;100248;98.83;400;11370594854;B
20241101;100248;98.84;10;11370594855;B
20241101;100248;98.84;400;11370594856;B
20241101;100248;98.85;500;11370594857;B
20241101;100248;98.85;500;11370594858;B
20241101;100248;98.85;400;11370594859;B
20241101;100248;98.85;2263;11370594860;B
20241101;100249;98.85;800;11370594991;B
20241101;100250;98.8;7;11370595096;S
20241101;100250;98.77;93;11370595097;S
20241101;100250;98.78;136;11370595113;S
20241101;100250;98.77;164;11370595114;S
20241101;100250;98.85;719;11370595128;B
20241101;100250;98.85;1;11370595129;B
20241101;100250;98.86;61;11370595130;B
20241101;100250;98.86;10;11370595131;B
20241101;100250;98.86;9;11370595132;B
20241101;100250;98.85;1517;11370595152;B
20241101;100250;98.86;91;11370595153;B
20241101;100250;98.87;346;11370595154;B
20241101;100250;98.88;500;11370595155;B
20241101;100250;98.89;10;11370595156;B
20241101;100250;98.89;227;11370595157;B
20241101;100250;98.9;1000;11370595158;B
20241101;100250;98.9;1;11370595159;B
20241101;100250;98.9;178;11370595160;B
20241101;100250;98.9;400;11370595161;B
20241101;100250;98.9;136;11370595162;B
20241101;100250;98.9;5;11370595163;B
20241101;100250;98.91;400;11370595164;B
20241101;100250;98.92;400;11370595165;B
20241101;100250;98.92;400;11370595166;B
20241101;100250;98.93;400;11370595167;B
20241101;100250;98.93;5990;11370595168;B
20241101;100250;98.85;5;11370595176;B
20241101;100252;98.84;1;11370595424;B
20241101;100252;98.88;22;11370595425;B
20241101;100253;98.87;136;11370595455;B
20241101;100253;98.88;1517;11370595456;B
20241101;100253;98.89;100;11370595457;B
20241101;100253;98.9;20;11370595458;B
20241101;100253;98.9;418;11370595459;B
20241101;100253;98.95;400;11370595460;B
20241101;100253;98.96;1;11370595461;B
20241101;100253;98.96;150;11370595462;B
20241101;100253;98.96;400;11370595463;B
20241101;100253;98.96;7637;11370595464;B
20241101;100253;98.97;1000;11370595465;B
20241101;100253;98.97;222;11370595466;B
20241101;100253;98.9;10;11370595575;S
20241101;100253;98.86;15;11370595576;S
20241101;100254;98.89;10;11370595659;S
20241101;100254;98.89;490;11370595660;S
20241101;100254;98.87;1;11370595717;S
20241101;100255;98.93;1;11370595840;B
20241101;100255;98.93;4;11370595841;B
20241101;100256;98.93;1516;11370596013;B
20241101;100256;98.93;1;11370596014;B
20241101;100256;98.94;136;11370596015;B
20241101;100256;98.94;344;11370596016;B
20241101;100256;98.95;1000;11370596017;B
20241101;100256;98.98;20;11370596018;B
20241101;100256;98.98;823;11370596019;B
20241101;100256;98.98;15;11370596020;B
20241101;100256;98.99;1;11370596021;B
20241101;100256;98.99;5000;11370596022;B
20241101;100256;98.99;100;11370596023;B
20241101;100256;99;59;11370596024;B
20241101;100256;99;500;11370596025;B
20241101;100256;99;1;11370596026;B
20241101;100256;99;1000;11370596027;B
20241101;100256;99;500;11370596028;B
20241101;100256;99;5;11370596029;B
20241101;100256;99;980;11370596030;B
20241101;100257;98.97;20;11370596116;B
20241101;100257;98.97;1495;11370596136;B
20241101;100257;98.97;1515;11370596137;B
20241101;100257;98.97;1515;11370596138;B
20241101;100257;98.97;1515;11370596139;B
20241101;100257;98.98;1;11370596162;B
20241101;100257;98.99;1500;11370596163;B
20241101;100257;98.99;412;11370596164;B
20241101;100257;98.99;136;11370596165;B
20241101;100257;99;20;11370596166;B
20241101;100257;99;931;11370596167;B
20241101;100257;98.98;400;11370596270;S
20241101;100257;98.97;600;11370596271;S
20241101;100258;98.97;400;11370596339;S
20241101;100258;98.96;100;11370596340;S
20241101;100259;98.96;300;11370596401;S
20241101;100259;98.95;200;11370596402;S
20241101;100300;98.97;1;11370596578;B
20241101;100300;98.99;691;11370596579;B
20241101;100300;98.99;136;11370596580;B
20241101;100300;98.99;172;11370596581;B
20241101;100300;98.99;50;11370596632;B
20241101;100300;99;69;11370596633;B
20241101;100300;99;100;11370596634;B
20241101;100300;99;668;11370596635;B
20241101;100300;98.99;1;11370596659;B
20241101;100300;98.99;5;11370596759;B
20241101;100300;98.98;100;11370596778;S
20241101;100300;98.98;400;11370596779;S
20241101;100301;98.98;400;11370596821;S
20241101;100301;98.97;50;11370596822;S
20241101;100301;98.97;50;11370596823;S
20241101;100301;98.99;2823;11370596824;B
20241101;100301;98.99;1;11370596825;B
20241101;100301;99;9177;11370596826;B
20241101;100301;98.97;272;11370596827;S
20241101;100301;99;15384;11370596828;B
20241101;100301;99;17515;11370596847;B
20241101;100301;99;5999;11370596885;B
20241101;100301;99;50;11370596886;B
20241101;100301;99;8;11370596887;B
20241101;100301;99;2562;11370596929;B
20241101;100301;99;20;11370596934;B
20241101;100302;99;5;11370597051;B
20241101;100302;99;2000;11370597052;B
20241101;100302;99;50;11370597063;B
20241101;100302;99;1000;11370597124;B
20241101;100302;99;500;11370597125;B
20241101;100302;99;11;11370597127;B
20241101;100303;99;33;11370597153;B
20241101;100303;99;5018;11370597164;B
20241101;100303;99;50;11370597165;B
20241101;100303;99;1000;11370597166;B
20241101;100303;99;4;11370597167;B
20241101;100303;99;1;11370597168;B
20241101;100303;99;4;11370597169;B
20241101;100303;99;500;11370597170;B
20241101;100303;99;200;11370597171;B
20241101;100303;99;500;11370597197;S
20241101;100303;99.01;1;11370597198;B
20241101;100303;99.02;50;11370597215;B
20241101;100303;99.01;400;11370597227;S
20241101;100303;99;3600;11370597228;S
20241101;100303;99.02;5;11370597262;B
20241101;100304;99.02;10;11370597336;B
20241101;100304;99.02;72;11370597463;B
20241101;100305;99.02;5;11370597471;B
20241101;100305;99.01;55;11370597496;S
20241101;100305;99.02;5;11370597515;B
20241101;100306;99.02;3;11370597688;B
20241101;100306;99.01;1;11370597700;S
20241101;100306;99.02;5;11370597755;B
20241101;100306;99.02;25;11370597765;B
20241101;100307;99.01;1;11370597767;S
20241101;100307;99.02;5;11370597779;B
20241101;100307;99.01;343;11370597791;S
20241101;100307;99.01;5;11370597792;S
20241101;100307;99.01;50;11370597793;S
20241101;100307;99.01;1514;11370597794;S
20241101;100307;99.01;5;11370597795;S
20241101;100307;99;83;11370597796;S
20241101;100307;99.01;2;11370597797;S
20241101;100307;99.01;398;11370597810;S
20241101;100307;99;602;11370597811;S
20241101;100307;99.01;400;11370597830;S
20241101;100307;99;439;11370597831;S
20241101;100307;99;400;11370597832;S
20241101;100307;99;5;11370597833;S
20241101;100307;99;12001;11370597834;S
20241101;100307;99;968;11370597835;S
20241101;100307;99;400;11370597836;S
20241101;100308;98.97;10;11370598055;S
20241101;100308;98.97;390;11370598101;S
20241101;100308;98.96;110;11370598102;S
20241101;100308;98.98;5;11370598103;B
20241101;100308;98.99;58;11370598104;B
20241101;100308;98.99;1302;11370598112;B
20241101;100308;99;30;11370598113;B
20241101;100308;99;1;11370598114;B
20241101;100308;99;522;11370598115;B
20241101;100308;99.01;522;11370598116;B
20241101;100308;99.01;136;11370598117;B
20241101;100308;99.02;65;11370598118;B
20241101;100308;99.02;10;11370598119;B
20241101;100308;99.03;1;11370598120;B
20241101;100308;99.03;2500;11370598121;B
20241101;100308;99.04;10;11370598122;B
20241101;100308;99.04;50;11370598123;B
20241101;100308;99.05;1;11370598124;B
20241101;100308;99.05;10;11370598125;B
20241101;100308;99.07;9;11370598126;B
20241101;100308;99.08;1;11370598127;B
20241101;100308;99.08;1;11370598128;B
20241101;100308;99.08;1;11370598129;B
20241101;100308;99.08;1;11370598130;B
20241101;100308;99.08;1;11370598131;B
20241101;100308;99.08;106;11370598132;B
20241101;100308;99.08;206;11370598133;B
20241101;100308;99.09;1;11370598134;B
20241101;100308;99.09;1000;11370598135;B
20241101;100308;99.09;1;11370598136;B
20241101;100308;99.1;200;11370598137;B
20241101;100308;99.1;150;11370598138;B
20241101;100308;99.1;1000;11370598139;B
20241101;100308;99.1;1500;11370598140;B
20241101;100308;99.1;400;11370598141;B
20241101;100308;99.11;400;11370598142;B
20241101;100308;99.12;400;11370598143;B
20241101;100308;99.13;400;11370598144;B
20241101;100308;99.13;1514;11370598145;B
20241101;100308;99.14;20;11370598146;B
20241101;100308;99.14;600;11370598147;B
20241101;100308;99.14;508;11370598148;B
20241101;100309;99.12;100;11370598157;B
20241101;100309;99.12;10;11370598166;B
20241101;100309;99.04;200;11370598333;S
20241101;100310;99.03;50;11370598434;S
20241101;100310;99.02;722;11370598435;S
20241101;100310;99.01;400;11370598436;S
20241101;100310;99;400;11370598437;S
20241101;100310;98.96;100;11370598542;S
20241101;100311;98.96;200;11370598613;S
20241101;100311;98.96;150;11370598614;S
20241101;100311;98.95;4331;11370598615;S
20241101;100311;98.95;50;11370598616;S
20241101;100311;98.96;8;11370598628;S
20241101;100311;98.97;66;11370598669;B
20241101;100313;98.95;20;11370598970;B
20241101;100313;98.95;1;11370598971;B
20241101;100313;98.95;136;11370598972;B
20241101;100313;98.95;1222;11370598973;B
20241101;100313;98.96;589;11370598974;B
20241101;100313;98.96;100;11370598975;B
20241101;100313;98.97;2000;11370598976;B
20241101;100313;98.98;300;11370598977;B
20241101;100313;98.98;1492;11370598978;B
20241101;100313;98.99;200;11370598979;B
20241101;100313;99;1940;11370598980;B
20241101;100313;99;200;11370598992;B
20241101;100313;98.99;136;11370599166;B
20241101;100313;99;864;11370599167;B
20241101;100314;99;37;11370599238;B
20241101;100315;99;85;11370599355;B
20241101;100315;98.98;1;11370599411;S
20241101;100315;98.97;5;11370599594;S
20241101;100315;98.93;400;11370599595;S
20241101;100315;98.92;95;11370599596;S
20241101;100317;98.94;1;11370599851;S
20241101;100317;98.94;1000;11370599994;S
20241101;100318;98.94;515;11370600027;S
20241101;100318;98.93;10;11370600028;S
20241101;100318;98.91;400;11370600029;S
20241101;100318;98.9;400;11370600030;S
20241101;100318;98.89;175;11370600031;S
20241101;100318;98.95;10;11370600051;B
20241101;100318;98.95;88;11370600053;B
20241101;100318;98.91;1000;11370600140;S
20241101;100318;98.94;1222;11370600173;B
20241101;100318;98.94;4778;11370600174;S
20241101;100319;98.87;400;11370600266;S
20241101;100319;98.86;400;11370600267;S
20241101;100319;98.86;10;11370600268;S
20241101;100319;98.85;400;11370600269;S
20241101;100319;98.84;400;11370600270;S
20241101;100319;98.84;250;11370600271;S
20241101;100319;98.83;4;11370600272;S
20241101;100319;98.83;400;11370600273;S
20241101;100319;98.83;3000;11370600274;S
20241101;100319;98.83;1516;11370600275;S
20241101;100319;98.82;400;11370600276;S
20241101;100319;98.81;154;11370600277;S
20241101;100320;98.9;50;11370600555;B
20241101;100320;98.9;856;11370600556;B
20241101;100320;98.91;1;11370600557;B
20241101;100320;98.91;50;11370600558;B
20241101;100320;98.91;443;11370600559;B
20241101;100321;98.9;1000;11370600641;B
20241101;100321;98.84;1;11370600647;S
20241101;100321;98.84;100;11370600651;S
20241101;100321;98.84;242;11370600727;S
20241101;100321;98.83;400;11370600728;S
20241101;100321;98.83;108;11370600729;S
20241101;100321;98.82;100;11370600740;S
20241101;100322;98.84;1;11370600887;B
20241101;100322;98.79;182;11370601028;S
20241101;100323;98.86;52;11370601076;B
20241101;100323;98.81;250;11370601091;S
20241101;100324;98.8;1;11370601273;S
20241101;100325;98.8;1;11370601562;S
20241101;100325;98.8;1515;11370601642;S
20241101;100325;98.8;50;11370601669;B
20241101;100326;98.77;219;11370601702;S
20241101;100326;98.8;2;11370601788;B
20241101;100326;98.8;33;11370601798;B
20241101;100326;98.86;867;11370601799;B
20241101;100330;98.79;280;11370602580;S
20241101;100331;98.8;1;11370602717;B
20241101;100331;98.79;1;11370602732;S
20241101;100331;98.79;19;11370602792;S
20241101;100332;98.77;50;11370603041;S
20241101;100332;98.77;50;11370603042;S
20241101;100332;98.76;1000;11370603067;S
20241101;100332;98.75;400;11370603068;S
20241101;100332;98.74;400;11370603069;S
20241101;100332;98.74;136;11370603070;S
20241101;100332;98.73;400;11370603071;S
20241101;100332;98.72;400;11370603072;S
20241101;100332;98.72;1518;11370603073;S
20241101;100332;98.71;400;11370603074;S
20241101;100332;98.7;400;11370603075;S
20241101;100332;98.7;24;11370603076;S
20241101;100332;98.7;10748;11370603077;B
20241101;100333;98.7;272;11370603137;B
20241101;100333;98.7;272;11370603141;B
20241101;100333;98.7;272;11370603150;B
20241101;100333;98.7;272;11370603159;B
20241101;100333;98.7;86;11370603169;B
20241101;100333;98.77;2;11370603280;B
20241101;100334;98.77;398;11370603359;B
20241101;100334;98.8;15;11370603360;B
20241101;100334;98.8;100;11370603361;B
20241101;100334;98.81;400;11370603362;B
20241101;100334;98.82;400;11370603363;B
20241101;100334;98.82;150;11370603364;B
20241101;100334;98.83;400;11370603365;B
20241101;100334;98.83;250;11370603366;B
20241101;100334;98.84;20;11370603367;B
20241101;100334;98.84;400;11370603368;B
20241101;100334;98.84;2467;11370603369;B
20241101;100334;98.78;5;11370603387;B
20241101;100334;98.86;1;11370603388;B
20241101;100334;98.86;40;11370603389;B
20241101;100334;98.86;400;11370603390;B
20241101;100334;98.86;136;11370603391;B
20241101;100334;98.87;400;11370603392;B
20241101;100334;98.88;100;11370603393;B
20241101;100334;98.88;2000;11370603394;B
20241101;100334;98.88;400;11370603395;B
20241101;100334;98.88;1518;11370603396;B
20241101;100334;98.89;5;11370603397;B
20241101;100334;98.89;395;11370603398;B
20241101;100336;98.8;2;11370603928;S
20241101;100336;98.79;400;11370603944;S
20241101;100336;98.78;400;11370603945;S
20241101;100336;98.78;250;11370603946;S
20241101;100336;98.77;400;11370603947;S
20241101;100336;98.77;2852;11370603948;S
20241101;100336;98.76;400;11370603949;S
20241101;100336;98.75;400;11370603950;S
20241101;100336;98.74;400;11370603951;S
20241101;100336;98.74;136;11370603952;S
20241101;100336;98.73;400;11370603953;S
20241101;100336;98.73;1462;11370603954;S
20241101;100339;98.74;2;11370604469;B
20241101;100339;98.78;250;11370604470;B
20241101;100339;98.79;189;11370604471;B
20241101;100340;98.75;3;11370604703;B
20241101;100340;98.79;197;11370604704;B
20241101;100340;98.79;50;11370604715;B
20241101;100341;98.79;2;11370604797;B
20241101;100341;98.71;1;11370604803;S
20241101;100341;98.7;136;11370604804;S
20241101;100341;98.68;400;11370604805;S
20241101;100341;98.68;1828;11370604806;S
20241101;100341;98.67;400;11370604807;S
20241101;100341;98.67;36;11370604808;S
20241101;100341;98.67;1518;11370604809;S
20241101;100341;98.66;400;11370604810;S
20241101;100341;98.65;10;11370604811;S
20241101;100341;98.65;400;11370604812;S
20241101;100341;98.64;100;11370604813;S
20241101;100341;98.64;10;11370604814;S
20241101;100341;98.64;400;11370604815;S
20241101;100341;98.64;315;11370604816;S
20241101;100341;98.64;250;11370604817;S
20241101;100341;98.64;208;11370604818;S
20241101;100341;98.64;306;11370604819;S
20241101;100341;98.63;400;11370604820;S
20241101;100341;98.63;2882;11370604821;S
20241101;100341;98.74;3;11370604822;B
20241101;100341;98.74;2;11370604850;B
20241101;100341;98.72;300;11370605007;S
20241101;100342;98.72;10;11370605063;S
20241101;100342;98.72;690;11370605075;S
20241101;100342;98.65;405;11370605076;S
20241101;100342;98.65;351;11370605078;S
20241101;100342;98.73;11;11370605087;B
20241101;100342;98.73;2;11370605115;B
20241101;100343;98.7;1000;11370605245;S
20241101;100343;98.68;2;11370605413;S
20241101;100343;98.64;2;11370605414;S
20241101;100343;98.64;1;11370605415;S
20241101;100344;98.64;35;11370605425;S
20241101;100344;98.65;100;11370605451;S
20241101;100346;98.67;12;11370605829;S
20241101;100346;98.66;136;11370605830;S
20241101;100346;98.63;5;11370605831;S
20241101;100346;98.63;1520;11370605832;S
20241101;100346;98.62;100;11370605833;S
20241101;100346;98.61;500;11370605834;S
20241101;100346;98.6;1;11370605835;S
20241101;100346;98.6;200;11370605836;S
20241101;100346;98.6;1;11370605837;S
20241101;100346;98.6;21;11370605838;B
20241101;100346;98.6;272;11370605839;B
20241101;100346;98.6;272;11370605841;B
20241101;100346;98.6;272;11370605842;B
20241101;100346;98.6;84;11370605843;B
20241101;100346;98.6;48;11370605844;B
20241101;100346;98.6;272;11370605845;B
20241101;100347;98.6;272;11370605865;B
20241101;100347;98.6;272;11370605871;B
20241101;100347;98.6;272;11370605891;B
20241101;100347;98.6;96;11370605923;B
20241101;100347;98.6;19;11370605935;B
20241101;100348;98.59;5;11370606158;S
20241101;100349;98.6;40;11370606240;B
20241101;100349;98.59;606;11370606444;S
20241101;100350;98.6;29;11370606482;B
20241101;100352;98.6;282;11370606817;B
20241101;100353;98.63;100;11370607007;S
20241101;100353;98.67;4;11370607137;B
20241101;100354;98.63;1014;11370607258;S
20241101;100355;98.67;496;11370607342;B
20241101;100355;98.67;504;11370607343;B
20241101;100355;98.69;3;11370607365;B
20241101;100355;98.63;1;11370607380;S
20241101;100357;98.64;5;11370607868;S
20241101;100357;98.63;300;11370607869;S
20241101;100357;98.62;10;11370607870;S
20241101;100357;98.61;815;11370607871;S
20241101;100359;98.63;15;11370608078;B
20241101;100359;98.61;100;11370608104;S
20241101;100359;98.63;1;11370608255;B
20241101;100400;98.63;24;11370608288;B
20241101;100400;98.63;1;11370608289;B
20241101;100401;98.61;5;11370608473;S
20241101;100401;98.6;9;11370608474;S
20241101;100402;98.6;100;11370608723;S
20241101;100403;98.63;1;11370608874;B
20241101;100403;98.63;12;11370608875;B
20241101;100405;98.62;24;11370609235;S
20241101;100405;98.61;8;11370609236;S
20241101;100405;98.6;18;11370609237;S
20241101;100406;98.63;1;11370609313;B
20241101;100407;98.62;47;11370609391;S
20241101;100407;98.6;153;11370609392;S
20241101;100407;98.63;140;11370609502;B
20241101;100408;98.61;50;11370609537;S
20241101;100408;98.6;1950;11370609538;S
20241101;100408;98.63;9;11370609581;B
20241101;100409;98.63;10;11370609722;B
20241101;100409;98.62;52;11370609764;S
20241101;100409;98.62;19;11370609765;S
20241101;100410;98.62;1;11370609850;B
20241101;100410;98.62;49;11370609880;B
20241101;100410;98.62;7;11370609917;S
20241101;100411;98.63;300;11370610024;B
20241101;100412;98.62;1;11370610102;S
20241101;100413;98.62;5;11370610270;S
20241101;100413;98.62;4;11370610272;S
20241101;100413;98.62;27;11370610273;S
20241101;100413;98.61;1;11370610274;S
20241101;100413;98.6;168;11370610275;S
20241101;100414;98.61;62;11370610405;S
20241101;100414;98.6;8;11370610407;S
20241101;100414;98.6;5;11370610430;S
20241101;100415;98.6;50;11370610519;S
20241101;100415;98.6;500;11370610586;S
20241101;100417;98.6;6757;11370610861;S
20241101;100417;98.6;500;11370610862;S
20241101;100417;98.6;300;11370610863;S
20241101;100417;98.56;2;11370610865;S
20241101;100417;98.56;20;11370610866;S
20241101;100417;98.57;1521;11370610869;S
20241101;100418;98.57;1521;11370610975;S
20241101;100418;98.57;136;11370610976;S
20241101;100418;98.56;136;11370610977;S
20241101;100419;98.56;50;11370611141;S
20241101;100419;98.56;86;11370611142;S
20241101;100419;98.55;701;11370611202;S
20241101;100419;98.55;136;11370611203;S
20241101;100419;98.53;108;11370611204;S
20241101;100419;98.53;2000;11370611205;S
20241101;100419;98.52;9;11370611206;S
20241101;100419;98.52;2;11370611207;S
20241101;100419;98.52;120;11370611208;S
20241101;100419;98.52;1521;11370611209;S
20241101;100419;98.51;100;11370611210;S
20241101;100419;98.5;10;11370611211;S
20241101;100419;98.5;2000;11370611212;S
20241101;100419;98.5;100;11370611213;S
20241101;100419;98.5;500;11370611214;S
20241101;100419;98.5;1;11370611215;S
20241101;100419;98.5;5000;11370611216;S
20241101;100419;98.49;1;11370611217;S
20241101;100419;98.49;3;11370611218;S
20241101;100419;98.49;1;11370611219;S
20241101;100419;98.49;1;11370611220;S
20241101;100419;98.49;30;11370611221;S
20241101;100419;98.48;2;11370611222;S
20241101;100419;98.48;500;11370611223;S
20241101;100419;98.48;400;11370611224;S
20241101;100419;98.47;400;11370611225;S
20241101;100419;98.46;20;11370611226;S
20241101;100419;98.46;1000;11370611227;S
20241101;100419;98.46;334;11370611228;S
20241101;100420;98.51;10;11370611314;S
20241101;100420;98.51;86;11370611351;S
20241101;100420;98.51;136;11370611352;S
20241101;100420;98.5;500;11370611353;S
20241101;100420;98.47;1378;11370611354;S
20241101;100423;98.48;100;11370611654;S
20241101;100424;98.48;5;11370611887;S
20241101;100425;98.51;5;11370611953;B
20241101;100425;98.51;7;11370611954;B
20241101;100425;98.51;5;11370611955;B
20241101;100425;98.51;10;11370611956;B
20241101;100425;98.52;21;11370611957;B
20241101;100425;98.52;2;11370611958;B
20241101;100425;98.49;3;11370612010;S
20241101;100427;98.5;100;11370612219;S
20241101;100428;98.55;400;11370612397;B
20241101;100428;98.55;48;11370612398;B
20241101;100428;98.56;52;11370612399;B
20241101;100428;98.53;1;11370612400;S
20241101;100428;98.53;136;11370612401;S
20241101;100428;98.51;363;11370612402;S
20241101;100429;98.52;100;11370612649;S
20241101;100430;98.56;1;11370612680;B
20241101;100431;98.54;10;11370612835;S
20241101;100431;98.54;10;11370612836;S
20241101;100431;98.53;60;11370612919;S
20241101;100432;98.57;4;11370612932;B
20241101;100433;98.57;1;11370613263;B
20241101;100434;98.54;60;11370613306;S
20241101;100434;98.57;50;11370613401;B
20241101;100435;98.57;100;11370613459;B
20241101;100435;98.54;40;11370613606;S
20241101;100435;98.54;136;11370613607;S
20241101;100435;98.53;824;11370613608;S
20241101;100436;98.53;10;11370613642;S
20241101;100439;98.57;50;11370614273;B
20241101;100439;98.57;950;11370614274;B
20241101;100439;98.57;200;11370614279;B
