<DATE>;<TIME>;<LAST>;<VOL>;<ID>;<OPER>
20241031;095940;97.11;20;11365306488;B
20241031;095940;97.11;5;11365306489;B
20241031;095940;97.11;11;11365306490;S
20241031;095940;97.11;2;11365306491;S
20241031;095940;97.11;62;11365306492;S
20241031;095940;97.11;1;11365306493;S
20241031;095940;97.11;437;11365306494;S
20241031;095940;97.11;3;11365306495;S
20241031;095940;97.11;180;11365306496;S
20241031;095940;97.11;21;11365306497;S
20241031;095940;97.11;1;11365306498;S
20241031;095940;97.11;3;11365306499;S
20241031;095940;97.11;4;11365306500;S
20241031;095940;97.11;1;11365306501;S
20241031;095940;97.11;1;11365306502;S
20241031;095940;97.11;1;11365306503;S
20241031;095940;97.11;1;11365306504;S
20241031;095940;97.11;1;11365306505;S
20241031;095940;97.11;1;11365306506;S
20241031;095940;97.11;1;11365306507;S
20241031;095940;97.11;1;11365306508;S
20241031;095940;97.11;1;11365306509;S
20241031;095940;97.11;1;11365306510;S
20241031;095940;97.11;1;11365306511;S
20241031;095940;97.11;1;11365306512;S
20241031;095940;97.11;1;11365306513;S
20241031;095940;97.11;1000;11365306514;S
20241031;095940;97.11;11;11365306515;S
20241031;095940;97.11;21;11365306516;S
20241031;095940;97.11;1;11365306517;S
20241031;095940;97.11;3;11365306518;S
20241031;095940;97.11;525;11365306519;S
20241031;095940;97.11;2;11365306520;S
20241031;095940;97.11;1;11365306521;S
20241031;095940;97.11;1;11365306522;S
20241031;095940;97.11;509;11365306523;S
20241031;095940;97.11;6;11365306524;S
20241031;095940;97.11;1;11365306525;S
20241031;095940;97.11;2;11365306526;S
20241031;095940;97.11;11;11365306527;S
20241031;095940;97.11;8;11365306528;S
20241031;095940;97.11;4;11365306529;S
20241031;095940;97.11;2;11365306530;S
20241031;095940;97.11;1;11365306531;S
20241031;095940;97.11;3;11365306532;S
20241031;095940;97.11;3;11365306533;B
20241031;095940;97.11;673;11365306534;S
20241031;095940;97.11;10;11365306535;S
20241031;095940;97.11;3;11365306536;S
20241031;095940;97.11;3;11365306537;S
20241031;095940;97.11;10;11365306538;S
20241031;095940;97.11;3;11365306539;S
20241031;095940;97.11;24;11365306540;S
20241031;095940;97.11;1;11365306541;B
20241031;095940;97.11;41;11365306542;B
20241031;095940;97.11;10;11365306543;S
20241031;095940;97.11;1;11365306544;S
20241031;095940;97.11;10;11365306545;S
20241031;095940;97.11;3;11365306546;S
20241031;095940;97.11;4;11365306547;S
20241031;095940;97.11;1;11365306548;S
20241031;095940;97.11;1;11365306549;S
20241031;095940;97.11;100;11365306550;B
20241031;095940;97.11;1;11365306551;S
20241031;095940;97.11;2;11365306552;S
20241031;095940;97.11;1;11365306553;S
20241031;095940;97.11;1700;11365306554;S
20241031;095940;97.11;9;11365306555;S
20241031;095940;97.11;40;11365306556;B
20241031;095940;97.11;81;11365306557;S
20241031;095940;97.11;100;11365306558;S
20241031;095940;97.11;2;11365306559;S
20241031;095940;97.11;10;11365306560;S
20241031;095940;97.11;10;11365306561;S
20241031;095940;97.11;10;11365306562;B
20241031;095940;97.11;10;11365306563;S
20241031;095940;97.11;1;11365306564;S
20241031;095940;97.11;20;11365306565;S
20241031;095940;97.11;20;11365306566;S
20241031;095940;97.11;1;11365306567;S
20241031;095940;97.11;1307;11365306568;S
20241031;095940;97.11;150;11365306569;S
20241031;095940;97.11;215;11365306570;S
20241031;095940;97.11;257;11365306571;S
20241031;095940;97.11;500;11365306572;S
20241031;095940;97.11;60;11365306573;S
20241031;095940;97.11;700;11365306574;S
20241031;095940;97.11;168;11365306575;S
20241031;095940;97.11;32;11365306576;S
20241031;095940;97.11;50;11365306577;S
20241031;095940;97.11;300;11365306578;S
20241031;095940;97.11;2261;11365306579;S
20241031;095940;97.11;1;11365306580;S
20241031;095940;97.11;3;11365306581;S
20241031;095940;97.11;4;11365306582;S
20241031;095940;97.11;1;11365306583;S
20241031;095940;97.11;40;11365306584;S
20241031;095940;97.11;100;11365306585;S
20241031;095940;97.11;2;11365306586;S
20241031;095940;97.11;1;11365306587;S
20241031;095940;97.11;10;11365306588;S
20241031;095940;97.11;10;11365306589;S
20241031;095940;97.11;1;11365306590;S
20241031;095940;97.11;300;11365306591;S
20241031;095940;97.11;3;11365306592;S
20241031;095940;97.11;20;11365306593;S
20241031;095940;97.11;990;11365306594;S
20241031;095940;97.11;1;11365306595;S
20241031;095940;97.11;50;11365306596;S
20241031;095940;97.11;1;11365306597;S
20241031;095940;97.11;10;11365306598;S
20241031;095940;97.11;20;11365306599;S
20241031;095940;97.11;4;11365306600;S
20241031;095940;97.11;1;11365306601;S
20241031;095940;97.11;5;11365306602;S
20241031;095940;97.11;1;11365306603;S
20241031;095940;97.11;8;11365306604;S
20241031;095940;97.11;100;11365306605;S
20241031;095940;97.11;2;11365306606;S
20241031;095940;97.11;10;11365306607;S
20241031;095940;97.11;1099;11365306608;S
20241031;095940;97.11;1000;11365306609;S
20241031;100000;97.19;3;11365310463;B
20241031;100000;97.12;448;11365310615;S
20241031;100000;97.11;1552;11365310616;S
20241031;100000;97.11;1349;11365310753;S
20241031;100000;97.1;1;11365310754;S
20241031;100000;97.1;355;11365310755;S
20241031;100000;97.09;355;11365310756;S
20241031;100000;97.08;20;11365310757;S
20241031;100000;97.05;1;11365310758;S
20241031;100000;97.04;1;11365310759;S
20241031;100000;97.04;1012;11365310760;S
20241031;100000;97.03;1700;11365310761;S
20241031;100000;97.03;50;11365310762;S
20241031;100000;97.03;500;11365310763;S
20241031;100000;97.03;1543;11365310764;S
20241031;100000;97.02;100;11365310765;S
20241031;100000;97.02;81;11365310766;S
20241031;100000;97.01;10;11365310767;S
20241031;100000;97.01;100;11365310768;S
20241031;100000;97.01;100;11365310769;S
20241031;100000;97.01;2;11365310770;S
20241031;100000;97.01;1;11365310771;S
20241031;100000;97.01;315;11365310772;S
20241031;100000;97.01;314;11365310773;S
20241031;100000;97.01;208;11365310774;S
20241031;100000;97.01;5600;11365310775;S
20241031;100000;97;1;11365310776;S
20241031;100000;97;1;11365310777;S
20241031;100000;97;17;11365310778;S
20241031;100000;97;10;11365310779;S
20241031;100000;97;1;11365310780;S
20241031;100000;97;5;11365310781;S
20241031;100000;97;10;11365310782;S
20241031;100000;97;10;11365310783;S
20241031;100000;97;2;11365310784;S
20241031;100000;97;1;11365310785;S
20241031;100000;97;5;11365310786;S
20241031;100000;97;10;11365310787;S
20241031;100000;97;1;11365310788;S
20241031;100000;97;21;11365310789;S
20241031;100000;97;300;11365310790;S
20241031;100000;97;10;11365310791;S
20241031;100000;97;10;11365310792;S
20241031;100000;97;1;11365310793;S
20241031;100000;97;3;11365310794;S
20241031;100000;97;1;11365310795;S
20241031;100000;97;5;11365310796;S
20241031;100000;97;56;11365310797;S
20241031;100000;97;500;11365310798;S
20241031;100000;97;50;11365310799;S
20241031;100000;97;1;11365310800;S
20241031;100000;97;2;11365310801;S
20241031;100000;97;2;11365310802;S
20241031;100000;97;4;11365310803;S
20241031;100000;97;2000;11365310804;S
20241031;100000;97;10;11365310805;S
20241031;100000;97;1025;11365310806;S
20241031;100000;97;1;11365310807;S
20241031;100000;97;50;11365310808;S
20241031;100000;97;1;11365310809;S
20241031;100000;97;16;11365310810;S
20241031;100000;97;2;11365310811;S
20241031;100000;97;10;11365310812;S
20241031;100000;97;2;11365310813;S
20241031;100000;97;5;11365310814;S
20241031;100000;97;5;11365310815;S
20241031;100000;97;10;11365310816;S
20241031;100000;97;1;11365310817;S
20241031;100000;97;222;11365310818;S
20241031;100000;97;1;11365310819;S
20241031;100000;97;50;11365310820;S
20241031;100000;97;1831;11365310821;S
20241031;100000;97.19;1543;11365310823;B
20241031;100000;97.19;355;11365310824;B
20241031;100000;97.2;10;11365310825;B
20241031;100000;97.2;224;11365310826;B
20241031;100000;97;7369;11365310827;S
20241031;100000;97;38;11365310828;S
20241031;100000;97;4;11365310829;S
20241031;100000;97;1;11365310830;S
20241031;100000;97;172;11365310831;S
20241031;100000;97;1;11365310832;S
20241031;100000;97;500;11365310833;S
20241031;100000;97;4915;11365310834;S
20241031;100000;97.17;10;11365310859;B
20241031;100001;97.01;1260;11365311242;S
20241031;100001;97.01;1226;11365311243;S
20241031;100001;97.01;1431;11365311244;S
20241031;100001;97.01;1431;11365311245;S
20241031;100001;97;5085;11365311246;S
20241031;100001;97;500;11365311247;S
20241031;100001;97;3;11365311248;S
20241031;100001;97;4;11365311249;S
20241031;100001;97;1;11365311250;S
20241031;100001;97;1500;11365311251;S
20241031;100001;97;10;11365311252;S
20241031;100001;97;650;11365311284;B
20241031;100001;97;6333;11365311287;B
20241031;100001;97;1545;11365311299;B
20241031;100001;97;765;11365311303;B
20241031;100001;96.99;10;11365311308;S
20241031;100001;96.98;1;11365311309;S
20241031;100001;96.96;300;11365311310;S
20241031;100001;96.95;100;11365311311;S
20241031;100001;96.93;1;11365311312;S
20241031;100001;96.91;100;11365311313;S
20241031;100001;96.91;2;11365311314;S
20241031;100001;96.9;10;11365311315;S
20241031;100001;96.9;1;11365311316;S
20241031;100001;96.9;1;11365311317;S
20241031;100001;96.9;474;11365311318;S
20241031;100001;97.16;200;11365311421;B
20241031;100001;97.18;1;11365311481;B
20241031;100001;97.17;110;11365311517;B
20241031;100001;97;4;11365311557;S
20241031;100001;97.05;1000;11365311967;S
20241031;100001;97.05;40;11365311968;S
20241031;100001;97.02;10;11365311969;S
20241031;100001;97;7;11365311970;S
20241031;100001;96.93;597;11365311971;S
20241031;100001;97.15;1000;11365311983;B
20241031;100002;97.05;78;11365312131;S
20241031;100002;96.97;222;11365312132;S
20241031;100002;97.07;200;11365312181;S
20241031;100002;97;55;11365312182;S
20241031;100002;96.99;700;11365312183;S
20241031;100002;97.16;400;11365312189;B
20241031;100002;97.16;113;11365312190;B
20241031;100002;97.14;400;11365312218;B
20241031;100002;97.15;600;11365312219;B
20241031;100002;97.12;400;11365312242;B
20241031;100002;97.12;850;11365312243;B
20241031;100002;97.13;8;11365312261;B
20241031;100002;97.11;110;11365312370;B
20241031;100002;97.01;16;11365312506;S
20241031;100002;97.13;12;11365312604;B
20241031;100002;97.13;2;11365312662;B
20241031;100002;97.07;20;11365312705;S
20241031;100002;97.13;20;11365312720;B
20241031;100003;97.13;1;11365312911;B
20241031;100003;97.13;20;11365312913;B
20241031;100003;97.07;69;11365312994;S
20241031;100003;97.07;200;11365313079;S
20241031;100003;97.13;55;11365313089;B
20241031;100003;97.07;14;11365313095;S
20241031;100003;97.07;100;11365313123;S
20241031;100003;97.13;180;11365313126;B
20241031;100003;97.13;1;11365313138;B
20241031;100003;97.13;1;11365313146;B
20241031;100003;97.13;30;11365313246;B
20241031;100003;97.03;81;11365313247;S
20241031;100003;97.1;1250;11365313263;B
20241031;100003;97.02;20;11365313264;S
20241031;100003;97.02;6;11365313265;S
20241031;100003;97.01;12;11365313266;S
20241031;100003;97.01;2044;11365313267;S
20241031;100003;97;343;11365313268;S
20241031;100003;97.08;26;11365313443;S
20241031;100003;97.04;127;11365313444;S
20241031;100003;97.01;1226;11365313475;S
20241031;100003;97;657;11365313476;S
20241031;100003;97;15;11365313477;S
20241031;100003;97;200;11365313478;S
20241031;100003;97;1;11365313479;S
20241031;100003;97;50;11365313480;S
20241031;100003;97;3;11365313481;S
20241031;100003;97;1;11365313482;S
20241031;100003;97;9;11365313483;S
20241031;100003;97;4;11365313484;S
20241031;100003;97;2;11365313485;S
20241031;100003;97;2;11365313486;S
20241031;100003;97;60;11365313487;S
20241031;100003;97;1;11365313488;S
20241031;100003;97;200;11365313489;S
20241031;100003;97;1;11365313490;S
20241031;100003;97;1;11365313491;S
20241031;100003;97;1;11365313492;S
20241031;100003;97;100;11365313493;S
20241031;100003;97;1;11365313494;S
20241031;100003;96.98;5;11365313495;S
20241031;100003;96.97;400;11365313496;S
20241031;100003;96.96;400;11365313497;S
20241031;100003;96.95;400;11365313498;S
20241031;100003;96.95;2044;11365313499;S
20241031;100003;96.94;400;11365313500;S
20241031;100003;96.94;4;11365313501;S
20241031;100003;96.94;250;11365313502;S
20241031;100003;96.93;62;11365313503;S
20241031;100004;97.07;14;11365313794;B
20241031;100005;97.07;1531;11365314439;B
20241031;100005;97.07;450;11365314452;B
20241031;100005;97.07;1095;11365314454;B
20241031;100005;97.08;50;11365314455;B
20241031;100005;97.08;250;11365314456;B
20241031;100005;97.08;150;11365314457;B
20241031;100005;97.04;30;11365314896;S
20241031;100005;97.02;626;11365314897;S
20241031;100005;97.01;9;11365314898;S
20241031;100005;97.01;335;11365314899;S
20241031;100005;97.09;1;11365314903;B
20241031;100005;97.08;1;11365314910;B
20241031;100005;97.01;8;11365315105;S
20241031;100005;97.15;5;11365315108;B
20241031;100005;97.01;9;11365315111;S
20241031;100005;97.1;100;11365315347;B
20241031;100005;97.1;300;11365315348;B
20241031;100005;97.1;700;11365315349;B
20241031;100005;97.1;845;11365315350;B
20241031;100005;97.1;155;11365315353;S
20241031;100005;97.1;500;11365315354;S
20241031;100005;97.1;317;11365315355;S
20241031;100005;97.1;683;11365315362;S
20241031;100005;97.1;500;11365315363;S
20241031;100005;97.1;362;11365315364;S
20241031;100005;97.1;138;11365315368;S
20241031;100005;97.1;262;11365315369;S
20241031;100005;97.11;100;11365315371;B
20241031;100005;97.11;300;11365315373;B
20241031;100005;97.11;200;11365315374;S
20241031;100005;97.11;500;11365315375;S
20241031;100005;97.1;1;11365315377;S
20241031;100005;97.11;500;11365315379;B
20241031;100005;97.11;345;11365315380;B
20241031;100005;97.11;155;11365315381;S
20241031;100005;97.11;200;11365315382;S
20241031;100005;97.11;45;11365315383;B
20241031;100005;97.12;100;11365315390;B
20241031;100005;97.13;1;11365315392;B
20241031;100005;97.13;100;11365315398;B
20241031;100005;97.13;100;11365315406;B
20241031;100005;97.19;100;11365315414;B
20241031;100005;97.18;4;11365315420;B
20241031;100005;97.18;400;11365315425;B
20241031;100005;97.18;500;11365315431;B
20241031;100005;97.18;500;11365315432;B
20241031;100005;97.18;141;11365315433;B
20241031;100005;97.18;359;11365315434;B
20241031;100005;97.18;41;11365315435;B
20241031;100005;97.18;459;11365315436;S
20241031;100005;97.18;700;11365315437;S
20241031;100005;97.18;386;11365315438;S
20241031;100005;97.19;455;11365315440;B
20241031;100005;97.18;1;11365315441;S
20241031;100005;97.19;400;11365315442;B
20241031;100005;97.19;100;11365315443;B
20241031;100005;97.2;100;11365315449;B
20241031;100005;97.19;100;11365315456;B
20241031;100005;97.19;1;11365315459;B
20241031;100005;97.19;100;11365315460;B
20241031;100005;97.19;100;11365315462;B
20241031;100005;97.19;100;11365315468;B
20241031;100005;97.19;100;11365315478;B
20241031;100005;97.18;113;11365315595;S
20241031;100005;97.18;500;11365315596;S
20241031;100005;97.18;100;11365315597;S
20241031;100005;97.18;300;11365315598;S
20241031;100005;97.18;500;11365315599;S
20241031;100005;97.18;500;11365315600;S
20241031;100005;97.18;237;11365315601;S
20241031;100005;97.18;500;11365315602;S
20241031;100005;97.18;500;11365315603;S
20241031;100005;97.18;750;11365315604;S
20241031;100005;97.19;100;11365315710;B
20241031;100005;97.19;100;11365315740;B
20241031;100005;97.19;100;11365315743;B
20241031;100005;97.18;1;11365315818;S
20241031;100005;97.19;100;11365315819;B
20241031;100005;97.18;10;11365315822;S
20241031;100005;97.19;100;11365315824;B
20241031;100005;97.19;1;11365315826;B
20241031;100005;97.19;100;11365315828;B
20241031;100006;97.18;239;11365315869;B
20241031;100006;97.18;100;11365315870;B
20241031;100006;97.19;100;11365315873;B
20241031;100006;97.19;1;11365315895;B
20241031;100006;97.19;100;11365315896;B
20241031;100006;97.19;199;11365316279;B
20241031;100006;97.19;1543;11365316280;B
20241031;100006;97.2;100;11365316299;B
20241031;100006;97.19;1;11365316307;S
20241031;100006;97.2;1;11365316309;B
20241031;100006;97.2;4;11365316310;B
20241031;100006;97.2;100;11365316311;B
20241031;100006;97.2;20;11365316328;B
20241031;100006;97.2;27;11365316422;B
20241031;100006;97.2;100;11365316424;B
20241031;100006;97.2;1;11365316432;B
20241031;100006;97.2;100;11365316433;B
20241031;100006;97.19;1;11365316437;S
20241031;100006;97.2;5;11365316439;B
20241031;100006;97.2;100;11365316440;B
20241031;100006;97.2;27;11365316443;B
20241031;100006;97.2;100;11365316445;B
20241031;100006;97.2;11;11365316448;B
20241031;100006;97.2;2;11365316453;B
20241031;100006;97.2;130;11365316490;B
20241031;100006;97.2;100;11365316492;B
20241031;100006;97.19;249;11365316503;S
20241031;100006;97.18;4;11365316504;S
20241031;100006;97.17;1168;11365316505;S
20241031;100006;97.15;1888;11365316506;S
20241031;100006;97.14;1226;11365316507;S
20241031;100006;97.11;300;11365316508;S
20241031;100006;97.1;165;11365316509;S
20241031;100006;97.19;200;11365316521;B
20241031;100006;97.16;1;11365316968;B
20241031;100006;97.1;8;11365316970;S
20241031;100006;97.16;100;11365316971;B
20241031;100006;97.16;1;11365316973;B
20241031;100006;97.16;100;11365316976;B
20241031;100006;97.16;11;11365316979;B
20241031;100006;97.16;100;11365316982;B
20241031;100006;97.1;1;11365316986;S
20241031;100006;97.16;1;11365316989;B
20241031;100006;97.16;86;11365316990;B
20241031;100006;97.17;14;11365316991;B
20241031;100006;97.16;100;11365317003;B
20241031;100006;97.16;100;11365317010;B
20241031;100006;97.1;89;11365317060;S
20241031;100006;97.16;100;11365317070;B
20241031;100006;97.16;100;11365317088;B
20241031;100006;97.16;100;11365317105;B
20241031;100006;97.16;100;11365317111;B
20241031;100006;97.16;100;11365317117;B
20241031;100006;97.1;2;11365317122;S
20241031;100006;97.16;1;11365317123;B
20241031;100006;97.16;11;11365317124;B
20241031;100006;97.16;88;11365317126;B
20241031;100006;97.17;12;11365317127;B
20241031;100006;97.16;100;11365317130;B
20241031;100007;97.16;100;11365317575;B
20241031;100007;97.16;1;11365317585;B
20241031;100007;97.16;1;11365317586;B
20241031;100007;97.16;100;11365317590;B
20241031;100007;97.1;71;11365317736;S
20241031;100007;97.16;98;11365317753;B
20241031;100007;97.16;2;11365317754;B
20241031;100007;97.15;100;11365317769;B
20241031;100007;97.15;100;11365317779;B
20241031;100007;97.1;1;11365317812;S
20241031;100007;97.15;2;11365317814;B
20241031;100007;97.1;2;11365317815;S
20241031;100007;97.15;100;11365317824;B
20241031;100007;97.15;98;11365317830;B
20241031;100007;97.15;2;11365317831;B
20241031;100007;97.15;100;11365317842;B
20241031;100007;97.14;100;11365317931;B
20241031;100007;97.14;100;11365317938;B
20241031;100007;97.14;100;11365317946;B
20241031;100007;97.13;100;11365317955;B
20241031;100007;97.13;1;11365318051;B
20241031;100007;97.11;100;11365318058;S
20241031;100007;97.13;100;11365318061;B
20241031;100007;97.13;100;11365318069;B
20241031;100007;97.11;8;11365318347;S
20241031;100007;97.1;661;11365318348;S
20241031;100007;97.1;331;11365318349;S
20241031;100007;97.1;3;11365318353;S
20241031;100007;97.13;99;11365318361;B
20241031;100007;97.14;1;11365318362;B
20241031;100007;97.1;1;11365318363;S
20241031;100007;97.1;1;11365318368;S
20241031;100007;97.13;5;11365318377;B
20241031;100007;97.1;3;11365318394;S
20241031;100007;97.13;16;11365318667;B
20241031;100007;97.13;2;11365318672;B
20241031;100007;97.13;1;11365318733;B
20241031;100007;97.13;1;11365318744;B
20241031;100007;97.1;1;11365318750;S
20241031;100007;97.13;2;11365318763;B
20241031;100007;97.13;10;11365318812;B
20241031;100007;97.13;1;11365318819;B
20241031;100007;97.13;11;11365318840;B
20241031;100007;97.13;1;11365318923;B
20241031;100007;97.1;1;11365318926;S
20241031;100007;97.1;11;11365318928;S
20241031;100007;97.13;11;11365318933;B
20241031;100007;97.13;32;11365319013;B
20241031;100007;97.1;10;11365319019;S
20241031;100007;97.13;1;11365319025;B
20241031;100007;97.13;1;11365319238;B
20241031;100007;97.1;638;11365319239;S
20241031;100007;97.1;300;11365319240;S
20241031;100007;97.1;700;11365319241;S
20241031;100007;97.1;600;11365319242;S
20241031;100007;97.1;300;11365319243;S
20241031;100007;97.05;100;11365319244;S
20241031;100007;97.05;100;11365319245;S
20241031;100007;97.04;500;11365319246;S
20241031;100007;97.01;400;11365319247;S
20241031;100007;97.01;1362;11365319248;S
20241031;100007;97.03;118;11365319298;S
20241031;100007;97.03;70;11365319305;S
20241031;100008;97.03;62;11365319496;S
20241031;100008;97.01;8;11365319497;S
20241031;100008;97.01;1;11365319535;S
20241031;100008;97.1;9;11365319537;B
20241031;100008;97.1;3;11365319544;B
20241031;100008;97.09;1;11365319548;B
20241031;100008;97.01;8;11365319553;S
20241031;100008;97.01;11;11365319561;S
20241031;100008;97.08;1;11365319607;B
20241031;100008;97.01;7;11365319613;S
20241031;100008;97.07;1;11365319740;B
20241031;100008;97.07;12;11365319741;B
20241031;100008;97.07;10;11365319742;B
20241031;100008;97.01;10;11365320122;S
20241031;100008;97.07;11;11365320135;B
20241031;100008;97.01;13;11365320165;S
20241031;100008;97.01;1;11365320166;S
20241031;100008;97.06;6;11365320336;B
20241031;100008;97.07;2220;11365320337;B
20241031;100008;97.09;400;11365320338;B
20241031;100008;97.1;374;11365320339;B
20241031;100008;97.09;100;11365320340;B
20241031;100008;97.1;100;11365320347;B
20241031;100008;97.09;100;11365320348;B
20241031;100008;97.11;100;11365320353;B
20241031;100008;97.1;100;11365320354;B
20241031;100008;97.1;100;11365320357;B
20241031;100008;97.1;100;11365320359;B
20241031;100008;97.1;100;11365320360;B
20241031;100008;97.1;100;11365320361;B
20241031;100008;97.1;100;11365320362;B
20241031;100008;97.1;100;11365320363;B
20241031;100008;97.1;100;11365320364;B
20241031;100008;97.1;98;11365320365;B
20241031;100008;97.11;2;11365320366;B
20241031;100008;97.11;100;11365320368;B
20241031;100008;97.11;100;11365320370;B
20241031;100008;97.11;98;11365320379;B
20241031;100008;97.12;2;11365320380;B
20241031;100008;97.11;100;11365320383;B
20241031;100009;97.11;100;11365320560;B
20241031;100009;97.11;100;11365320693;B
20241031;100009;97.11;1;11365320696;B
20241031;100009;97.11;99;11365320697;B
20241031;100009;97.12;1;11365320698;B
20241031;100009;97.11;100;11365320699;B
20241031;100009;97.02;123;11365320723;S
20241031;100009;97.02;877;11365320724;S
20241031;100009;97.11;100;11365320725;B
20241031;100009;97.11;100;11365320726;B
20241031;100009;97.11;100;11365320737;B
20241031;100009;97.11;100;11365320738;B
20241031;100009;97.11;100;11365320740;B
20241031;100009;97.11;200;11365320742;B
20241031;100009;97.12;397;11365320743;B
20241031;100009;97.12;118;11365320744;B
20241031;100009;97.13;305;11365320745;B
20241031;100009;97.14;400;11365320746;B
20241031;100009;97.15;400;11365320747;B
20241031;100009;97.15;195;11365320748;B
20241031;100009;97.15;400;11365320846;S
20241031;100010;97.16;1;11365321343;B
20241031;100010;97.1;240;11365321471;S
20241031;100010;97.07;1;11365321472;S
20241031;100010;97.07;400;11365321473;S
20241031;100010;97.06;400;11365321474;S
20241031;100010;97.06;2044;11365321475;S
20241031;100010;97.05;400;11365321476;S
20241031;100010;97.05;1463;11365321477;S
20241031;100010;97.04;400;11365321478;S
20241031;100010;97.03;400;11365321479;S
20241031;100010;97.02;400;11365321480;S
20241031;100010;97.01;500;11365321481;S
20241031;100010;97.01;400;11365321482;S
20241031;100010;97;300;11365321483;S
20241031;100010;97;1500;11365321484;S
20241031;100010;97;20;11365321485;S
20241031;100010;97;132;11365321486;S
20241031;100011;97.1;5;11365321668;B
20241031;100011;97.1;1500;11365321685;B
20241031;100011;97.15;100;11365321700;S
20241031;100011;97.08;100;11365321847;S
20241031;100011;97.08;5;11365321848;S
20241031;100011;97.05;895;11365321849;S
20241031;100012;97.05;400;11365322201;S
20241031;100012;97.09;5;11365322217;B
20241031;100014;97.05;100;11365322740;S
20241031;100014;97.05;40;11365322741;S
20241031;100014;97.04;1585;11365322742;S
20241031;100014;97.04;1226;11365322743;S
20241031;100014;97.04;2044;11365322744;S
20241031;100014;97.03;3486;11365322745;S
20241031;100014;97.03;400;11365322756;S
20241031;100014;97.06;100;11365322857;B
20241031;100014;97.06;1000;11365322877;B
20241031;100014;97.06;93;11365322881;B
20241031;100014;97.08;7;11365322882;B
20241031;100014;97.09;100;11365322885;B
20241031;100014;97.07;100;11365322886;B
20241031;100015;97.02;5;11365323156;S
20241031;100015;97.01;41;11365323157;S
20241031;100015;97;140;11365323158;S
20241031;100015;96.99;814;11365323159;S
20241031;100015;97.05;800;11365323217;S
20241031;100015;97.05;1;11365323224;B
20241031;100016;97.08;400;11365323653;S
20241031;100016;97.14;1896;11365323713;B
20241031;100016;97.14;100;11365323714;B
20241031;100016;97.15;1;11365323715;B
20241031;100016;97.19;132;11365323719;B
20241031;100016;97.2;1248;11365323721;B
20241031;100017;97.22;226;11365323939;S
20241031;100017;97.22;500;11365324018;S
20241031;100017;97.23;1;11365324067;B
20241031;100017;97.24;49;11365324068;B
20241031;100017;97.22;110;11365324113;S
20241031;100017;97.21;50;11365324114;S
20241031;100017;97.19;110;11365324115;S
20241031;100017;97.18;1226;11365324116;S
20241031;100017;97.17;400;11365324117;S
20241031;100017;97.16;400;11365324118;S
20241031;100017;97.16;114;11365324119;S
20241031;100017;97.15;85;11365324120;S
20241031;100018;97.16;1226;11365324441;S
20241031;100018;97.15;300;11365324442;S
20241031;100018;97.14;2044;11365324443;S
20241031;100018;97.14;400;11365324444;S
20241031;100018;97.13;400;11365324445;S
20241031;100018;97.13;265;11365324446;S
20241031;100018;97.12;400;11365324447;S
20241031;100018;97.12;1543;11365324448;S
20241031;100018;97.12;250;11365324449;S
20241031;100018;97.11;400;11365324450;S
20241031;100018;97.1;400;11365324451;S
20241031;100018;97.09;400;11365324452;S
20241031;100018;97.08;400;11365324453;S
20241031;100018;97.08;5000;11365324454;S
20241031;100018;97.07;400;11365324455;S
20241031;100018;97.06;400;11365324456;S
20241031;100018;97.05;5000;11365324457;S
20241031;100018;97.05;400;11365324458;S
20241031;100018;96.96;5;11365324459;S
20241031;100018;96.95;500;11365324460;S
20241031;100018;96.95;208;11365324461;S
20241031;100018;96.94;5659;11365324462;S
20241031;100018;97.15;400;11365324466;B
20241031;100018;97.15;400;11365324467;B
20241031;100018;97.15;400;11365324468;B
20241031;100018;97.13;400;11365324469;B
20241031;100018;97.14;300;11365324470;B
20241031;100018;97.13;1700;11365324471;B
20241031;100018;97.14;300;11365324472;B
20241031;100018;97.12;700;11365324473;B
20241031;100018;97.12;200;11365324474;B
20241031;100018;97.12;1;11365324480;B
20241031;100018;97.12;1961;11365324522;B
20241031;100018;97.2;479;11365324635;S
20241031;100019;97.2;400;11365324762;B
20241031;100019;97.21;2262;11365324763;B
20241031;100019;97.21;400;11365324764;B
20241031;100019;97.21;1544;11365324765;B
20241031;100019;97.22;394;11365324766;B
20241031;100019;97.16;1000;11365324777;S
20241031;100020;97.23;1;11365324917;B
20241031;100020;97.17;11;11365324951;S
20241031;100020;97.18;50;11365325081;S
20241031;100021;97.19;1;11365325546;B
20241031;100022;97.12;566;11365325960;S
20241031;100022;97.09;233;11365325961;S
20241031;100023;97.07;701;11365326435;S
20241031;100023;97.06;1798;11365326436;S
20241031;100024;97.11;50;11365326717;B
20241031;100024;97.13;1886;11365326718;B
20241031;100024;97.13;136;11365326719;B
20241031;100024;97.14;314;11365326720;B
20241031;100024;97.14;214;11365326721;B
20241031;100024;97.14;2400;11365326722;S
20241031;100024;97.06;754;11365326745;S
20241031;100024;97.05;2044;11365326746;S
20241031;100024;97.05;136;11365326747;S
20241031;100024;97.04;1545;11365326748;S
20241031;100024;97.03;400;11365326749;S
20241031;100024;97.02;400;11365326750;S
20241031;100024;97.01;400;11365326751;S
20241031;100024;97.01;30;11365326752;S
20241031;100024;97;400;11365326753;S
20241031;100024;97;3891;11365326755;B
20241031;100024;97.11;1;11365326866;B
20241031;100025;97.02;707;11365327229;S
20241031;100025;97.01;293;11365327230;S
20241031;100025;97.07;40;11365327301;B
20241031;100026;97.07;1;11365327570;B
20241031;100026;97.01;1029;11365327654;S
20241031;100026;97.07;1757;11365327655;B
20241031;100026;97.07;1143;11365327656;B
20241031;100026;97.07;83;11365327657;B
20241031;100026;97.07;400;11365327658;B
20241031;100026;97.07;2117;11365327659;B
20241031;100028;97.04;10;11365328238;S
20241031;100028;97.11;1;11365328278;B
20241031;100028;97.09;20;11365328463;S
20241031;100029;97.09;30;11365328585;S
20241031;100029;97.04;126;11365328586;S
20241031;100029;97.04;94;11365328587;S
20241031;100029;97.03;50;11365328588;S
20241031;100029;97.03;499;11365328589;S
20241031;100029;97.09;1;11365328614;B
20241031;100030;97.03;100;11365328780;S
20241031;100030;97.08;500;11365328783;B
20241031;100030;97.04;1000;11365328791;B
20241031;100030;97.08;400;11365328792;B
20241031;100030;97.09;400;11365328793;B
20241031;100030;97.1;400;11365328794;B
20241031;100030;97.1;800;11365328795;B
20241031;100030;97.03;331;11365328799;S
20241031;100030;97.03;136;11365328800;S
20241031;100030;97.02;33;11365328801;S
20241031;100030;97.07;700;11365328806;B
20241031;100030;97.09;2027;11365328807;B
20241031;100030;97.1;273;11365328808;S
20241031;100030;97.12;400;11365328989;B
20241031;100030;97.12;1544;11365328990;B
20241031;100030;97.13;500;11365328991;B
20241031;100030;97.13;400;11365328992;B
20241031;100030;97.13;136;11365328993;B
20241031;100030;97.14;400;11365328994;B
20241031;100030;97.15;400;11365328995;B
20241031;100030;97.15;1220;11365328996;B
20241031;100030;97.14;400;11365329000;B
20241031;100030;97.14;1544;11365329001;B
20241031;100030;97.15;1056;11365329002;B
20241031;100031;97.15;7724;11365329179;B
20241031;100031;97.15;250;11365329180;B
20241031;100031;97.16;5;11365329183;B
20241031;100031;97.18;20;11365329187;B
20241031;100031;97.15;1226;11365329190;S
20241031;100031;97.14;136;11365329191;S
20241031;100031;97.14;697;11365329192;S
20241031;100031;97.21;136;11365329206;B
20241031;100031;97.21;164;11365329207;B
20241031;100031;97.21;136;11365329282;B
20241031;100031;97.22;1543;11365329283;B
20241031;100031;97.24;321;11365329284;B
20241031;100031;97.23;1;11365329346;B
20241031;100032;97.22;40;11365329491;B
20241031;100032;97.22;136;11365329492;B
20241031;100032;97.23;1542;11365329493;B
20241031;100032;97.24;730;11365329494;B
20241031;100032;97.24;400;11365329495;B
20241031;100032;97.25;152;11365329496;B
20241031;100033;97.22;5;11365329692;S
20241031;100034;97.21;1;11365329800;S
20241031;100034;97.23;1;11365329874;B
20241031;100034;97.21;3000;11365329946;S
20241031;100035;97.2;1;11365330091;S
20241031;100035;97.19;1;11365330092;S
20241031;100035;97.17;1;11365330093;S
20241031;100035;97.16;147;11365330094;S
20241031;100035;97.22;5;11365330178;B
20241031;100037;97.21;40;11365330732;B
20241031;100037;97.22;10;11365330733;B
20241031;100037;97.23;39;11365330734;B
20241031;100037;97.23;830;11365330735;B
20241031;100037;97.23;81;11365330736;B
20241031;100037;97.25;248;11365330740;B
20241031;100037;97.25;5;11365330741;B
20241031;100037;97.25;136;11365330742;B
20241031;100037;97.26;1;11365330743;B
20241031;100037;97.26;118;11365330744;B
20241031;100038;97.18;1;11365330920;S
20241031;100038;97.18;119;11365330921;S
20241031;100038;97.17;2862;11365330922;S
20241031;100038;97.17;136;11365330923;S
20241031;100038;97.17;1226;11365330924;S
20241031;100038;97.17;50;11365330929;B
20241031;100038;97.17;2406;11365331037;B
20241031;100038;97.18;136;11365331038;B
20241031;100038;97.21;7;11365331039;B
20241031;100038;97.23;400;11365331040;B
20241031;100038;97.24;51;11365331041;B
20241031;100039;97.21;5;11365331172;S
20241031;100039;97.17;275;11365331173;S
20241031;100039;97.16;100;11365331202;S
20241031;100039;97.22;585;11365331247;B
20241031;100039;97.17;200;11365331309;S
20241031;100039;97.17;433;11365331451;S
20241031;100039;97.16;1567;11365331452;S
20241031;100040;97.23;1;11365331471;B
20241031;100040;97.22;7;11365331671;B
20241031;100042;97.16;10;11365332508;S
20241031;100042;97.22;3;11365332589;B
20241031;100042;97.22;136;11365332590;B
20241031;100042;97.24;660;11365332591;B
20241031;100042;97.22;150;11365332655;B
20241031;100042;97.23;50;11365332656;B
20241031;100043;97.22;89;11365332760;B
20241031;100043;97.22;61;11365332794;B
20241031;100043;97.24;1617;11365332795;B
20241031;100043;97.24;136;11365332796;B
20241031;100043;97.24;499;11365332797;B
20241031;100043;97.25;2687;11365332798;B
20241031;100043;97.18;136;11365332855;S
20241031;100043;97.17;156;11365332856;S
20241031;100043;97.16;929;11365332857;S
20241031;100044;97.25;7313;11365333108;B
20241031;100044;97.25;502;11365333109;B
20241031;100044;97.26;90;11365333111;B
20241031;100044;97.27;5000;11365333112;B
20241031;100044;97.27;50;11365333113;B
20241031;100044;97.29;50;11365333114;B
20241031;100044;97.29;50;11365333115;B
20241031;100044;97.3;2000;11365333119;B
20241031;100044;97.3;50;11365333120;B
20241031;100044;97.3;1000;11365333121;B
20241031;100044;97.34;400;11365333123;B
20241031;100044;97.31;100;11365333207;S
20241031;100045;97.34;1;11365333395;B
20241031;100045;97.34;5;11365333424;B
20241031;100045;97.34;5;11365333440;B
20241031;100045;97.34;5;11365333505;B
20241031;100046;97.34;7;11365333579;B
20241031;100046;97.33;78;11365333584;S
20241031;100047;97.33;100;11365334598;S
20241031;100047;97.34;1;11365334652;B
20241031;100048;97.33;136;11365334820;B
20241031;100048;97.34;576;11365334821;B
20241031;100048;97.34;21;11365334822;B
20241031;100048;97.36;400;11365334823;B
20241031;100048;97.37;400;11365334824;B
20241031;100048;97.38;400;11365334825;B
20241031;100048;97.39;10;11365334826;B
20241031;100048;97.39;50;11365334827;B
20241031;100048;97.39;400;11365334828;B
20241031;100048;97.4;10;11365334829;B
20241031;100048;97.4;500;11365334830;B
20241031;100048;97.4;400;11365334831;B
20241031;100048;97.4;1500;11365334832;B
20241031;100048;97.41;400;11365334833;B
20241031;100048;97.41;208;11365334834;B
20241031;100048;97.42;400;11365334835;B
20241031;100048;97.43;400;11365334836;B
20241031;100048;97.44;400;11365334837;B
20241031;100048;97.45;10;11365334838;B
20241031;100048;97.45;400;11365334839;B
20241031;100048;97.45;139;11365334840;B
20241031;100048;97.46;18;11365334841;B
20241031;100048;97.47;2;11365334842;B
20241031;100048;97.47;1226;11365334843;B
20241031;100048;97.48;5600;11365334844;B
20241031;100048;97.49;2000;11365334845;B
20241031;100048;97.49;50;11365334846;B
20241031;100048;97.5;10;11365334847;B
20241031;100048;97.5;5000;11365334848;B
20241031;100048;97.5;2000;11365334849;B
20241031;100048;97.5;500;11365334850;B
20241031;100048;97.5;5;11365334851;B
20241031;100048;97.5;1;11365334852;B
20241031;100048;97.5;5;11365334853;B
20241031;100048;97.51;600;11365334854;B
20241031;100048;97.54;1;11365334855;B
20241031;100048;97.54;100;11365334856;B
20241031;100048;97.55;100;11365334857;B
20241031;100048;97.55;100;11365334858;B
20241031;100048;97.55;100;11365334859;B
20241031;100048;97.55;7;11365334860;B
20241031;100048;97.55;3000;11365334861;B
20241031;100048;97.56;45;11365334862;B
20241031;100048;97.57;154;11365334863;B
20241031;100048;97.59;550;11365334864;B
20241031;100048;97.6;5;11365334865;B
20241031;100048;97.6;1661;11365334866;B
20241031;100048;97.48;244;11365334874;S
20241031;100048;97.48;56;11365334875;S
20241031;100048;97.48;2700;11365334878;S
20241031;100048;97.46;58;11365334879;S
20241031;100048;97.43;500;11365334917;S
20241031;100049;97.46;50;11365335494;B
20241031;100050;97.49;36;11365335698;B
20241031;100050;97.51;1226;11365335699;B
20241031;100050;97.52;400;11365335700;B
20241031;100050;97.53;400;11365335701;B
20241031;100050;97.54;400;11365335702;B
20241031;100050;97.55;400;11365335703;B
20241031;100050;97.56;400;11365335704;B
20241031;100050;97.57;400;11365335705;B
20241031;100050;97.57;136;11365335706;B
20241031;100050;97.58;400;11365335707;B
20241031;100050;97.59;400;11365335708;B
20241031;100050;97.59;2044;11365335709;B
20241031;100050;97.6;18092;11365335710;B
20241031;100050;97.59;1226;11365335712;B
20241031;100050;97.59;400;11365335713;B
20241031;100050;97.6;3487;11365335714;B
20241031;100051;97.52;50;11365336065;B
20241031;100051;97.53;1;11365336066;B
20241031;100051;97.51;50;11365336088;S
20241031;100052;97.5;5;11365336248;B
20241031;100052;97.5;974;11365336254;B
20241031;100052;97.56;10;11365336255;B
20241031;100052;97.56;136;11365336256;B
20241031;100052;97.56;1780;11365336257;B
20241031;100052;97.57;700;11365336259;B
20241031;100052;97.57;1300;11365336260;B
20241031;100053;97.5;130;11365336631;B
20241031;100053;97.46;1;11365336650;S
20241031;100053;97.45;150;11365336651;S
20241031;100053;97.44;400;11365336652;S
20241031;100053;97.44;136;11365336653;S
20241031;100053;97.43;400;11365336654;S
20241031;100053;97.43;250;11365336655;S
20241031;100053;97.42;400;11365336656;S
20241031;100053;97.42;314;11365336657;S
20241031;100053;97.41;400;11365336658;S
20241031;100053;97.4;400;11365336659;S
20241031;100053;97.4;2149;11365336660;S
20241031;100054;97.49;50;11365336873;B
20241031;100054;97.48;10;11365336923;S
20241031;100054;97.44;90;11365336924;S
20241031;100055;97.47;1;11365337057;B
20241031;100055;97.5;1;11365337071;B
20241031;100055;97.44;841;11365337159;S
20241031;100055;97.44;136;11365337160;S
20241031;100055;97.41;400;11365337161;S
20241031;100055;97.41;1462;11365337162;S
20241031;100055;97.4;400;11365337163;S
20241031;100055;97.4;2862;11365337164;S
20241031;100055;97.39;400;11365337165;S
20241031;100055;97.39;12;11365337166;S
20241031;100055;97.39;3000;11365337167;S
20241031;100055;97.38;400;11365337168;S
20241031;100055;97.37;87;11365337169;S
20241031;100057;97.38;5;11365337627;S
20241031;100057;97.34;195;11365337628;S
20241031;100057;97.32;2;11365337732;S
20241031;100057;97.32;400;11365337733;S
20241031;100057;97.32;136;11365337734;S
20241031;100057;97.31;400;11365337735;S
20241031;100057;97.3;400;11365337736;S
20241031;100057;97.3;24;11365337737;S
20241031;100057;97.3;138;11365337738;S
20241031;100059;97.29;136;11365338060;S
20241031;100059;97.28;400;11365338061;S
20241031;100059;97.28;2724;11365338062;S
20241031;100059;97.27;400;11365338063;S
20241031;100059;97.27;340;11365338064;S
20241031;100059;97.35;1;11365338150;B
20241031;100059;97.35;2;11365338165;B
20241031;100059;97.35;1;11365338166;B
20241031;100059;97.36;1;11365338167;B
20241031;100059;97.36;273;11365338168;B
20241031;100100;97.35;3;11365338469;B
20241031;100100;97.35;1226;11365338470;B
20241031;100100;97.35;136;11365338471;B
20241031;100100;97.28;10;11365338633;S
20241031;100101;97.37;400;11365338748;B
20241031;100101;97.37;250;11365338749;B
20241031;100101;97.37;400;11365338750;B
20241031;100101;97.38;1;11365338752;B
20241031;100101;97.31;50;11365339007;S
20241031;100101;97.3;50;11365339008;S
20241031;100101;97.39;1;11365339010;B
20241031;100101;97.39;400;11365339011;B
20241031;100101;97.4;400;11365339012;B
20241031;100101;97.41;400;11365339046;B
20241031;100101;97.41;37;11365339047;B
20241031;100101;97.42;10;11365339048;B
20241031;100101;97.42;1;11365339049;B
20241031;100101;97.42;1;11365339050;B
20241031;100101;97.42;1;11365339051;B
20241031;100101;97.42;400;11365339052;B
20241031;100101;97.42;1;11365339053;B
20241031;100101;97.42;655;11365339054;B
20241031;100101;97.41;36;11365339057;B
20241031;100101;97.4;933;11365339061;B
20241031;100101;97.4;1274;11365339062;B
20241031;100102;97.38;136;11365339289;S
20241031;100102;97.35;989;11365339290;S
20241031;100102;97.38;100;11365339428;S
20241031;100102;97.38;136;11365339429;S
20241031;100102;97.37;500;11365339430;S
20241031;100102;97.35;264;11365339431;S
20241031;100102;97.36;136;11365339463;S
20241031;100102;97.34;50;11365339464;S
20241031;100102;97.34;400;11365339465;S
20241031;100102;97.34;114;11365339466;S
20241031;100103;97.4;870;11365339696;S
20241031;100103;97.38;136;11365339697;S
20241031;100103;97.35;994;11365339698;S
20241031;100103;97.44;1;11365339739;B
20241031;100103;97.46;12;11365339740;B
20241031;100103;97.46;8;11365339741;B
20241031;100103;97.39;10;11365339796;S
20241031;100104;97.41;136;11365340074;S
20241031;100104;97.4;50;11365340075;S
20241031;100104;97.4;500;11365340076;S
20241031;100104;97.37;1348;11365340077;S
20241031;100105;97.4;500;11365340338;S
20241031;100105;97.38;500;11365340339;S
20241031;100105;97.45;1;11365340450;B
20241031;100107;97.43;1;11365340961;B
20241031;100107;97.4;10;11365340999;S
20241031;100107;97.4;2990;11365341000;B
20241031;100108;97.47;2451;11365341105;B
20241031;100108;97.47;136;11365341106;B
20241031;100108;97.48;1;11365341107;B
20241031;100108;97.48;400;11365341108;B
20241031;100108;97.48;12;11365341109;B
20241031;100108;97.42;136;11365341213;S
20241031;100108;97.4;2862;11365341214;S
20241031;100108;97.39;400;11365341215;S
20241031;100108;97.39;12;11365341216;S
20241031;100108;97.39;50;11365341217;S
20241031;100108;97.39;250;11365341218;S
20241031;100108;97.38;400;11365341219;S
20241031;100108;97.37;400;11365341220;S
20241031;100108;97.36;400;11365341221;S
20241031;100108;97.36;90;11365341222;S
20241031;100108;97.37;1;11365341367;S
20241031;100108;97.44;1;11365341378;B
20241031;100108;97.47;136;11365341379;B
20241031;100108;97.47;250;11365341380;B
20241031;100108;97.47;50;11365341381;B
20241031;100108;97.48;263;11365341382;B
20241031;100109;97.4;2000;11365341403;B
20241031;100110;97.4;136;11365341611;S
20241031;100110;97.38;164;11365341612;S
20241031;100110;97.44;1;11365341743;B
20241031;100111;97.43;40;11365341919;B
20241031;100111;97.45;1;11365341974;B
20241031;100111;97.4;136;11365342041;S
20241031;100111;97.39;50;11365342042;S
20241031;100111;97.38;814;11365342043;S
20241031;100112;97.39;10;11365342234;S
20241031;100112;97.39;1;11365342278;S
20241031;100112;97.44;26;11365342295;B
20241031;100112;97.45;1;11365342296;B
20241031;100112;97.46;1;11365342297;B
20241031;100112;97.46;1;11365342298;B
20241031;100112;97.46;1;11365342299;B
20241031;100112;97.46;1;11365342300;B
20241031;100112;97.47;1;11365342301;B
20241031;100112;97.47;35;11365342302;B
20241031;100112;97.47;26;11365342303;B
20241031;100113;97.48;7;11365342442;B
20241031;100113;97.48;42;11365342539;B
20241031;100114;97.44;1;11365342738;B
20241031;100114;97.4;10;11365342845;S
20241031;100115;97.4;126;11365343043;S
20241031;100115;97.4;374;11365343044;S
20241031;100115;97.4;512;11365343052;S
20241031;100116;97.4;14;11365343133;S
20241031;100116;97.4;500;11365343134;S
20241031;100116;97.39;136;11365343135;S
20241031;100116;97.38;350;11365343137;B
20241031;100116;97.45;1;11365343171;B
20241031;100116;97.39;150;11365343212;S
20241031;100116;97.39;136;11365343213;S
20241031;100116;97.37;5;11365343214;S
20241031;100116;97.36;400;11365343215;S
20241031;100116;97.36;2044;11365343216;S
20241031;100116;97.36;49;11365343217;S
20241031;100116;97.36;263;11365343218;S
20241031;100116;97.35;1506;11365343219;S
20241031;100116;97.35;400;11365343220;S
20241031;100116;97.35;10;11365343221;S
20241031;100116;97.34;400;11365343222;S
20241031;100116;97.34;50;11365343223;S
20241031;100116;97.34;1539;11365343224;S
20241031;100116;97.34;5;11365343225;S
20241031;100116;97.33;400;11365343226;S
20241031;100116;97.32;400;11365343227;S
20241031;100116;97.31;400;11365343228;S
20241031;100116;97.31;315;11365343229;S
20241031;100116;97.31;1528;11365343230;S
20241031;100117;97.38;1;11365343450;S
20241031;100118;97.38;14;11365343577;S
20241031;100118;97.36;1;11365343578;S
20241031;100118;97.36;18;11365343686;S
20241031;100118;97.32;136;11365343687;S
20241031;100118;97.32;2044;11365343688;S
20241031;100118;97.31;1539;11365343689;S
20241031;100118;97.31;250;11365343690;S
20241031;100118;97.3;2420;11365343691;S
20241031;100118;97.3;10;11365343692;S
20241031;100118;97.29;5;11365343693;S
20241031;100118;97.29;400;11365343694;S
20241031;100118;97.28;400;11365343695;S
20241031;100118;97.28;10;11365343696;S
20241031;100118;97.27;50;11365343697;S
20241031;100118;97.27;400;11365343698;S
20241031;100118;97.26;400;11365343699;S
20241031;100118;97.26;1500;11365343700;S
20241031;100118;97.25;418;11365343701;S
20241031;100118;97.38;2862;11365343877;B
20241031;100118;97.38;400;11365343878;B
20241031;100118;97.39;3000;11365343879;B
20241031;100118;97.39;400;11365343880;B
20241031;100118;97.4;400;11365343881;B
20241031;100118;97.41;400;11365343882;B
20241031;100118;97.42;400;11365343884;B
20241031;100118;97.42;250;11365343885;B
20241031;100118;97.4;400;11365343933;B
20241031;100119;97.37;10;11365344030;S
20241031;100119;97.43;1;11365344107;B
20241031;100120;97.37;126;11365344388;S
20241031;100120;97.35;131;11365344389;S
20241031;100121;97.42;50;11365344725;B
20241031;100121;97.44;400;11365344729;B
20241031;100121;97.45;99;11365344730;B
20241031;100121;97.45;280;11365344731;B
20241031;100121;97.45;120;11365344732;B
20241031;100121;97.45;200;11365344733;B
20241031;100121;97.45;2462;11365344734;B
20241031;100121;97.44;400;11365344737;B
20241031;100121;97.45;400;11365344738;B
20241031;100121;97.46;400;11365344739;B
20241031;100121;97.46;1140;11365344740;B
20241031;100121;97.47;1;11365344748;B
20241031;100121;97.47;400;11365344749;B
20241031;100121;97.47;2;11365344750;B
20241031;100122;97.48;15;11365344840;B
20241031;100122;97.48;485;11365344841;B
20241031;100122;97.4;50;11365344967;S
20241031;100122;97.48;1;11365345027;B
20241031;100123;97.48;1;11365345231;B
20241031;100123;97.49;1500;11365345232;B
20241031;100123;97.49;1;11365345233;B
20241031;100123;97.5;869;11365345234;B
20241031;100123;97.5;100;11365345235;B
20241031;100123;97.5;289;11365345236;B
20241031;100123;97.5;105;11365345237;B
20241031;100123;97.47;50;11365345322;B
20241031;100123;97.45;50;11365345446;S
20241031;100124;97.49;2;11365345805;B
20241031;100124;97.5;1998;11365345806;B
20241031;100124;97.5;2608;11365345807;B
20241031;100124;97.5;100;11365345808;B
20241031;100124;97.51;1;11365345809;B
20241031;100124;97.52;210;11365345810;B
20241031;100124;97.54;1;11365345826;B
20241031;100124;97.54;149;11365345827;B
20241031;100124;97.55;1411;11365345857;B
20241031;100124;97.56;1;11365345858;B
20241031;100124;97.56;400;11365345859;B
20241031;100124;97.56;188;11365345860;B
20241031;100125;97.57;1000;11365346063;B
20241031;100125;97.57;400;11365346064;B
20241031;100125;97.58;400;11365346065;B
20241031;100125;97.59;2;11365346066;B
20241031;100125;97.59;1;11365346067;B
20241031;100125;97.59;126;11365346068;B
20241031;100125;97.59;2;11365346122;B
20241031;100125;97.6;10000;11365346178;B
20241031;100125;97.6;50;11365346189;B
20241031;100125;97.6;800;11365346190;B
20241031;100125;97.6;250;11365346191;B
20241031;100125;97.6;8;11365346192;B
20241031;100126;97.6;150;11365346408;B
20241031;100126;97.6;20;11365346419;B
20241031;100126;97.6;5482;11365346462;B
20241031;100126;97.6;1;11365346463;B
20241031;100126;97.6;500;11365346464;B
20241031;100126;97.6;25;11365346465;B
20241031;100126;97.6;89;11365346466;B
20241031;100126;97.6;118;11365346467;B
20241031;100126;97.6;100;11365346468;B
20241031;100126;97.6;1000;11365346469;B
20241031;100126;97.6;2000;11365346470;B
20241031;100126;97.63;220;11365346471;B
20241031;100126;97.63;166;11365346472;B
20241031;100126;97.63;166;11365346473;B
20241031;100126;97.64;133;11365346474;B
20241031;100126;97.59;2;11365346485;B
20241031;100126;97.58;9;11365346507;S
20241031;100126;97.65;2000;11365346526;B
20241031;100126;97.65;100;11365346527;B
20241031;100126;97.65;1900;11365346528;B
20241031;100126;97.65;100;11365346540;B
20241031;100127;97.67;84;11365346741;B
20241031;100127;97.66;2;11365346745;B
20241031;100127;97.67;16;11365346764;B
20241031;100127;97.67;100;11365346765;B
20241031;100127;97.69;34;11365346766;B
20241031;100127;97.69;1125;11365346770;B
20241031;100128;97.68;2;11365347138;B
20241031;100128;97.69;341;11365347139;B
20241031;100128;97.7;25;11365347140;B
20241031;100128;97.7;500;11365347141;B
20241031;100128;97.7;3;11365347142;B
20241031;100128;97.7;100;11365347143;B
20241031;100128;97.72;1000;11365347144;B
20241031;100128;97.67;30;11365347197;S
20241031;100129;97.67;1;11365347248;S
20241031;100129;97.64;1;11365347352;S
20241031;100129;97.64;50;11365347353;S
20241031;100129;97.64;136;11365347354;S
20241031;100129;97.63;325;11365347355;S
20241031;100130;97.68;2;11365347742;B
20241031;100130;97.69;100;11365347791;B
20241031;100130;97.74;2;11365347792;B
20241031;100130;97.75;2;11365347793;B
20241031;100130;97.75;93;11365347794;B
20241031;100130;97.75;3;11365347795;B
20241031;100132;97.74;30;11365348177;B
20241031;100132;97.74;50;11365348178;B
20241031;100132;97.75;90;11365348179;B
20241031;100132;97.76;2;11365348180;B
20241031;100132;97.76;400;11365348181;B
20241031;100132;97.77;2;11365348182;B
20241031;100132;97.77;1;11365348183;B
20241031;100132;97.77;400;11365348184;B
20241031;100132;97.77;25;11365348185;B
20241031;100134;97.71;30;11365349081;S
20241031;100134;97.65;4;11365349083;S
20241031;100135;97.64;66;11365349230;S
20241031;100135;97.66;50;11365349358;B
20241031;100135;97.69;20;11365349359;B
20241031;100135;97.7;40;11365349360;B
20241031;100135;97.71;50;11365349361;B
20241031;100135;97.73;50;11365349362;B
20241031;100135;97.74;20;11365349363;B
20241031;100135;97.74;895;11365349364;B
20241031;100135;97.64;136;11365349416;S
20241031;100135;97.63;2044;11365349417;S
20241031;100135;97.63;400;11365349418;S
20241031;100135;97.62;420;11365349419;S
20241031;100136;97.64;1;11365349655;S
20241031;100136;97.63;136;11365349656;S
20241031;100136;97.62;321;11365349657;S
20241031;100137;97.7;45;11365349753;B
20241031;100138;97.7;955;11365350084;B
20241031;100138;97.71;10;11365350085;B
20241031;100138;97.73;1035;11365350086;B
20241031;100138;97.68;7;11365350174;B
20241031;100139;97.61;400;11365350413;S
20241031;100139;97.61;136;11365350414;S
20241031;100139;97.64;8;11365350437;B
20241031;100140;97.61;400;11365350561;S
20241031;100140;97.61;400;11365351272;S
20241031;100140;97.61;100;11365351273;S
20241031;100140;97.6;400;11365351303;S
20241031;100140;97.6;100;11365351304;S
20241031;100140;97.59;400;11365351305;S
20241031;100140;97.58;400;11365351306;S
20241031;100140;97.57;400;11365351307;S
20241031;100140;97.56;400;11365351308;S
20241031;100140;97.55;400;11365351309;S
20241031;100140;97.54;400;11365351310;S
20241031;100140;97.54;136;11365351311;S
20241031;100140;97.53;400;11365351312;S
20241031;100140;97.53;250;11365351313;S
20241031;100140;97.52;400;11365351314;S
20241031;100140;97.51;400;11365351315;S
20241031;100140;97.5;781;11365351316;S
20241031;100141;97.58;136;11365351481;B
20241031;100141;97.61;229;11365351482;B
20241031;100141;97.59;1;11365351498;B
20241031;100142;97.57;20;11365351643;B
20241031;100142;97.6;79;11365351644;B
20241031;100143;97.51;100;11365351944;S
20241031;100143;97.58;3;11365351964;B
20241031;100144;97.58;1;11365352067;B
20241031;100144;97.58;6;11365352100;B
20241031;100144;97.59;2;11365352101;B
20241031;100144;97.59;6;11365352102;B
20241031;100144;97.59;50;11365352103;B
20241031;100144;97.6;36;11365352104;B
20241031;100145;97.51;136;11365352503;S
20241031;100145;97.49;264;11365352504;S
20241031;100146;97.51;136;11365352709;S
20241031;100146;97.49;2178;11365352710;S
20241031;100146;97.48;400;11365352711;S
20241031;100146;97.47;160;11365352712;S
20241031;100146;97.47;350;11365352713;S
20241031;100147;97.57;10;11365353004;B
20241031;100147;97.57;1226;11365353005;B
20241031;100147;97.57;282;11365353006;B
20241031;100147;97.57;680;11365353007;B
20241031;100147;97.57;1;11365353304;B
20241031;100147;97.57;1;11365353316;B
20241031;100147;97.5;136;11365353362;S
20241031;100147;97.49;50;11365353363;S
20241031;100147;97.48;229;11365353364;S
20241031;100147;97.48;85;11365353365;S
20241031;100147;97.57;982;11365353366;B
20241031;100147;97.57;118;11365353367;B
20241031;100147;97.57;13;11365353368;B
20241031;100148;97.51;10;11365353441;B
20241031;100148;97.5;136;11365353444;S
20241031;100148;97.47;400;11365353445;S
20241031;100148;97.47;1537;11365353446;S
20241031;100148;97.46;400;11365353447;S
20241031;100148;97.45;400;11365353448;S
20241031;100148;97.44;400;11365353449;S
20241031;100148;97.44;5;11365353450;S
20241031;100148;97.43;2;11365353451;S
20241031;100148;97.43;400;11365353452;S
20241031;100148;97.42;15;11365353453;S
20241031;100148;97.42;400;11365353454;S
20241031;100148;97.41;100;11365353455;S
20241031;100148;97.41;400;11365353456;S
20241031;100148;97.4;5;11365353457;S
20241031;100148;97.4;300;11365353458;S
20241031;100148;97.4;100;11365353459;S
20241031;100148;97.51;500;11365353590;B
20241031;100148;97.54;5;11365353632;B
20241031;100149;97.46;877;11365353891;S
20241031;100149;97.46;3000;11365353892;S
20241031;100149;97.45;136;11365353893;S
20241031;100149;97.45;1538;11365353894;S
20241031;100149;97.42;400;11365353895;S
20241031;100149;97.41;400;11365353896;S
20241031;100149;97.4;300;11365353897;S
20241031;100149;97.39;400;11365353898;S
20241031;100149;97.39;1500;11365353899;S
20241031;100149;97.38;400;11365353900;S
20241031;100149;97.38;315;11365353901;S
20241031;100149;97.37;400;11365353902;S
20241031;100149;97.37;314;11365353903;S
20241031;100149;97.37;20;11365353904;S
20241031;100149;97.49;136;11365353931;B
20241031;100149;97.49;114;11365353932;B
20241031;100149;97.49;400;11365354025;B
20241031;100149;97.5;2862;11365354026;B
20241031;100149;97.5;36;11365354027;B
20241031;100149;97.5;359;11365354028;B
20241031;100149;97.51;100;11365354031;B
20241031;100149;97.52;292;11365354032;B
20241031;100149;97.52;24;11365354101;B
20241031;100149;97.47;1;11365354133;S
20241031;100149;97.44;1538;11365354134;S
20241031;100149;97.43;136;11365354135;S
20241031;100149;97.41;2862;11365354136;S
20241031;100149;97.4;400;11365354137;S
20241031;100149;97.39;400;11365354138;S
20241031;100149;97.38;400;11365354139;S
20241031;100149;97.38;2862;11365354140;S
20241031;100149;97.38;1401;11365354141;S
20241031;100150;97.46;2;11365354307;B
20241031;100151;97.43;34;11365354794;B
20241031;100151;97.43;16;11365354795;B
20241031;100151;97.45;1;11365354813;B
20241031;100151;97.47;199;11365354814;B
20241031;100152;97.47;1;11365354860;B
20241031;100153;97.46;1;11365355217;B
20241031;100153;97.41;500;11365355226;S
20241031;100154;97.45;30;11365355460;B
20241031;100154;97.45;2;11365355489;B
20241031;100155;97.45;368;11365355735;B
20241031;100155;97.46;99;11365355736;B
20241031;100155;97.46;13;11365355737;B
20241031;100155;97.45;1;11365355752;B
20241031;100155;97.43;100;11365355756;S
20241031;100155;97.41;30;11365355757;S
20241031;100156;97.41;4;11365355938;S
20241031;100156;97.45;50;11365355955;B
20241031;100156;97.45;2;11365356014;B
20241031;100157;97.41;6;11365356109;S
20241031;100157;97.4;110;11365356110;S
20241031;100157;97.45;1;11365356113;B
20241031;100157;97.45;91;11365356159;B
20241031;100157;97.39;14;11365356201;S
20241031;100157;97.45;255;11365356212;B
20241031;100157;97.46;245;11365356213;B
20241031;100158;97.45;300;11365356340;B
20241031;100159;97.41;10;11365356530;B
20241031;100159;97.45;100;11365356651;B
20241031;100159;97.46;142;11365356652;B
20241031;100159;97.46;250;11365356653;B
20241031;100159;97.47;200;11365356654;B
20241031;100159;97.47;1000;11365356655;B
20241031;100159;97.48;400;11365356656;B
20241031;100159;97.48;3000;11365356657;B
20241031;100159;97.49;400;11365356658;B
20241031;100159;97.49;5;11365356659;B
20241031;100159;97.5;400;11365356660;B
20241031;100159;97.5;136;11365356661;B
20241031;100159;97.5;255;11365356662;S
20241031;100159;97.5;3515;11365356663;S
20241031;100159;97.5;408;11365356664;S
20241031;100200;97.52;1;11365356750;B
20241031;100200;97.5;2289;11365356760;S
20241031;100200;97.48;50;11365356816;B
20241031;100201;97.47;30;11365357056;B
20241031;100201;97.42;50;11365357202;S
20241031;100202;97.45;5;11365357445;B
20241031;100202;97.48;400;11365357467;B
20241031;100202;97.49;400;11365357468;B
20241031;100203;97.48;400;11365357626;B
20241031;100203;97.49;113;11365357627;B
20241031;100204;97.49;10;11365358054;B
20241031;100205;97.45;39;11365358079;S
20241031;100205;97.45;11;11365358097;S
20241031;100205;97.44;236;11365358098;S
20241031;100205;97.43;753;11365358099;S
20241031;100207;97.49;390;11365358572;B
20241031;100207;97.49;2749;11365358573;B
20241031;100207;97.5;8458;11365358574;B
20241031;100207;97.5;400;11365358575;B
20241031;100207;97.5;165;11365358576;B
20241031;100207;97.51;400;11365358577;B
20241031;100207;97.51;50;11365358578;B
20241031;100207;97.51;24;11365358579;B
20241031;100207;97.52;14;11365358580;B
20241031;100207;97.52;400;11365358581;B
20241031;100207;97.52;136;11365358582;B
20241031;100207;97.52;197;11365358583;B
20241031;100207;97.53;400;11365358584;B
20241031;100207;97.54;400;11365358585;B
20241031;100207;97.54;1000;11365358586;B
20241031;100207;97.54;1539;11365358587;B
20241031;100207;97.55;400;11365358588;B
20241031;100207;97.55;315;11365358589;B
20241031;100207;97.55;314;11365358590;B
20241031;100207;97.56;400;11365358591;B
20241031;100207;97.56;3000;11365358592;B
20241031;100207;97.57;400;11365358593;B
20241031;100207;97.58;100;11365358594;B
20241031;100207;97.58;200;11365358595;B
20241031;100207;97.58;400;11365358596;B
20241031;100207;97.59;5;11365358597;B
20241031;100207;97.6;152;11365358598;B
20241031;100207;97.6;1000;11365358599;B
20241031;100207;97.62;1500;11365358600;B
20241031;100207;97.62;92;11365358601;B
20241031;100207;97.53;10;11365358625;S
20241031;100208;97.58;201;11365358799;B
20241031;100208;97.53;50;11365358901;S
20241031;100208;97.58;630;11365358931;B
20241031;100209;97.61;250;11365359270;B
20241031;100210;97.54;1;11365359411;S
20241031;100210;97.54;136;11365359412;S
20241031;100210;97.53;613;11365359413;S
20241031;100210;97.61;15;11365359479;B
20241031;100211;97.61;1;11365359732;B
20241031;100213;97.53;990;11365360177;S
20241031;100213;97.52;1;11365360297;B
20241031;100214;97.52;299;11365360503;B
20241031;100214;97.56;77;11365360504;B
20241031;100214;97.48;20;11365360591;S
20241031;100215;97.57;1;11365360676;B
20241031;100215;97.57;100;11365360732;B
20241031;100217;97.57;200;11365361130;B
20241031;100218;97.57;10;11365361257;B
20241031;100218;97.49;50;11365361258;S
20241031;100218;97.49;136;11365361259;S
20241031;100218;97.48;400;11365361260;S
20241031;100218;97.47;400;11365361261;S
20241031;100218;97.47;1404;11365361262;S
20241031;100218;97.46;400;11365361263;S
20241031;100218;97.45;400;11365361264;S
20241031;100218;97.45;1100;11365361265;S
20241031;100218;97.44;400;11365361266;S
20241031;100218;97.44;1538;11365361267;S
20241031;100218;97.44;250;11365361268;S
20241031;100218;97.43;41;11365361269;S
20241031;100218;97.53;7;11365361352;B
20241031;100218;97.5;1;11365361384;B
20241031;100218;97.54;99;11365361385;B
20241031;100219;97.54;1945;11365361505;B
20241031;100219;97.54;55;11365361506;B
20241031;100219;97.43;359;11365361591;S
20241031;100219;97.43;136;11365361592;S
20241031;100219;97.42;505;11365361593;S
20241031;100220;97.53;17;11365361801;B
20241031;100220;97.52;2;11365361872;B
20241031;100221;97.51;93;11365362084;S
20241031;100221;97.51;88;11365362085;S
20241031;100221;97.51;148;11365362086;S
20241031;100222;97.55;1;11365362359;B
20241031;100222;97.52;1;11365362440;S
20241031;100222;97.51;2239;11365362441;S
20241031;100222;97.5;300;11365362442;S
20241031;100222;97.48;300;11365362443;S
20241031;100222;97.45;200;11365362444;S
20241031;100222;97.44;136;11365362445;S
20241031;100222;97.44;1313;11365362446;S
20241031;100222;97.52;1000;11365362525;B
20241031;100223;97.52;1;11365362647;B
20241031;100223;97.54;4;11365362744;B
20241031;100224;97.44;750;11365362876;S
20241031;100226;97.53;40;11365363753;B
20241031;100226;97.53;11;11365363754;B
20241031;100227;97.5;50;11365363981;B
20241031;100227;97.52;136;11365363982;B
20241031;100227;97.52;38;11365363983;B
20241031;100227;97.53;1538;11365363984;B
20241031;100227;97.55;400;11365363985;B
20241031;100227;97.56;400;11365363986;B
20241031;100227;97.56;250;11365363987;B
20241031;100227;97.57;400;11365363988;B
20241031;100227;97.57;692;11365363989;B
20241031;100228;97.45;2;11365364163;S
20241031;100229;97.52;1;11365364409;B
20241031;100229;97.45;398;11365364459;S
20241031;100229;97.45;50;11365364460;S
20241031;100229;97.44;400;11365364461;S
20241031;100229;97.44;692;11365364462;S
20241031;100229;97.44;2605;11365364463;S
20241031;100229;97.43;400;11365364464;S
20241031;100229;97.43;250;11365364465;S
20241031;100229;97.43;136;11365364466;S
20241031;100229;97.42;69;11365364467;S
20241031;100230;97.44;100;11365364673;S
20241031;100230;97.49;1;11365364674;B
20241031;100230;97.5;136;11365364675;B
20241031;100230;97.51;113;11365364676;B
20241031;100230;97.5;3;11365364678;B
20241031;100230;97.44;506;11365364724;S
20241031;100231;97.44;42;11365364938;S
20241031;100231;97.45;18;11365364956;S
20241031;100231;97.45;133;11365364975;S
20241031;100231;97.45;133;11365364976;S
20241031;100231;97.45;216;11365365102;S
20241031;100231;97.44;6;11365365103;S
20241031;100231;97.44;251;11365365104;S
20241031;100231;97.44;251;11365365105;S
20241031;100231;97.44;51;11365365106;S
20241031;100232;97.44;50;11365365213;S
20241031;100232;97.48;1;11365365265;B
20241031;100232;97.44;1694;11365365277;S
20241031;100234;97.45;920;11365365761;S
20241031;100234;97.44;149;11365365762;S
20241031;100234;97.42;426;11365365763;S
20241031;100234;97.42;83;11365365764;S
20241031;100234;97.42;54;11365365765;S
20241031;100235;97.46;1;11365365944;B
20241031;100236;97.46;135;11365366079;B
20241031;100236;97.47;765;11365366080;B
20241031;100236;97.43;137;11365366204;S
20241031;100237;97.39;100;11365366287;S
20241031;100237;97.39;82;11365366288;S
20241031;100237;97.45;1;11365366336;B
20241031;100238;97.45;1;11365366424;B
20241031;100238;97.38;100;11365366535;S
20241031;100240;97.36;10;11365366769;S
20241031;100241;97.44;1;11365366979;B
20241031;100241;97.42;50;11365367003;B
20241031;100242;97.36;100;11365367043;S
20241031;100243;97.42;65;11365367360;B
20241031;100244;97.4;1;11365367507;S
20241031;100245;97.36;290;11365367647;S
20241031;100245;97.35;1;11365367648;S
20241031;100245;97.35;49;11365367649;S
20241031;100245;97.39;1;11365367698;B
20241031;100247;97.39;9;11365367993;B
20241031;100247;97.4;41;11365367994;B
20241031;100247;97.36;400;11365368019;S
20241031;100247;97.35;51;11365368020;S
20241031;100247;97.35;100;11365368021;S
20241031;100247;97.35;400;11365368022;S
20241031;100247;97.34;400;11365368023;S
20241031;100247;97.33;149;11365368024;S
20241031;100247;97.38;136;11365368062;B
20241031;100247;97.4;1185;11365368063;B
20241031;100247;97.4;48679;11365368064;S
20241031;100247;97.4;1;11365368088;B
20241031;100247;97.37;100;11365368089;S
20241031;100248;97.39;50;11365368151;S
20241031;100248;97.37;10;11365368223;S
20241031;100249;97.4;1;11365368477;B
20241031;100250;97.37;390;11365368622;S
20241031;100250;97.38;30;11365368627;B
20241031;100251;97.33;12;11365368920;S
20241031;100252;97.38;1;11365369099;B
20241031;100253;97.33;388;11365369234;S
20241031;100253;97.32;400;11365369235;S
20241031;100253;97.32;212;11365369236;S
20241031;100254;97.37;136;11365369246;B
20241031;100254;97.37;204;11365369247;B
20241031;100254;97.36;100;11365369275;B
20241031;100254;97.36;36;11365369277;B
20241031;100254;97.37;14;11365369278;B
20241031;100254;97.32;588;11365369303;S
20241031;100254;97.32;5;11365369304;S
20241031;100254;97.32;400;11365369305;S
20241031;100254;97.31;7;11365369306;S
20241031;100256;97.36;1;11365369600;B
20241031;100256;97.35;19;11365369606;B
20241031;100256;97.3;50;11365369759;S
20241031;100257;97.36;3;11365369869;B
20241031;100259;97.3;100;11365370140;S
20241031;100259;97.36;1;11365370170;B
20241031;100259;97.36;70;11365370177;B
20241031;100259;97.3;850;11365370268;S
20241031;100259;97.29;1053;11365370269;S
20241031;100259;97.28;13;11365370270;S
20241031;100259;97.27;1135;11365370271;S
20241031;100259;97.27;400;11365370272;S
20241031;100259;97.27;690;11365370273;S
20241031;100300;97.31;40;11365370393;S
20241031;100300;97.3;1000;11365370394;S
20241031;100300;97.28;101;11365370395;S
20241031;100300;97.27;101;11365370396;S
20241031;100300;97.26;400;11365370397;S
20241031;100300;97.26;123;11365370398;S
20241031;100300;97.26;735;11365370399;S
20241031;100300;97.25;100;11365370459;S
20241031;100300;97.25;400;11365370460;S
20241031;100300;97.25;100;11365370461;S
20241031;100300;97.25;400;11365370462;S
20241031;100301;97.3;1;11365370610;B
20241031;100301;97.24;5;11365370656;S
20241031;100301;97.24;200;11365370657;S
20241031;100301;97.24;400;11365370658;S
20241031;100301;97.24;895;11365370659;S
20241031;100301;97.3;49;11365370678;B
20241031;100301;97.3;135;11365370679;B
20241031;100301;97.3;1534;11365370680;S
20241031;100302;97.29;1;11365370728;B
20241031;100302;97.29;3;11365370729;B
20241031;100302;97.34;250;11365370730;B
20241031;100302;97.35;400;11365370731;B
20241031;100302;97.35;71;11365370732;B
20241031;100302;97.36;50;11365370733;B
20241031;100302;97.36;250;11365370734;B
20241031;100302;97.36;400;11365370735;B
20241031;100302;97.36;136;11365370736;B
20241031;100302;97.36;71;11365370737;B
20241031;100302;97.37;400;11365370738;B
20241031;100302;97.37;1542;11365370739;B
20241031;100302;97.38;469;11365370740;B
20241031;100302;97.38;10;11365370741;B
20241031;100302;97.38;25;11365370742;B
20241031;100302;97.38;400;11365370743;B
20241031;100302;97.39;400;11365370744;B
20241031;100302;97.4;1000;11365370745;B
20241031;100302;97.4;500;11365370746;B
20241031;100302;97.4;1000;11365370747;B
20241031;100302;97.4;400;11365370748;B
20241031;100302;97.4;5;11365370749;B
20241031;100302;97.4;17218;11365370750;S
20241031;100302;97.3;1;11365370782;B
20241031;100302;97.26;400;11365370824;S
20241031;100302;97.25;100;11365370825;S
20241031;100302;97.25;400;11365370826;S
20241031;100302;97.25;1542;11365370827;S
20241031;100302;97.24;400;11365370828;S
20241031;100302;97.24;315;11365370829;S
20241031;100302;97.24;128;11365370830;S
20241031;100302;97.24;136;11365370831;S
20241031;100302;97.23;1;11365370832;S
20241031;100302;97.23;400;11365370833;S
20241031;100302;97.23;128;11365370834;S
20241031;100302;97.23;250;11365370835;S
20241031;100302;97.22;800;11365370836;S
20241031;100303;97.3;7;11365371087;B
20241031;100303;97.33;3;11365371088;B
20241031;100304;97.25;18;11365371114;S
20241031;100305;97.34;10;11365371287;B
20241031;100305;97.34;1;11365371288;B
20241031;100305;97.24;10;11365371368;S
20241031;100307;97.3;4;11365371614;S
20241031;100308;97.33;1;11365371699;B
20241031;100308;97.33;50;11365371785;B
20241031;100311;97.33;1;11365372223;B
20241031;100313;97.3;1;11365372805;S
20241031;100314;97.33;1;11365372933;B
20241031;100314;97.33;10;11365372944;B
20241031;100314;97.33;1;11365372955;B
20241031;100315;97.28;9;11365373222;S
20241031;100315;97.33;20;11365373232;B
20241031;100315;97.28;1;11365373320;S
20241031;100316;97.27;1;11365373493;S
20241031;100316;97.25;180;11365373494;S
20241031;100316;97.25;50;11365373495;S
20241031;100316;97.24;40;11365373496;S
20241031;100316;97.24;2;11365373497;S
20241031;100316;97.23;400;11365373498;S
20241031;100316;97.23;357;11365373499;S
20241031;100316;97.23;1;11365373544;S
20241031;100317;97.23;642;11365373715;S
20241031;100317;97.23;400;11365373716;S
20241031;100317;97.22;200;11365373717;S
20241031;100317;97.22;400;11365373718;S
20241031;100317;97.21;15;11365373719;S
20241031;100317;97.21;400;11365373720;S
20241031;100317;97.21;1541;11365373721;S
20241031;100317;97.21;91;11365373722;S
20241031;100317;97.21;7;11365373723;S
20241031;100317;97.2;2304;11365373724;S
20241031;100317;97.29;136;11365373787;B
20241031;100317;97.3;50;11365373788;B
20241031;100317;97.31;64;11365373789;B
20241031;100317;97.2;10000;11365373797;S
20241031;100318;97.2;1000;11365373900;S
20241031;100318;97.2;1882;11365373949;S
20241031;100318;97.22;1;11365373955;B
20241031;100318;97.21;10;11365374054;S
20241031;100318;97.2;503;11365374055;S
20241031;100318;97.2;10000;11365374086;S
20241031;100319;97.2;1500;11365374096;S
20241031;100319;97.2;100;11365374211;S
20241031;100319;97.2;22711;11365374237;S
20241031;100319;97.2;1;11365374238;S
20241031;100319;97.2;1000;11365374239;S
20241031;100319;97.2;100;11365374240;S
20241031;100319;97.2;500;11365374241;S
20241031;100319;97.2;25;11365374242;S
20241031;100319;97.2;10;11365374243;S
20241031;100319;97.15;10;11365374244;S
20241031;100319;97.15;10;11365374260;S
20241031;100320;97.15;80;11365374294;S
20241031;100320;97.14;5;11365374295;S
20241031;100320;97.14;100;11365374296;S
20241031;100320;97.14;1;11365374297;S
20241031;100320;97.13;5;11365374298;S
20241031;100320;97.12;1;11365374299;S
20241031;100320;97.12;5;11365374300;S
20241031;100320;97.11;19;11365374301;S
20241031;100320;97.1;400;11365374302;S
20241031;100320;97.09;5;11365374303;S
20241031;100320;97.09;400;11365374304;S
20241031;100320;97.08;1;11365374305;S
20241031;100320;97.08;400;11365374306;S
20241031;100320;97.08;3581;11365374307;S
20241031;100320;97.07;32;11365374308;S
20241031;100320;97.07;315;11365374309;S
20241031;100320;97.07;400;11365374310;S
20241031;100320;97.07;3000;11365374311;S
20241031;100320;97.06;5;11365374312;S
20241031;100320;97.06;245;11365374313;S
20241031;100320;97.06;155;11365374390;S
20241031;100320;97.05;1;11365374391;S
20241031;100320;97.05;1;11365374392;S
20241031;100320;97.05;15;11365374393;S
20241031;100320;97.05;400;11365374394;S
20241031;100320;97.04;5;11365374395;S
20241031;100320;97.04;400;11365374396;S
20241031;100320;97.04;23;11365374397;S
20241031;100320;97.14;30;11365374420;B
20241031;100320;97.04;160;11365374444;S
20241031;100320;97.04;392;11365374451;S
20241031;100320;97.04;500;11365374536;S
20241031;100320;97.03;100;11365374537;S
20241031;100320;97.02;7;11365374538;S
20241031;100320;97.02;154;11365374539;S
20241031;100320;97.02;1759;11365374540;S
20241031;100320;97.01;5;11365374541;S
20241031;100320;97.01;2225;11365374542;S
20241031;100321;97.01;275;11365374565;S
20241031;100321;97;25;11365374566;S
20241031;100321;97;975;11365374585;S
20241031;100321;97;5;11365374586;S
20241031;100321;97;10;11365374587;S
20241031;100321;97;5;11365374588;S
20241031;100321;97;10;11365374589;S
20241031;100321;97;499;11365374590;S
20241031;100321;97;20;11365374591;S
20241031;100321;97;2000;11365374592;S
20241031;100321;97;1000;11365374593;S
20241031;100321;97;100;11365374594;S
20241031;100321;97;100;11365374595;S
20241031;100321;97;200;11365374596;S
20241031;100321;97;1;11365374597;S
20241031;100321;97;250;11365374598;S
20241031;100321;97;1;11365374605;B
20241031;100321;96.96;5;11365374637;S
20241031;100321;96.96;1;11365374638;S
20241031;100321;96.93;134;11365374639;S
20241031;100322;96.93;866;11365374708;S
20241031;100322;96.93;5;11365374709;S
20241031;100322;96.93;100;11365374710;S
20241031;100322;96.92;21;11365374711;S
20241031;100322;96.92;2;11365374712;S
20241031;100322;96.92;6;11365374713;S
20241031;100322;96.92;10;11365374777;S
20241031;100322;96.97;1;11365374783;B
20241031;100322;96.91;10;11365374873;S
20241031;100323;96.91;1;11365375003;S
20241031;100323;96.9;499;11365375004;S
20241031;100323;96.9;27;11365375007;S
20241031;100323;96.9;50;11365375008;S
20241031;100323;96.9;3;11365375009;S
20241031;100323;96.88;20;11365375010;S
20241031;100323;96.88;1547;11365375011;S
20241031;100323;96.88;1000;11365375012;S
20241031;100323;96.87;1;11365375013;S
20241031;100323;96.87;5;11365375014;S
20241031;100323;96.85;2;11365375015;S
20241031;100323;96.85;400;11365375016;S
20241031;100323;96.84;5;11365375017;S
20241031;100323;96.84;400;11365375018;S
20241031;100323;96.83;50;11365375019;S
20241031;100323;96.83;400;11365375020;S
20241031;100323;96.82;400;11365375021;S
20241031;100323;96.82;136;11365375022;S
20241031;100323;96.81;100;11365375023;S
20241031;100323;96.81;1;11365375024;S
20241031;100323;96.81;10;11365375025;S
20241031;100323;96.81;50;11365375026;S
20241031;100323;96.81;400;11365375027;S
20241031;100323;96.81;208;11365375028;S
20241031;100323;96.81;314;11365375029;S
20241031;100323;96.81;5800;11365375030;S
20241031;100323;96.8;1;11365375031;S
20241031;100323;96.8;10;11365375032;S
20241031;100323;96.8;3;11365375033;S
20241031;100323;96.8;1750;11365375034;S
20241031;100323;96.8;40;11365375035;S
20241031;100323;96.8;7;11365375036;S
20241031;100323;96.8;1;11365375037;S
20241031;100323;96.8;25;11365375038;S
20241031;100323;96.8;4341;11365375039;S
20241031;100323;96.8;400;11365375040;S
20241031;100323;96.8;101;11365375041;S
20241031;100323;96.79;400;11365375042;S
20241031;100323;96.78;400;11365375043;S
20241031;100323;96.77;350;11365375044;S
20241031;100323;96.77;842;11365375045;S
20241031;100323;96.76;10;11365375056;S
20241031;100323;96.76;52;11365375058;S
20241031;100324;96.83;10;11365375137;B
20241031;100324;96.8;1;11365375149;S
20241031;100324;96.79;1549;11365375150;S
20241031;100324;96.75;30;11365375151;S
20241031;100324;96.73;10;11365375152;S
20241031;100324;96.73;1;11365375153;S
20241031;100324;96.72;81;11365375154;S
20241031;100324;96.72;2;11365375155;S
20241031;100324;96.72;5;11365375156;S
20241031;100324;96.72;20;11365375157;S
20241031;100324;96.72;5;11365375158;S
20241031;100324;96.72;3;11365375159;S
20241031;100324;96.72;1226;11365375160;S
20241031;100324;96.71;100;11365375161;S
20241031;100324;96.71;2;11365375162;S
20241031;100324;96.71;400;11365375163;S
20241031;100324;96.71;200;11365375164;S
20241031;100324;96.7;1;11365375165;S
20241031;100324;96.7;10;11365375166;S
20241031;100324;96.7;1035;11365375167;S
20241031;100324;96.7;100;11365375168;S
20241031;100324;96.7;100;11365375169;S
20241031;100324;96.7;1000;11365375170;S
20241031;100324;96.7;5000;11365375171;S
20241031;100324;96.7;400;11365375172;S
20241031;100324;96.7;136;11365375173;S
20241031;100324;96.69;400;11365375174;S
20241031;100324;96.68;400;11365375175;S
20241031;100324;96.67;400;11365375176;S
20241031;100324;96.66;400;11365375177;S
20241031;100324;96.66;1500;11365375178;S
20241031;100324;96.65;10;11365375179;S
20241031;100324;96.65;400;11365375180;S
20241031;100324;96.64;3000;11365375181;S
20241031;100324;96.64;400;11365375182;S
20241031;100324;96.64;600;11365375183;S
20241031;100324;96.63;500;11365375184;S
20241031;100324;96.63;400;11365375185;S
20241031;100324;96.62;2;11365375186;S
20241031;100324;96.62;400;11365375187;S
20241031;100324;96.61;100;11365375188;S
20241031;100324;96.61;188;11365375189;S
20241031;100324;96.61;2060;11365375190;S
20241031;100324;96.6;1;11365375191;S
20241031;100324;96.6;1;11365375192;S
20241031;100324;96.6;10;11365375193;S
20241031;100324;96.6;3;11365375194;S
20241031;100324;96.6;2;11365375195;S
20241031;100324;96.6;890;11365375196;S
20241031;100324;96.6;2;11365375197;S
20241031;100324;96.6;500;11365375198;S
20241031;100324;96.6;2000;11365375199;S
20241031;100324;96.6;50;11365375200;S
20241031;100324;96.6;1;11365375201;S
20241031;100324;96.6;30;11365375202;S
20241031;100324;96.6;110;11365375203;S
20241031;100324;96.6;15285;11365375204;S
20241031;100324;96.6;3105;11365375205;S
20241031;100324;96.58;30;11365375206;S
20241031;100324;96.57;1000;11365375207;S
20241031;100324;96.57;5;11365375208;S
20241031;100324;96.57;5000;11365375209;S
20241031;100324;96.56;4428;11365375210;S
20241031;100324;96.56;5;11365375211;S
20241031;100324;96.55;2;11365375212;S
20241031;100324;96.55;100;11365375213;S
20241031;100324;96.53;100;11365375214;S
20241031;100324;96.53;3;11365375215;S
20241031;100324;96.52;100;11365375216;S
20241031;100324;96.51;100;11365375217;S
20241031;100324;96.51;10;11365375218;S
20241031;100324;96.51;1;11365375219;S
20241031;100324;96.51;50;11365375220;S
20241031;100324;96.51;41;11365375221;S
20241031;100324;96.5;1;11365375222;S
20241031;100324;96.5;10;11365375223;S
20241031;100324;96.5;1;11365375224;S
20241031;100324;96.5;1;11365375225;S
20241031;100324;96.5;1945;11365375226;S
20241031;100324;96.65;1000;11365375266;S
20241031;100324;96.65;44;11365375296;S
20241031;100324;96.65;10;11365375305;S
20241031;100324;96.65;495;11365375316;S
20241031;100324;96.64;105;11365375317;S
20241031;100324;96.65;200;11365375322;S
20241031;100324;96.7;10;11365375325;B
20241031;100324;96.7;100;11365375326;B
20241031;100324;96.7;50;11365375340;B
20241031;100324;96.7;10000;11365375342;S
20241031;100324;96.73;50;11365375343;B
20241031;100324;96.74;40;11365375344;B
20241031;100324;96.7;3999;11365375345;S
20241031;100324;96.74;32;11365375372;B
20241031;100324;96.74;1;11365375373;B
20241031;100324;96.74;100;11365375374;B
20241031;100324;96.71;1125;11365375377;S
20241031;100324;96.74;3;11365375378;B
20241031;100324;96.75;19;11365375379;B
20241031;100324;96.7;400;11365375420;S
20241031;100324;96.76;11;11365375437;B
20241031;100324;96.76;1;11365375455;B
20241031;100325;96.76;1;11365375500;B
20241031;100325;96.72;500;11365375511;S
20241031;100325;96.71;500;11365375512;S
20241031;100325;96.71;1000;11365375513;S
20241031;100325;96.72;1;11365375539;S
20241031;100325;96.72;100;11365375542;S
20241031;100325;96.72;399;11365375545;S
20241031;100325;96.7;17;11365375546;S
20241031;100325;96.7;1;11365375549;S
20241031;100325;96.75;136;11365375551;B
20241031;100325;96.76;20;11365375552;B
20241031;100325;96.76;400;11365375553;B
20241031;100325;96.77;400;11365375554;B
20241031;100325;96.77;208;11365375555;B
20241031;100325;96.78;400;11365375556;B
20241031;100325;96.78;436;11365375557;B
20241031;100325;96.71;1;11365375558;S
20241031;100325;96.78;2;11365375570;B
20241031;100325;96.78;398;11365375573;B
20241031;100325;96.79;1000;11365375577;B
20241031;100325;96.8;400;11365375578;B
20241031;100325;96.78;145;11365375618;S
20241031;100325;96.78;450;11365375646;S
20241031;100325;96.81;1;11365375651;B
20241031;100325;96.78;100;11365375652;S
20241031;100325;96.8;841;11365375653;B
20241031;100326;96.81;400;11365375758;B
20241031;100326;96.79;500;11365375791;S
20241031;100326;96.78;1226;11365375792;S
20241031;100326;96.77;836;11365375793;S
20241031;100327;96.78;1;11365376143;S
20241031;100327;96.78;70;11365376162;S
20241031;100328;96.81;100;11365376276;B
20241031;100328;96.81;136;11365376277;B
20241031;100328;96.82;400;11365376278;B
20241031;100328;96.82;1;11365376279;B
20241031;100328;96.82;1363;11365376280;B
20241031;100328;96.79;19;11365376331;S
20241031;100328;96.82;125;11365376344;B
20241031;100328;96.79;31;11365376410;S
20241031;100328;96.78;72;11365376411;S
20241031;100328;96.8;50;11365376473;B
20241031;100329;96.78;200;11365376578;S
20241031;100329;96.8;1;11365376593;B
20241031;100329;96.78;883;11365376687;S
20241031;100329;96.78;200;11365376688;S
20241031;100329;96.77;3917;11365376689;S
20241031;100329;96.8;54;11365376748;B
20241031;100329;96.8;136;11365376749;B
20241031;100329;96.81;2;11365376750;B
20241031;100329;96.82;3512;11365376751;B
20241031;100329;96.82;400;11365376752;B
20241031;100329;96.82;1500;11365376753;B
20241031;100329;96.83;400;11365376754;B
20241031;100329;96.84;400;11365376755;B
20241031;100329;96.85;400;11365376756;B
20241031;100329;96.85;315;11365376757;B
20241031;100329;96.86;400;11365376758;B
20241031;100329;96.87;400;11365376759;B
20241031;100329;96.88;400;11365376760;B
20241031;100329;96.89;314;11365376761;B
20241031;100329;96.89;400;11365376762;B
20241031;100329;96.9;400;11365376763;B
20241031;100329;96.9;250;11365376764;B
20241031;100329;96.91;317;11365376765;B
20241031;100329;96.87;136;11365376766;B
20241031;100330;96.86;84;11365376792;S
20241031;100330;96.86;1142;11365376886;S
20241031;100330;96.85;58;11365376887;S
20241031;100330;96.88;1;11365376915;B
20241031;100331;96.88;1;11365376997;B
20241031;100331;96.88;134;11365377018;B
20241031;100331;96.91;83;11365377019;B
20241031;100331;96.92;400;11365377020;B
20241031;100331;96.93;383;11365377021;B
20241031;100331;96.9;272;11365377063;S
20241031;100331;96.9;272;11365377084;S
20241031;100331;96.88;272;11365377092;S
20241031;100331;96.88;272;11365377096;S
20241031;100331;96.86;100;11365377144;S
20241031;100331;96.86;50;11365377311;S
20241031;100331;96.86;20;11365377312;S
20241031;100331;96.86;11;11365377313;S
20241031;100331;96.84;67;11365377314;S
20241031;100331;96.84;369;11365377315;S
20241031;100331;96.83;1631;11365377316;S
20241031;100332;96.9;3;11365377418;B
20241031;100332;96.9;1;11365377441;B
20241031;100332;96.84;53;11365377456;S
20241031;100332;96.9;1;11365377462;B
20241031;100332;96.88;136;11365377491;B
20241031;100332;96.89;2;11365377492;B
20241031;100332;96.91;3;11365377493;B
20241031;100332;96.93;2862;11365377494;B
20241031;100332;96.94;1;11365377495;B
20241031;100332;96.94;1226;11365377496;B
20241031;100332;96.94;500;11365377497;B
20241031;100332;96.94;1500;11365377498;B
20241031;100332;96.95;1;11365377499;B
20241031;100332;96.95;400;11365377500;B
20241031;100332;96.95;208;11365377501;B
20241031;100332;96.95;361;11365377502;B
20241031;100333;96.87;2214;11365377703;S
20241031;100333;96.85;106;11365377705;S
20241031;100333;96.85;294;11365377770;S
20241031;100333;96.84;247;11365377771;S
20241031;100333;96.84;400;11365377772;S
20241031;100333;96.83;400;11365377773;S
20241031;100333;96.83;40;11365377774;S
20241031;100333;96.82;400;11365377775;S
20241031;100333;96.82;250;11365377776;S
20241031;100333;96.81;400;11365377777;S
20241031;100333;96.81;100;11365377778;S
20241031;100333;96.8;400;11365377779;S
20241031;100333;96.8;125;11365377780;S
20241031;100333;96.8;136;11365377781;S
20241031;100333;96.8;1548;11365377782;S
20241031;100333;96.79;260;11365377783;S
20241031;100335;96.8;150;11365378103;S
20241031;100335;96.86;1;11365378148;B
20241031;100335;96.88;179;11365378149;B
20241031;100335;96.91;136;11365378150;B
20241031;100335;96.92;1;11365378151;B
20241031;100335;96.92;683;11365378152;B
20241031;100335;96.82;20;11365378155;S
20241031;100335;96.94;1;11365378172;B
20241031;100335;96.84;22;11365378211;S
20241031;100335;96.83;136;11365378229;S
20241031;100335;96.82;1601;11365378230;S
20241031;100338;96.91;1000;11365378858;S
20241031;100338;96.84;1;11365378859;S
20241031;100338;96.84;1261;11365378860;S
20241031;100338;96.83;179;11365378861;S
20241031;100338;96.83;136;11365378862;S
20241031;100338;96.83;200;11365378863;S
20241031;100338;96.83;400;11365378864;S
20241031;100338;96.82;500;11365378865;S
20241031;100338;96.82;400;11365378866;S
20241031;100338;96.82;1548;11365378867;S
20241031;100338;96.81;400;11365378868;S
20241031;100338;96.81;1000;11365378869;S
20241031;100338;96.81;770;11365378870;S
20241031;100338;96.81;315;11365378871;S
20241031;100338;96.81;314;11365378872;S
20241031;100338;96.81;208;11365378873;S
20241031;100338;96.8;1;11365378874;S
20241031;100338;96.8;400;11365378875;S
20241031;100338;96.8;1;11365378876;S
20241031;100338;96.8;5000;11365378877;S
20241031;100338;96.79;400;11365378878;S
20241031;100338;96.79;500;11365378879;S
20241031;100338;96.78;400;11365378880;S
20241031;100338;96.78;5000;11365378881;S
20241031;100338;96.78;4666;11365378882;B
20241031;100338;96.85;1;11365378897;S
20241031;100338;96.79;2;11365378907;S
20241031;100338;96.78;700;11365378908;S
20241031;100338;96.77;247;11365378909;S
20241031;100338;96.77;25;11365378910;S
20241031;100338;96.77;100;11365378911;S
20241031;100338;96.77;1547;11365378912;S
20241031;100338;96.77;136;11365378913;S
20241031;100338;96.75;2000;11365378914;S
20241031;100338;96.74;500;11365378915;S
20241031;100338;96.74;50;11365378916;S
20241031;100338;96.73;400;11365378917;S
20241031;100338;96.72;400;11365378918;S
20241031;100338;96.71;400;11365378919;S
20241031;100338;96.71;400;11365378920;S
20241031;100338;96.7;2093;11365378921;S
20241031;100338;96.71;50;11365378923;S
20241031;100338;96.71;8;11365378924;S
20241031;100338;96.83;400;11365378925;B
20241031;100338;96.84;136;11365378926;B
20241031;100338;96.84;400;11365378927;B
20241031;100338;96.84;2862;11365378928;B
20241031;100338;96.85;400;11365378929;B
20241031;100338;96.85;315;11365378930;B
20241031;100338;96.86;400;11365378931;B
20241031;100338;96.87;87;11365378932;B
20241031;100339;96.84;100;11365379051;B
20241031;100339;96.81;1;11365379116;B
20241031;100339;96.8;150;11365379169;S
20241031;100339;96.8;1694;11365379175;S
20241031;100340;96.8;1279;11365379247;S
20241031;100340;96.8;3;11365379248;S
20241031;100340;96.8;1;11365379249;S
20241031;100340;96.8;2;11365379250;S
20241031;100340;96.76;100;11365379251;S
20241031;100340;96.75;829;11365379252;S
20241031;100340;96.75;110;11365379384;S
20241031;100340;96.73;2;11365379385;S
20241031;100340;96.72;253;11365379386;S
20241031;100342;96.79;100;11365379672;B
20241031;100342;96.73;70;11365379732;S
20241031;100342;96.73;40;11365379817;S
20241031;100342;96.73;14;11365379818;S
20241031;100342;96.72;636;11365379819;S
20241031;100343;96.78;136;11365379905;B
20241031;100343;96.78;110;11365379906;B
20241031;100343;96.79;4;11365379907;B
20241031;100343;96.73;56;11365379949;S
20241031;100343;96.78;136;11365380122;B
20241031;100343;96.79;864;11365380123;B
20241031;100344;96.73;44;11365380347;S
20241031;100344;96.73;110;11365380348;S
20241031;100344;96.72;1880;11365380349;S
20241031;100345;96.77;136;11365380507;B
20241031;100345;96.79;2516;11365380508;B
20241031;100345;96.8;1500;11365380509;B
20241031;100345;96.81;369;11365380510;B
20241031;100345;96.81;400;11365380511;B
20241031;100345;96.82;79;11365380512;B
20241031;100345;96.82;70;11365380517;B
20241031;100345;96.71;200;11365380518;S
20241031;100345;96.82;251;11365380550;B
20241031;100345;96.83;400;11365380551;B
20241031;100345;96.83;58;11365380552;B
20241031;100345;96.84;291;11365380553;B
20241031;100345;96.84;109;11365380573;B
20241031;100345;96.84;391;11365380574;B
20241031;100345;96.77;1;11365380624;B
20241031;100346;96.77;49;11365380723;B
20241031;100346;96.82;314;11365380724;B
20241031;100346;96.83;137;11365380725;B
20241031;100346;96.84;200;11365380800;B
20241031;100347;96.73;136;11365380901;S
20241031;100347;96.73;50;11365380902;S
20241031;100347;96.72;10;11365380903;S
20241031;100347;96.72;104;11365380904;S
20241031;100347;96.82;2;11365380959;B
20241031;100347;96.73;20;11365381005;S
20241031;100347;96.72;2758;11365381006;S
20241031;100347;96.72;391;11365381007;S
20241031;100347;96.72;136;11365381008;S
20241031;100347;96.71;1349;11365381009;S
20241031;100347;96.71;346;11365381010;S
20241031;100349;96.75;50;11365381458;S
20241031;100350;96.76;5;11365381789;S
20241031;100350;96.75;50;11365381790;S
20241031;100350;96.73;65;11365381791;S
20241031;100350;96.7;880;11365381792;S
20241031;100351;96.78;1;11365381939;B
20241031;100352;96.8;10;11365382250;B
20241031;100352;96.79;1;11365382254;S
20241031;100352;96.75;40;11365382272;S
20241031;100353;96.75;1;11365382435;S
20241031;100353;96.78;1;11365382459;B
20241031;100353;96.78;1;11365382471;B
20241031;100353;96.78;1;11365382499;B
20241031;100353;96.78;1;11365382516;B
20241031;100354;96.78;1;11365382574;B
20241031;100354;96.78;214;11365382613;B
20241031;100354;96.79;50;11365382614;B
20241031;100354;96.8;736;11365382615;B
20241031;100354;96.8;1;11365382645;B
20241031;100354;96.8;5;11365382647;B
20241031;100354;96.8;1;11365382682;B
20241031;100354;96.8;1;11365382714;B
20241031;100354;96.8;1;11365382733;B
20241031;100354;96.79;1;11365382769;B
20241031;100354;96.79;5;11365382785;B
20241031;100354;96.79;1;11365382818;B
20241031;100355;96.79;1;11365382890;B
20241031;100355;96.79;1;11365382919;B
20241031;100355;96.79;1;11365382965;B
20241031;100355;96.79;126;11365382980;B
20241031;100355;96.8;124;11365382981;B
20241031;100355;96.8;1;11365382997;B
20241031;100355;96.8;1;11365383014;B
20241031;100355;96.8;1;11365383015;B
20241031;100355;96.8;1;11365383067;B
20241031;100356;96.8;1;11365383149;B
20241031;100356;96.8;1;11365383176;B
20241031;100356;96.8;1;11365383182;B
20241031;100356;96.8;1;11365383198;B
20241031;100356;96.8;1;11365383234;B
20241031;100356;96.8;1;11365383247;B
20241031;100356;96.8;1;11365383290;B
20241031;100356;96.8;1;11365383302;B
20241031;100356;96.8;1;11365383350;B
20241031;100357;96.8;1;11365383410;B
20241031;100357;96.8;1202;11365383426;B
20241031;100357;96.8;1;11365383437;B
20241031;100357;96.8;1;11365383461;B
20241031;100357;96.8;1;11365383498;B
20241031;100357;96.8;625;11365383540;B
20241031;100357;96.77;1;11365383541;S
20241031;100357;96.76;50;11365383542;S
20241031;100357;96.75;959;11365383543;S
20241031;100357;96.71;20;11365383544;S
20241031;100357;96.71;10;11365383545;S
20241031;100357;96.71;1226;11365383546;S
20241031;100357;96.71;100;11365383547;S
20241031;100357;96.7;2559;11365383548;S
20241031;100357;96.7;200;11365383549;S
20241031;100357;96.7;1;11365383550;S
20241031;100357;96.7;1000;11365383551;S
20241031;100357;96.7;1;11365383552;S
20241031;100357;96.7;2000;11365383553;S
20241031;100357;96.7;500;11365383554;S
20241031;100357;96.7;150;11365383555;S
20241031;100357;96.69;1;11365383556;S
20241031;100357;96.69;136;11365383557;S
20241031;100357;96.69;1549;11365383558;S
20241031;100357;96.68;400;11365383559;S
20241031;100357;96.68;1000;11365383560;S
20241031;100357;96.68;314;11365383561;S
20241031;100357;96.67;400;11365383562;S
20241031;100357;96.67;315;11365383563;S
20241031;100357;96.66;400;11365383564;S
20241031;100357;96.65;700;11365383565;S
20241031;100357;96.65;50;11365383566;S
20241031;100357;96.65;400;11365383567;S
20241031;100357;96.65;500;11365383568;S
20241031;100357;96.64;400;11365383569;S
20241031;100357;96.64;150;11365383570;S
20241031;100357;96.64;10;11365383571;S
20241031;100357;96.64;3000;11365383572;S
20241031;100357;96.63;400;11365383573;S
20241031;100357;96.63;1272;11365383574;S
20241031;100357;96.79;1;11365383575;B
20241031;100357;96.75;1;11365383606;B
20241031;100358;96.75;1;11365383651;B
20241031;100358;96.75;1;11365383672;B
20241031;100358;96.75;1;11365383693;B
20241031;100358;96.74;3;11365383725;B
20241031;100359;96.74;1;11365383795;B
20241031;100400;96.71;845;11365383923;S
20241031;100400;96.7;30;11365383924;S
20241031;100400;96.65;10;11365383925;S
20241031;100400;96.65;136;11365383926;S
20241031;100400;96.65;1226;11365383927;S
20241031;100400;96.64;1550;11365383928;S
20241031;100400;96.62;30;11365383929;S
20241031;100400;96.62;2000;11365383930;S
20241031;100400;96.61;50;11365383931;S
20241031;100400;96.61;2;11365383932;S
20241031;100400;96.61;1030;11365383933;S
20241031;100400;96.6;100;11365383934;S
20241031;100400;96.6;50;11365383935;S
20241031;100400;96.6;1;11365383936;S
20241031;100400;96.6;100;11365383937;S
20241031;100400;96.6;40;11365383938;S
20241031;100400;96.6;2000;11365383939;S
20241031;100400;96.6;1;11365383940;S
20241031;100400;96.6;50;11365383941;S
20241031;100400;96.6;400;11365383942;S
20241031;100400;96.6;349;11365383943;S
20241031;100400;96.7;10;11365383981;B
20241031;100400;96.7;103;11365384036;B
20241031;100401;96.69;1155;11365384181;B
20241031;100401;96.69;185;11365384182;B
20241031;100401;96.69;360;11365384183;B
20241031;100401;96.71;1;11365384310;S
20241031;100401;96.68;39;11365384311;S
20241031;100401;96.71;1;11365384341;B
20241031;100402;96.71;399;11365384370;B
20241031;100402;96.72;601;11365384371;B
20241031;100402;96.71;400;11365384526;B
20241031;100402;96.72;1100;11365384527;B
20241031;100403;96.67;50;11365384849;S
20241031;100403;96.66;136;11365384850;S
20241031;100403;96.65;244;11365384851;S
20241031;100403;96.64;10;11365384852;S
20241031;100403;96.64;110;11365384853;S
20241031;100403;96.64;1;11365384854;S
20241031;100403;96.64;884;11365384855;S
20241031;100403;96.68;10;11365384899;S
20241031;100404;96.66;1;11365385119;S
20241031;100404;96.64;37;11365385120;S
20241031;100404;96.7;1;11365385123;B
20241031;100405;96.69;110;11365385339;B
20241031;100405;96.69;290;11365385340;B
20241031;100405;96.65;1;11365385383;S
20241031;100405;96.7;12;11365385397;B
20241031;100405;96.7;20;11365385427;B
20241031;100406;96.64;600;11365385691;S
20241031;100406;96.7;5;11365385698;B
20241031;100407;96.64;136;11365385786;S
20241031;100407;96.63;110;11365385787;S
20241031;100407;96.61;414;11365385788;S
20241031;100407;96.6;540;11365385789;S
20241031;100407;96.7;5;11365385848;B
20241031;100407;96.7;1000;11365385855;B
20241031;100408;96.7;1;11365385922;B
20241031;100408;96.65;1;11365385951;S
20241031;100408;96.65;99;11365385952;S
20241031;100409;96.68;110;11365386205;B
20241031;100409;96.7;110;11365386206;B
20241031;100410;96.69;1;11365386293;S
20241031;100410;96.65;37;11365386294;S
20241031;100410;96.64;10;11365386295;S
20241031;100410;96.62;15;11365386296;S
20241031;100410;96.62;387;11365386297;S
20241031;100410;96.63;136;11365386377;S
20241031;100410;96.62;110;11365386378;S
20241031;100410;96.61;339;11365386379;S
20241031;100410;96.63;136;11365386388;S
20241031;100410;96.69;1;11365386422;B
20241031;100410;96.69;399;11365386438;B
20241031;100410;96.7;2601;11365386439;B
20241031;100411;96.69;1;11365386598;B
20241031;100411;96.69;399;11365386599;B
20241031;100411;96.69;400;11365386600;B
20241031;100411;96.69;100;11365386651;B
20241031;100411;96.67;50;11365386677;S
20241031;100413;96.69;228;11365386902;B
20241031;100413;96.69;110;11365386937;B
20241031;100413;96.7;745;11365386938;B
20241031;100413;96.7;400;11365386939;B
20241031;100413;96.7;5;11365386940;B
20241031;100413;96.71;55;11365386941;B
20241031;100413;96.71;1000;11365386942;B
20241031;100413;96.71;400;11365386943;B
20241031;100413;96.71;180;11365386944;B
20241031;100413;96.73;400;11365386946;B
20241031;100413;96.72;100;11365387026;S
20241031;100414;96.73;1;11365387223;B
20241031;100414;96.74;400;11365387224;B
20241031;100414;96.75;400;11365387225;B
20241031;100414;96.75;15;11365387226;B
20241031;100414;96.75;164;11365387227;B
20241031;100414;96.76;400;11365387228;B
20241031;100414;96.76;315;11365387229;B
20241031;100414;96.76;159;11365387230;B
20241031;100414;96.77;400;11365387231;B
20241031;100414;96.78;400;11365387232;B
20241031;100414;96.79;400;11365387233;B
20241031;100414;96.79;250;11365387234;B
20241031;100414;96.8;1277;11365387235;B
20241031;100414;96.8;419;11365387236;B
20241031;100414;96.75;1;11365387519;S
20241031;100415;96.72;1;11365387705;S
20241031;100415;96.74;50;11365387789;S
20241031;100416;96.79;1;11365387889;B
20241031;100416;96.73;136;11365387975;S
20241031;100416;96.72;21;11365387976;S
20241031;100416;96.78;1;11365387993;B
20241031;100416;96.79;6;11365387994;B
20241031;100416;96.79;1;11365388014;B
20241031;100416;96.8;31;11365388015;B
20241031;100416;96.8;50;11365388016;B
20241031;100416;96.81;400;11365388017;B
20241031;100416;96.82;400;11365388018;B
20241031;100416;96.83;400;11365388019;B
20241031;100416;96.83;1521;11365388020;B
20241031;100416;96.83;197;11365388021;B
20241031;100418;96.77;100;11365388405;S
20241031;100418;96.77;136;11365388406;S
20241031;100418;96.76;30;11365388407;S
20241031;100418;96.74;400;11365388409;S
20241031;100418;96.74;400;11365388410;S
20241031;100418;96.74;400;11365388411;S
20241031;100418;96.74;250;11365388412;S
20241031;100418;96.74;136;11365388413;S
20241031;100418;96.73;400;11365388414;S
20241031;100418;96.74;136;11365388415;S
20241031;100418;96.73;264;11365388416;S
20241031;100418;96.73;400;11365388417;S
20241031;100418;96.73;400;11365388418;S
20241031;100418;96.73;400;11365388419;S
20241031;100418;96.73;400;11365388421;S
20241031;100418;96.73;400;11365388422;S
20241031;100418;96.73;198;11365388424;S
20241031;100418;96.73;2;11365388425;S
20241031;100418;96.72;200;11365388428;S
20241031;100418;96.72;774;11365388429;S
20241031;100419;96.77;1;11365388536;B
20241031;100419;96.72;50;11365388580;S
20241031;100419;96.71;400;11365388581;S
20241031;100419;96.71;400;11365388582;S
20241031;100419;96.71;400;11365388583;S
20241031;100419;96.71;400;11365388584;S
20241031;100419;96.71;505;11365388632;S
20241031;100419;96.71;495;11365388633;S
20241031;100419;96.71;2505;11365388646;S
20241031;100419;96.71;1;11365388647;S
20241031;100419;96.7;2;11365388648;S
20241031;100419;96.7;337;11365388649;S
20241031;100420;96.7;500;11365388784;S
20241031;100420;96.77;100;11365388849;B
20241031;100420;96.74;1;11365388880;B
20241031;100421;96.7;163;11365388966;S
20241031;100421;96.7;25;11365388967;S
20241031;100421;96.69;100;11365388968;S
20241031;100421;96.69;2;11365388969;S
20241031;100421;96.69;5;11365388970;S
20241031;100421;96.68;30;11365388971;S
20241031;100421;96.68;30;11365388972;S
20241031;100421;96.68;2;11365388973;S
20241031;100421;96.68;25;11365388974;S
20241031;100421;96.67;500;11365388975;S
20241031;100421;96.66;118;11365388976;S
20241031;100422;96.69;1;11365389228;B
20241031;100422;96.66;82;11365389241;S
20241031;100422;96.65;18;11365389242;S
20241031;100422;96.65;82;11365389246;S
20241031;100422;96.65;200;11365389247;S
20241031;100422;96.64;718;11365389248;S
20241031;100422;96.64;282;11365389257;S
20241031;100422;96.63;1;11365389258;S
20241031;100422;96.61;29;11365389259;S
20241031;100422;96.61;71;11365389260;S
20241031;100423;96.67;400;11365389501;B
20241031;100423;96.68;1100;11365389502;B
20241031;100424;96.63;1;11365389534;S
20241031;100424;96.62;200;11365389535;S
20241031;100424;96.62;136;11365389536;S
20241031;100424;96.61;1;11365389541;B
20241031;100425;96.6;1;11365389879;S
20241031;100426;96.6;30;11365389949;S
20241031;100426;96.6;50;11365389950;S
20241031;100426;96.61;399;11365390004;B
20241031;100426;96.61;1;11365390005;B
20241031;100426;96.62;100;11365390006;B
20241031;100426;96.61;400;11365390062;B
20241031;100426;96.62;100;11365390063;B
20241031;100426;96.61;1;11365390105;B
20241031;100426;96.59;500;11365390106;S
20241031;100426;96.59;2;11365390107;S
20241031;100426;96.58;10;11365390108;S
20241031;100426;96.58;100;11365390109;S
20241031;100426;96.58;421;11365390110;S
20241031;100427;96.59;500;11365390212;B
20241031;100427;96.59;400;11365390213;B
20241031;100427;96.6;100;11365390214;B
20241031;100427;96.61;100;11365390219;B
20241031;100427;96.61;20;11365390312;B
20241031;100427;96.6;1;11365390354;S
20241031;100427;96.58;28;11365390355;S
20241031;100428;96.61;279;11365390384;B
20241031;100428;96.61;1;11365390385;B
20241031;100428;96.62;463;11365390386;B
20241031;100428;96.62;257;11365390387;B
20241031;100428;96.58;551;11365390546;S
20241031;100428;96.58;449;11365390755;B
20241031;100428;96.58;51;11365390756;B
20241031;100428;96.57;1000;11365390767;S
20241031;100429;96.58;8;11365390848;B
20241031;100429;96.56;19;11365390849;S
20241031;100429;96.56;1553;11365390852;S
20241031;100429;96.56;1553;11365390853;S
20241031;100429;96.56;1553;11365390855;S
20241031;100429;96.55;1;11365391034;S
20241031;100429;96.55;500;11365391035;S
20241031;100429;96.55;100;11365391036;S
20241031;100429;96.55;10;11365391037;S
20241031;100429;96.54;11;11365391054;S
20241031;100429;96.54;1;11365391055;S
20241031;100429;96.54;15;11365391056;S
20241031;100429;96.54;1;11365391057;S
20241031;100429;96.56;1;11365391067;B
20241031;100429;96.56;399;11365391089;B
20241031;100429;96.56;20;11365391090;B
20241031;100429;96.57;1;11365391091;B
20241031;100429;96.57;400;11365391092;B
20241031;100429;96.58;341;11365391093;B
20241031;100429;96.58;1;11365391094;B
20241031;100429;96.58;838;11365391095;B
20241031;100430;96.57;1;11365391185;B
