<DATE>;<TIME>;<LAST>;<VOL>;<ID>;<OPER>
20241021;095931;109.8;1;11318101154;S
20241021;095931;109.8;49;11318101155;S
20241021;095931;109.8;4551;11318101156;S
20241021;095931;109.8;1;11318101157;B
20241021;095931;109.8;1;11318101158;B
20241021;095931;109.8;9;11318101159;B
20241021;095931;109.8;150;11318101160;S
20241021;095931;109.8;9;11318101161;S
20241021;095931;109.8;100;11318101162;S
20241021;095931;109.8;110;11318101163;S
20241021;095931;109.8;200;11318101164;S
20241021;095931;109.8;1869;11318101165;B
20241021;095931;109.8;1641;11318101166;B
20241021;095931;109.8;1;11318101167;B
20241021;095931;109.8;1;11318101168;B
20241021;095931;109.8;1;11318101169;B
20241021;095931;109.8;1;11318101170;B
20241021;095931;109.8;1;11318101171;B
20241021;095931;109.8;1;11318101172;B
20241021;095931;109.8;1;11318101173;B
20241021;095931;109.8;1;11318101174;B
20241021;095931;109.8;1;11318101175;B
20241021;095931;109.8;1;11318101176;B
20241021;095931;109.8;45;11318101177;B
20241021;095931;109.8;1;11318101178;B
20241021;095931;109.8;1;11318101179;B
20241021;095931;109.8;1;11318101180;B
20241021;095931;109.8;1;11318101181;B
20241021;095931;109.8;1;11318101182;B
20241021;095931;109.8;1;11318101183;B
20241021;095931;109.8;1;11318101184;B
20241021;095931;109.8;1;11318101185;B
20241021;095931;109.8;1;11318101186;B
20241021;095931;109.8;1;11318101187;B
20241021;095931;109.8;1;11318101188;B
20241021;095931;109.8;1;11318101189;B
20241021;095931;109.8;1;11318101190;B
20241021;095931;109.8;1;11318101191;B
20241021;095931;109.8;1;11318101192;B
20241021;095931;109.8;1;11318101193;B
20241021;095931;109.8;1;11318101194;B
20241021;095931;109.8;378;11318101195;B
20241021;095931;109.8;1;11318101196;B
20241021;095931;109.8;1;11318101197;B
20241021;095931;109.8;1;11318101198;B
20241021;095931;109.8;1;11318101199;B
20241021;095931;109.8;1;11318101200;B
20241021;095931;109.8;1;11318101201;B
20241021;095931;109.8;1;11318101202;B
20241021;095931;109.8;1;11318101203;B
20241021;095931;109.8;1;11318101204;B
20241021;095931;109.8;1;11318101205;B
20241021;095931;109.8;1;11318101206;S
20241021;095931;109.8;1;11318101207;S
20241021;095931;109.8;1;11318101208;S
20241021;095931;109.8;1;11318101209;S
20241021;095931;109.8;1;11318101210;S
20241021;095931;109.8;1;11318101211;S
20241021;095931;109.8;1;11318101212;S
20241021;095931;109.8;1;11318101213;S
20241021;095931;109.8;1;11318101214;S
20241021;095931;109.8;1;11318101215;S
20241021;095931;109.8;1;11318101216;S
20241021;095931;109.8;1;11318101217;S
20241021;095931;109.8;1;11318101218;S
20241021;095931;109.8;1;11318101219;S
20241021;095931;109.8;1;11318101220;S
20241021;095931;109.8;1;11318101221;S
20241021;095931;109.8;1;11318101222;S
20241021;095931;109.8;1;11318101223;S
20241021;095931;109.8;1;11318101224;S
20241021;095931;109.8;1;11318101225;S
20241021;095931;109.8;1;11318101226;S
20241021;095931;109.8;500;11318101227;B
20241021;095931;109.8;509;11318101228;B
20241021;095931;109.8;500;11318101229;B
20241021;095931;109.8;2;11318101230;S
20241021;095931;109.8;4;11318101231;B
20241021;095931;109.8;85;11318101232;B
20241021;095931;109.8;200;11318101233;S
20241021;095931;109.8;500;11318101234;S
20241021;095931;109.8;1;11318101235;B
20241021;095931;109.8;1;11318101236;S
20241021;095931;109.8;3;11318101237;S
20241021;095931;109.8;15;11318101238;S
20241021;095931;109.8;3;11318101239;S
20241021;095931;109.8;1;11318101240;S
20241021;095931;109.8;1;11318101241;S
20241021;095931;109.8;1;11318101242;S
20241021;095931;109.8;1;11318101243;S
20241021;095931;109.8;473;11318101244;S
20241021;095931;109.8;100;11318101245;S
20241021;095931;109.8;30;11318101246;S
20241021;095931;109.8;40;11318101247;S
20241021;095931;109.8;20;11318101248;B
20241021;095931;109.8;1;11318101249;B
20241021;095931;109.8;1;11318101250;B
20241021;095931;109.8;9;11318101251;B
20241021;095931;109.8;1;11318101252;B
20241021;095931;109.8;1;11318101253;B
20241021;095931;109.8;1;11318101254;B
20241021;095931;109.8;9;11318101255;B
20241021;095931;109.8;1;11318101256;B
20241021;095931;109.8;1;11318101257;B
20241021;095931;109.8;2;11318101258;B
20241021;095931;109.8;1;11318101259;B
20241021;095931;109.8;2;11318101260;B
20241021;095931;109.8;1;11318101261;B
20241021;095931;109.8;1;11318101262;B
20241021;095931;109.8;1;11318101263;B
20241021;095931;109.8;3;11318101264;B
20241021;095931;109.8;20;11318101265;B
20241021;095931;109.8;10;11318101266;B
20241021;095931;109.8;1;11318101267;B
20241021;095931;109.8;1;11318101268;B
20241021;095931;109.8;9;11318101269;B
20241021;095931;109.8;1;11318101270;B
20241021;095931;109.8;1;11318101271;B
20241021;095931;109.8;1;11318101272;B
20241021;095931;109.8;1;11318101273;B
20241021;095931;109.8;1;11318101274;B
20241021;095931;109.8;1;11318101275;B
20241021;095931;109.8;1;11318101276;B
20241021;095931;109.8;1;11318101277;B
20241021;095931;109.8;10;11318101278;B
20241021;095931;109.8;1;11318101279;B
20241021;095931;109.8;1;11318101280;B
20241021;095931;109.8;1;11318101281;B
20241021;095931;109.8;1;11318101282;B
20241021;095931;109.8;1;11318101283;B
20241021;095931;109.8;1;11318101284;B
20241021;095931;109.8;1;11318101285;B
20241021;095931;109.8;1;11318101286;B
20241021;095931;109.8;1;11318101287;B
20241021;095931;109.8;1;11318101288;B
20241021;095931;109.8;1;11318101289;B
20241021;095931;109.8;1;11318101290;B
20241021;095931;109.8;10;11318101291;B
20241021;095931;109.8;1;11318101292;B
20241021;095931;109.8;1;11318101293;B
20241021;095931;109.8;9;11318101294;B
20241021;095931;109.8;9;11318101295;B
20241021;095931;109.8;89;11318101296;B
20241021;095931;109.8;1;11318101297;B
20241021;095931;109.8;4;11318101298;B
20241021;095931;109.8;1;11318101299;B
20241021;095931;109.8;1;11318101300;B
20241021;095931;109.8;1;11318101301;B
20241021;095931;109.8;1;11318101302;B
20241021;095931;109.8;1;11318101303;B
20241021;095931;109.8;1;11318101304;B
20241021;095931;109.8;10;11318101305;B
20241021;095931;109.8;1;11318101306;B
20241021;095931;109.8;300;11318101307;S
20241021;095931;109.8;56;11318101308;S
20241021;095931;109.8;8;11318101309;S
20241021;095931;109.8;125;11318101310;S
20241021;095931;109.8;500;11318101311;B
20241021;095931;109.8;456;11318101312;B
20241021;095931;109.8;1;11318101313;B
20241021;095931;109.8;1;11318101314;S
20241021;095931;109.8;417;11318101315;B
20241021;095931;109.8;2;11318101316;B
20241021;095931;109.8;1;11318101317;B
20241021;095931;109.8;1;11318101318;B
20241021;095931;109.8;20;11318101319;B
20241021;095931;109.8;4;11318101320;B
20241021;095931;109.8;2;11318101321;B
20241021;095931;109.8;6;11318101322;B
20241021;095931;109.8;10;11318101323;B
20241021;095931;109.8;1;11318101324;B
20241021;095931;109.8;5;11318101325;B
20241021;095931;109.8;2;11318101326;B
20241021;095931;109.8;16;11318101327;S
20241021;095931;109.8;50;11318101328;S
20241021;095931;109.8;1000;11318101329;B
20241021;095931;109.8;11;11318101330;B
20241021;095931;109.8;200;11318101331;B
20241021;095931;109.8;442;11318101332;B
20241021;095931;109.8;1;11318101333;B
20241021;095931;109.8;200;11318101334;B
20241021;095931;109.8;5;11318101335;S
20241021;095931;109.8;6;11318101336;S
20241021;095931;109.8;1;11318101337;B
20241021;095931;109.8;1;11318101338;B
20241021;095931;109.8;4;11318101339;B
20241021;095931;109.8;1;11318101340;B
20241021;095931;109.8;1033;11318101341;B
20241021;095931;109.8;500;11318101342;B
20241021;095931;109.8;80;11318101343;B
20241021;095931;109.8;1;11318101344;B
20241021;095931;109.8;500;11318101345;B
20241021;095931;109.8;4000;11318101346;S
20241021;095931;109.8;107;11318101347;B
20241021;095931;109.8;54;11318101348;B
20241021;095931;109.8;2;11318101349;B
20241021;095931;109.8;3;11318101350;B
20241021;095931;109.8;100;11318101351;B
20241021;095931;109.8;61;11318101352;B
20241021;095931;109.8;2;11318101353;B
20241021;095931;109.8;1;11318101354;B
20241021;095931;109.8;1;11318101355;B
20241021;095931;109.8;100;11318101356;B
20241021;095931;109.8;1;11318101357;S
20241021;095931;109.8;5;11318101358;B
20241021;095931;109.8;1;11318101359;B
20241021;095931;109.8;3;11318101360;B
20241021;095931;109.8;1;11318101361;B
20241021;095931;109.8;5;11318101362;S
20241021;095931;109.8;5;11318101363;S
20241021;095931;109.8;50;11318101364;B
20241021;095931;109.8;1;11318101365;B
20241021;095931;109.8;5;11318101366;B
20241021;095931;109.8;100;11318101367;B
20241021;095931;109.8;5000;11318101368;S
20241021;100000;109.8;1;11318112148;S
20241021;100000;109.8;10;11318112172;S
20241021;100000;109.81;1;11318112311;B
20241021;100000;109.8;209;11318112324;S
20241021;100000;109.8;86;11318112325;S
20241021;100000;109.8;40;11318112326;S
20241021;100000;109.81;84;11318112328;B
20241021;100000;109.81;44;11318112329;B
20241021;100000;109.81;160;11318112376;B
20241021;100000;109.81;311;11318112392;B
20241021;100000;109.81;3;11318112393;B
20241021;100000;109.84;86;11318112394;B
20241021;100000;109.84;248;11318112395;B
20241021;100000;109.85;52;11318112396;B
20241021;100000;109.85;22;11318112410;B
20241021;100000;109.85;26;11318112430;B
20241021;100000;109.86;649;11318112431;B
20241021;100000;109.87;1;11318112432;B
20241021;100000;109.87;500;11318112433;B
20241021;100000;109.88;50;11318112475;S
20241021;100001;109.88;4;11318112515;S
20241021;100001;109.88;2;11318112561;S
20241021;100001;109.89;5;11318112565;B
20241021;100001;109.88;20;11318112594;S
20241021;100001;109.89;495;11318112622;B
20241021;100001;109.89;5000;11318112623;B
20241021;100001;109.89;5000;11318112624;B
20241021;100001;109.9;50;11318112625;B
20241021;100001;109.9;1;11318112626;B
20241021;100001;109.9;1;11318112627;B
20241021;100001;109.9;1;11318112628;B
20241021;100001;109.9;30;11318112629;B
20241021;100001;109.9;100;11318112630;B
20241021;100001;109.9;1667;11318112631;B
20241021;100001;109.91;1;11318112633;B
20241021;100001;109.91;5;11318112634;B
20241021;100001;109.95;1;11318112635;B
20241021;100001;109.95;100;11318112636;B
20241021;100001;109.96;437;11318112637;B
20241021;100001;109.97;10;11318112638;B
20241021;100001;109.97;100;11318112639;B
20241021;100001;109.97;1000;11318112640;B
20241021;100001;109.97;100;11318112641;B
20241021;100001;109.98;10;11318112642;B
20241021;100001;109.99;100;11318112643;B
20241021;100001;109.99;136;11318112644;B
20241021;100001;109.94;500;11318112681;S
20241021;100001;109.94;25;11318112688;S
20241021;100001;109.94;757;11318112707;S
20241021;100001;109.94;47;11318112757;S
20241021;100001;109.94;3;11318112778;S
20241021;100001;109.98;5;11318112787;B
20241021;100001;109.94;80;11318112837;S
20241021;100002;109.95;200;11318112957;B
20241021;100002;109.95;200;11318112969;B
20241021;100002;109.96;246;11318112970;B
20241021;100002;109.95;1;11318112994;B
20241021;100002;109.95;399;11318112995;B
20241021;100002;109.96;849;11318112996;B
20241021;100002;109.96;37;11318112997;B
20241021;100002;109.94;20;11318113052;B
20241021;100002;109.94;1075;11318113122;B
20241021;100002;109.95;400;11318113123;B
20241021;100002;109.95;182;11318113124;B
20241021;100002;109.95;31;11318113125;B
20241021;100002;109.96;363;11318113126;B
20241021;100002;109.96;910;11318113127;B
20241021;100002;109.97;400;11318113128;B
20241021;100002;109.97;170;11318113129;B
20241021;100002;109.98;1820;11318113130;B
20241021;100002;109.98;400;11318113131;B
20241021;100002;109.98;1278;11318113132;B
20241021;100002;109.99;364;11318113133;B
20241021;100002;109.99;10;11318113134;B
20241021;100002;109.99;1;11318113135;B
20241021;100002;109.99;1;11318113136;B
20241021;100002;109.99;9;11318113137;B
20241021;100002;109.99;5;11318113138;B
20241021;100002;109.99;581;11318113139;B
20241021;100002;109.9;2;11318113225;B
20241021;100002;109.93;1;11318113226;B
20241021;100002;109.93;1;11318113227;B
20241021;100002;109.94;1;11318113228;B
20241021;100002;109.94;1;11318113229;B
20241021;100002;109.97;994;11318113230;B
20241021;100002;109.97;1;11318113237;B
20241021;100002;109.89;10;11318113239;S
20241021;100002;109.97;1000;11318113262;B
20241021;100002;109.93;100;11318113344;S
20241021;100002;109.93;890;11318113374;S
20241021;100003;109.89;20;11318113765;B
20241021;100003;109.9;28;11318113766;B
20241021;100003;109.94;1;11318113767;B
20241021;100003;109.97;50;11318113768;B
20241021;100003;109.97;201;11318113769;B
20241021;100003;109.98;10;11318113779;B
20241021;100003;109.98;3;11318113780;B
20241021;100003;109.98;2;11318113781;B
20241021;100003;109.98;1093;11318113873;B
20241021;100003;109.98;6;11318113874;B
20241021;100003;109.98;401;11318113875;B
20241021;100003;109.9;81;11318114252;S
20241021;100004;109.91;10;11318114428;S
20241021;100004;109.89;558;11318114429;S
20241021;100004;109.89;1000;11318114650;S
20241021;100004;109.89;998;11318114651;S
20241021;100004;109.89;400;11318114652;S
20241021;100004;109.89;400;11318114654;B
20241021;100004;109.88;700;11318114656;S
20241021;100004;109.88;100;11318114657;S
20241021;100004;109.88;700;11318114661;S
20241021;100004;109.88;400;11318114665;S
20241021;100004;109.88;300;11318114666;S
20241021;100004;109.88;700;11318114667;S
20241021;100004;109.88;400;11318114672;S
20241021;100004;109.87;300;11318114673;S
20241021;100004;109.89;102;11318114675;B
20241021;100004;109.89;298;11318114676;B
20241021;100004;109.88;400;11318115035;S
20241021;100004;109.87;4600;11318115036;S
20241021;100004;109.88;400;11318115038;S
20241021;100004;109.87;100;11318115039;S
20241021;100004;109.88;100;11318115041;S
20241021;100004;109.89;50;11318115091;B
20241021;100004;109.88;100;11318115093;S
20241021;100004;109.89;200;11318115139;B
20241021;100004;109.88;100;11318115149;S
20241021;100004;109.89;1;11318115514;B
20241021;100004;109.88;10;11318115518;S
20241021;100004;109.88;10;11318115531;S
20241021;100004;109.88;5;11318115538;S
20241021;100004;109.89;2;11318115550;B
20241021;100004;109.88;4;11318115555;S
20241021;100004;109.88;5;11318115560;S
20241021;100004;109.88;10;11318115584;S
20241021;100004;109.89;1;11318115591;B
20241021;100004;109.89;9;11318115593;B
20241021;100004;109.89;1;11318115597;B
20241021;100004;109.89;1;11318115603;B
20241021;100004;109.89;1;11318115608;B
20241021;100004;109.89;1;11318115615;B
20241021;100004;109.89;1;11318115618;B
20241021;100004;109.89;1;11318115621;B
20241021;100004;109.89;1;11318115626;B
20241021;100004;109.89;1;11318115703;B
20241021;100004;109.89;1;11318115711;B
20241021;100004;109.89;1;11318115718;B
20241021;100004;109.89;1;11318115720;B
20241021;100004;109.89;10;11318115730;B
20241021;100004;109.89;1;11318115748;B
20241021;100004;109.89;1;11318115760;B
20241021;100004;109.89;1;11318115769;B
20241021;100004;109.88;10;11318115798;S
20241021;100004;109.89;1;11318115803;B
20241021;100004;109.89;12;11318115811;B
20241021;100004;109.89;1;11318115828;B
20241021;100004;109.89;1;11318115839;B
20241021;100004;109.89;1;11318115846;B
20241021;100004;109.88;1;11318115861;S
20241021;100004;109.89;1;11318115862;B
20241021;100004;109.89;1;11318115864;B
20241021;100004;109.89;1;11318115867;B
20241021;100004;109.89;1;11318115869;B
20241021;100004;109.89;1;11318115870;B
20241021;100004;109.88;1;11318115880;S
20241021;100004;109.89;5;11318115881;B
20241021;100004;109.89;1;11318115887;B
20241021;100004;109.89;1;11318115889;B
20241021;100004;109.88;1;11318115895;S
20241021;100004;109.89;1;11318115900;B
20241021;100004;109.89;1;11318115903;B
20241021;100004;109.88;3;11318115915;S
20241021;100004;109.88;1;11318115920;S
20241021;100004;109.89;1;11318115928;B
20241021;100004;109.88;10;11318115940;S
20241021;100004;109.88;28;11318115943;S
20241021;100004;109.88;1;11318115952;S
20241021;100004;109.87;6;11318115953;S
20241021;100004;109.89;1;11318115955;B
20241021;100004;109.89;1;11318115958;B
20241021;100004;109.89;1;11318115964;B
20241021;100004;109.89;1;11318115968;B
20241021;100004;109.89;1;11318115974;B
20241021;100004;109.89;1;11318115982;B
20241021;100004;109.89;1;11318115986;B
20241021;100004;109.89;1;11318116002;B
20241021;100004;109.89;1;11318116005;B
20241021;100004;109.89;1;11318116009;B
20241021;100004;109.88;1;11318116018;S
20241021;100004;109.88;10;11318116019;S
20241021;100004;109.89;1;11318116028;B
20241021;100004;109.88;1;11318116030;S
20241021;100004;109.88;11;11318116048;S
20241021;100004;109.89;1;11318116055;B
20241021;100004;109.89;1;11318116062;B
20241021;100004;109.88;6;11318116067;S
20241021;100004;109.89;1;11318116072;B
20241021;100004;109.89;3;11318116079;B
20241021;100004;109.88;10;11318116082;S
20241021;100004;109.89;1;11318116090;B
20241021;100004;109.88;10;11318116095;S
20241021;100004;109.88;1;11318116102;S
20241021;100004;109.88;10;11318116106;S
20241021;100004;109.89;2;11318116126;B
20241021;100004;109.88;9;11318116132;S
20241021;100004;109.89;1;11318116142;B
20241021;100004;109.89;1;11318116149;B
20241021;100004;109.88;2;11318116153;S
20241021;100004;109.89;1;11318116161;B
20241021;100004;109.89;1;11318116168;B
20241021;100004;109.89;1;11318116169;B
20241021;100004;109.89;1;11318116186;B
20241021;100004;109.89;1;11318116191;B
20241021;100004;109.89;1;11318116199;B
20241021;100004;109.89;1;11318116203;B
20241021;100004;109.89;1;11318116214;B
20241021;100004;109.89;1;11318116222;B
20241021;100004;109.88;7;11318116228;S
20241021;100004;109.89;1;11318116234;B
20241021;100004;109.89;352;11318116238;B
20241021;100004;109.89;148;11318116239;B
20241021;100004;109.89;1;11318116248;B
20241021;100004;109.89;1;11318116260;B
20241021;100004;109.89;1;11318116268;B
20241021;100004;109.89;1;11318116275;B
20241021;100004;109.89;1;11318116284;B
20241021;100005;109.89;1;11318116295;B
20241021;100005;109.89;1;11318116333;B
20241021;100005;109.89;2;11318116348;B
20241021;100005;109.89;1;11318116356;B
20241021;100005;109.89;1;11318116369;B
20241021;100005;109.89;1;11318116378;B
20241021;100005;109.88;1;11318116385;S
20241021;100005;109.89;1;11318116394;B
20241021;100005;109.89;1;11318116397;B
20241021;100005;109.89;1;11318116403;B
20241021;100005;109.89;1;11318116415;B
20241021;100005;109.89;1;11318116418;B
20241021;100005;109.89;1;11318116423;B
20241021;100005;109.89;1;11318116424;B
20241021;100005;109.88;11;11318116429;S
20241021;100005;109.89;1;11318116434;B
20241021;100005;109.89;1;11318116441;B
20241021;100005;109.88;1;11318116447;S
20241021;100005;109.89;1;11318116450;B
20241021;100005;109.88;309;11318116457;S
20241021;100005;109.87;34691;11318116458;S
20241021;100005;109.89;1;11318116459;B
20241021;100005;109.88;81;11318116462;S
20241021;100005;109.89;1;11318116463;B
20241021;100005;109.88;319;11318116464;S
20241021;100005;109.89;1;11318116471;B
20241021;100005;109.89;1;11318116477;B
20241021;100005;109.89;1;11318116480;B
20241021;100005;109.89;1;11318116489;B
20241021;100005;109.89;1;11318116497;B
20241021;100005;109.89;1;11318116505;B
20241021;100005;109.89;1;11318116507;B
20241021;100005;109.89;1;11318116536;B
20241021;100005;109.89;1;11318116570;B
20241021;100005;109.89;1;11318116615;B
20241021;100005;109.89;1;11318116619;B
20241021;100005;109.89;1;11318116623;B
20241021;100005;109.89;1;11318116625;B
20241021;100005;109.89;1;11318116629;B
20241021;100005;109.89;1;11318116634;B
20241021;100005;109.89;1;11318116635;B
20241021;100005;109.89;1;11318116647;B
20241021;100005;109.89;1;11318116658;B
20241021;100005;109.89;1;11318116674;B
20241021;100005;109.89;10;11318116677;B
20241021;100005;109.89;1;11318116688;B
20241021;100005;109.89;1;11318116697;B
20241021;100005;109.89;10;11318116699;B
20241021;100005;109.89;1;11318116717;B
20241021;100005;109.89;1;11318116721;B
20241021;100005;109.88;1;11318116747;S
20241021;100005;109.89;1;11318116750;B
20241021;100005;109.88;2;11318116754;S
20241021;100005;109.89;1;11318116761;B
20241021;100005;109.89;1;11318116764;B
20241021;100005;109.88;4;11318116775;S
20241021;100005;109.89;1;11318116788;B
20241021;100005;109.88;10;11318116812;S
20241021;100005;109.89;1;11318116825;B
20241021;100005;109.88;10;11318116836;S
20241021;100005;109.89;1;11318116848;B
20241021;100005;109.89;1;11318116861;B
20241021;100005;109.88;40;11318116868;S
20241021;100005;109.89;1;11318116874;B
20241021;100005;109.89;1;11318116879;B
20241021;100005;109.89;1;11318116902;B
20241021;100005;109.89;1;11318116917;B
20241021;100005;109.89;1;11318116939;B
20241021;100005;109.89;1;11318116952;B
20241021;100005;109.89;1;11318116965;B
20241021;100005;109.89;1;11318116991;B
20241021;100005;109.89;1;11318117005;B
20241021;100005;109.89;1;11318117022;B
20241021;100005;109.89;1;11318117044;B
20241021;100005;109.89;10;11318117054;B
20241021;100005;109.89;1;11318117121;B
20241021;100005;109.89;1;11318117155;B
20241021;100005;109.89;1;11318117171;B
20241021;100005;109.88;1;11318117187;S
20241021;100005;109.89;1;11318117217;B
20241021;100005;109.89;1;11318117248;B
20241021;100005;109.89;1;11318117259;B
20241021;100005;109.88;1;11318117279;S
20241021;100005;109.89;1;11318117290;B
20241021;100005;109.89;1;11318117299;B
20241021;100005;109.88;331;11318117311;S
20241021;100005;109.87;69;11318117312;S
20241021;100005;109.89;10;11318117317;B
20241021;100005;109.89;1;11318117325;B
20241021;100005;109.89;1;11318117338;B
20241021;100005;109.89;1;11318117352;B
20241021;100005;109.89;1;11318117365;B
20241021;100005;109.89;1;11318117377;B
20241021;100005;109.89;1;11318117399;B
20241021;100005;109.89;1;11318117426;B
20241021;100005;109.89;1;11318117433;B
20241021;100005;109.89;1;11318117435;B
20241021;100005;109.89;1;11318117441;B
20241021;100005;109.89;1;11318117448;B
20241021;100005;109.89;1;11318117463;B
20241021;100005;109.89;1;11318117464;B
20241021;100005;109.89;1;11318117472;B
20241021;100005;109.89;1;11318117483;B
20241021;100005;109.89;1;11318117485;B
20241021;100005;109.89;323;11318117491;B
20241021;100005;109.89;300;11318117492;B
20241021;100005;109.89;287;11318117493;B
20241021;100005;109.88;1;11318117495;S
20241021;100005;109.89;1;11318117496;B
20241021;100005;109.89;1;11318117516;B
20241021;100005;109.89;1;11318117530;B
20241021;100005;109.88;7;11318117533;S
20241021;100005;109.89;1;11318117539;B
20241021;100005;109.89;1;11318117541;B
20241021;100005;109.89;1;11318117556;B
20241021;100005;109.89;1;11318117562;B
20241021;100005;109.88;11;11318117566;S
20241021;100005;109.89;1;11318117576;B
20241021;100005;109.89;1;11318117596;B
20241021;100005;109.89;1;11318117597;B
20241021;100005;109.89;1;11318117610;B
20241021;100005;109.89;1;11318117611;B
20241021;100005;109.89;1;11318117621;B
20241021;100005;109.89;1;11318117626;B
20241021;100005;109.89;1;11318117639;B
20241021;100005;109.89;1;11318117642;B
20241021;100005;109.88;1;11318117660;S
20241021;100005;109.89;1;11318117666;B
20241021;100005;109.88;2;11318117678;S
20241021;100005;109.89;160;11318117682;B
20241021;100005;109.88;10;11318117685;S
20241021;100005;109.88;1;11318117697;S
20241021;100005;109.89;1;11318117742;B
20241021;100005;109.89;18;11318117760;B
20241021;100005;109.89;1;11318117768;B
20241021;100005;109.88;9;11318117779;S
20241021;100005;109.89;10;11318117802;B
20241021;100005;109.89;1;11318117816;B
20241021;100005;109.89;1;11318117832;B
20241021;100005;109.89;1;11318117848;B
20241021;100005;109.89;1;11318117851;B
20241021;100005;109.89;1;11318117866;B
20241021;100005;109.89;1;11318117869;B
20241021;100005;109.89;1;11318117885;B
20241021;100005;109.89;1;11318117911;B
20241021;100005;109.89;1;11318117925;B
20241021;100005;109.89;10;11318117927;B
20241021;100005;109.89;1;11318117941;B
20241021;100005;109.89;5;11318117944;B
20241021;100005;109.89;1;11318117956;B
20241021;100005;109.89;1;11318117958;B
20241021;100005;109.89;1;11318117971;B
20241021;100005;109.89;1;11318117980;B
20241021;100005;109.89;1;11318117992;B
20241021;100005;109.89;1;11318118007;B
20241021;100005;109.89;1;11318118017;B
20241021;100005;109.89;1;11318118033;B
20241021;100005;109.88;17;11318118039;S
20241021;100005;109.89;1;11318118051;B
20241021;100005;109.89;1;11318118058;B
20241021;100005;109.89;1;11318118080;B
20241021;100005;109.89;1;11318118088;B
20241021;100005;109.89;1;11318118091;B
20241021;100005;109.88;1;11318118099;S
20241021;100005;109.89;1;11318118115;B
20241021;100005;109.89;1;11318118123;B
20241021;100005;109.88;8;11318118130;S
20241021;100005;109.89;1;11318118148;B
20241021;100005;109.89;1;11318118154;B
20241021;100005;109.89;1;11318118168;B
20241021;100005;109.89;1;11318118180;B
20241021;100005;109.89;1;11318118187;B
20241021;100005;109.89;1;11318118202;B
20241021;100005;109.89;1;11318118208;B
20241021;100005;109.89;1;11318118221;B
20241021;100005;109.89;1;11318118238;B
20241021;100005;109.89;1;11318118250;B
20241021;100005;109.89;1000;11318118399;B
20241021;100005;109.88;200;11318118902;S
20241021;100005;109.88;1;11318119153;S
20241021;100005;109.88;131;11318119221;S
20241021;100005;109.87;369;11318119222;S
20241021;100006;109.89;250;11318119768;B
20241021;100006;109.89;1;11318119888;B
20241021;100006;109.89;1;11318119891;B
20241021;100006;109.88;10;11318119900;S
20241021;100006;109.89;1;11318119909;B
20241021;100006;109.88;1;11318119914;S
20241021;100006;109.88;1;11318119919;S
20241021;100006;109.89;1;11318119926;B
20241021;100006;109.89;1;11318119930;B
20241021;100006;109.89;1;11318119941;B
20241021;100006;109.89;1;11318119949;B
20241021;100006;109.89;1;11318120129;B
20241021;100006;109.89;1;11318120143;B
20241021;100006;109.89;1;11318120155;B
20241021;100006;109.89;1;11318120162;B
20241021;100006;109.88;1;11318120177;S
20241021;100006;109.89;1;11318120185;B
20241021;100006;109.89;1;11318120189;B
20241021;100006;109.89;45;11318120201;B
20241021;100006;109.89;1;11318120206;B
20241021;100006;109.89;1;11318120212;B
20241021;100006;109.89;1;11318120218;B
20241021;100006;109.89;5;11318120224;B
20241021;100006;109.89;1;11318120239;B
20241021;100006;109.89;1;11318120254;B
20241021;100006;109.89;1;11318120276;B
20241021;100006;109.89;1;11318120283;B
20241021;100006;109.89;1;11318120294;B
20241021;100006;109.89;1;11318120301;B
20241021;100006;109.89;1;11318120314;B
20241021;100006;109.89;1;11318120323;B
20241021;100006;109.89;1;11318120332;B
20241021;100006;109.89;1;11318120343;B
20241021;100006;109.89;1;11318120347;B
20241021;100006;109.89;10;11318120357;B
20241021;100006;109.89;1;11318120370;B
20241021;100006;109.89;1;11318120377;B
20241021;100006;109.89;1;11318120396;B
20241021;100006;109.89;1;11318120409;B
20241021;100006;109.89;1;11318120416;B
20241021;100006;109.89;1;11318120433;B
20241021;100006;109.89;1;11318120441;B
20241021;100006;109.89;1;11318120456;B
20241021;100006;109.89;1;11318120461;B
20241021;100006;109.89;1;11318120517;B
20241021;100006;109.89;1;11318120519;B
20241021;100006;109.88;387;11318120521;S
20241021;100006;109.87;2350;11318120522;S
20241021;100006;109.88;400;11318120540;S
20241021;100006;109.87;100;11318120541;S
20241021;100006;109.88;400;11318120543;S
20241021;100006;109.88;1;11318120548;B
20241021;100006;109.87;1;11318120553;S
20241021;100006;109.89;1;11318120563;B
20241021;100006;109.89;1;11318120588;B
20241021;100006;109.89;1;11318120595;B
20241021;100006;109.87;1;11318120602;S
20241021;100006;109.89;1;11318120603;B
20241021;100006;109.89;1;11318120611;B
20241021;100006;109.89;1;11318120615;B
20241021;100006;109.89;1;11318120623;B
20241021;100006;109.89;1;11318120637;B
20241021;100006;109.89;20;11318120644;B
20241021;100006;109.89;1;11318120648;B
20241021;100006;109.87;1;11318120653;S
20241021;100006;109.89;1;11318120656;B
20241021;100006;109.89;1;11318120664;B
20241021;100006;109.89;1;11318120665;B
20241021;100006;109.89;1;11318120675;B
20241021;100006;109.89;1;11318120677;B
20241021;100006;109.89;1;11318120686;B
20241021;100006;109.89;1;11318120687;B
20241021;100006;109.89;1;11318120690;B
20241021;100006;109.88;10;11318120699;B
20241021;100006;109.88;1;11318120711;B
20241021;100006;109.88;1;11318120713;B
20241021;100006;109.87;10;11318120717;S
20241021;100006;109.88;1;11318120719;B
20241021;100006;109.88;1;11318120730;B
20241021;100006;109.88;1;11318120731;B
20241021;100006;109.89;1;11318120740;B
20241021;100006;109.89;1;11318120742;B
20241021;100006;109.89;1;11318120746;B
20241021;100006;109.89;1;11318120747;B
20241021;100006;109.89;10;11318120756;B
20241021;100006;109.89;1;11318120760;B
20241021;100006;109.88;10;11318120765;B
20241021;100006;109.88;1;11318120767;B
20241021;100006;109.88;1;11318120774;B
20241021;100006;109.88;1;11318120777;B
20241021;100006;109.88;1;11318120784;B
20241021;100006;109.88;1;11318120788;B
20241021;100006;109.89;1;11318120794;B
20241021;100006;109.87;10;11318120796;S
20241021;100006;109.87;1;11318120803;S
20241021;100006;109.88;4;11318120815;B
20241021;100006;109.87;3;11318120819;S
20241021;100006;109.87;3;11318120828;S
20241021;100006;109.88;1;11318120834;B
20241021;100006;109.87;1;11318120841;S
20241021;100006;109.87;10;11318120851;S
20241021;100006;109.88;1;11318120860;B
20241021;100006;109.88;1;11318120869;B
20241021;100006;109.88;1;11318120880;B
20241021;100006;109.88;1;11318120903;B
20241021;100006;109.88;1;11318120912;B
20241021;100006;109.88;1;11318120923;B
20241021;100006;109.88;1;11318120931;B
20241021;100006;109.88;1;11318120943;B
20241021;100006;109.88;1;11318120961;B
20241021;100006;109.88;1;11318120972;B
20241021;100006;109.88;1;11318120983;B
20241021;100006;109.88;1;11318120996;B
20241021;100006;109.88;1;11318121005;B
20241021;100006;109.88;1;11318121013;B
20241021;100006;109.87;1876;11318121016;S
20241021;100006;109.87;124;11318121017;S
20241021;100006;109.85;11;11318121025;S
20241021;100006;109.88;1;11318121041;B
20241021;100006;109.88;1;11318121053;B
20241021;100006;109.88;1;11318121063;B
20241021;100006;109.88;1;11318121075;B
20241021;100006;109.88;3;11318121086;B
20241021;100006;109.88;1;11318121102;B
20241021;100006;109.88;1;11318121108;B
20241021;100006;109.88;1;11318121117;B
20241021;100006;109.88;1;11318121135;B
20241021;100006;109.88;1;11318121149;B
20241021;100006;109.85;10;11318121165;S
20241021;100006;109.88;8;11318121187;B
20241021;100006;109.88;1;11318121207;B
20241021;100006;109.88;1;11318121214;B
20241021;100006;109.88;1;11318121224;B
20241021;100006;109.88;1;11318121233;B
20241021;100006;109.88;1;11318121245;B
20241021;100006;109.88;1;11318121249;B
20241021;100006;109.88;1;11318121259;B
20241021;100006;109.88;1;11318121262;B
20241021;100006;109.88;1;11318121267;B
20241021;100006;109.88;1;11318121268;B
20241021;100006;109.88;10;11318121276;B
20241021;100006;109.88;1;11318121281;B
20241021;100006;109.88;1;11318121286;B
20241021;100006;109.88;1;11318121295;B
20241021;100006;109.85;1;11318121297;S
20241021;100006;109.88;1;11318121298;B
20241021;100006;109.88;1;11318121308;B
20241021;100006;109.88;1;11318121323;B
20241021;100006;109.88;10;11318121327;B
20241021;100006;109.88;1;11318121331;B
20241021;100006;109.88;1;11318121333;B
20241021;100006;109.88;1;11318121346;B
20241021;100006;109.88;1;11318121381;B
20241021;100006;109.88;1;11318121395;B
20241021;100006;109.88;1;11318121407;B
20241021;100006;109.88;1;11318121420;B
20241021;100006;109.88;1;11318121436;B
20241021;100006;109.88;1;11318121450;B
20241021;100006;109.88;1;11318121464;B
20241021;100006;109.85;4;11318121478;S
20241021;100006;109.85;9;11318121493;S
20241021;100006;109.88;1;11318121509;B
20241021;100006;109.88;1;11318121524;B
20241021;100006;109.88;1;11318121536;B
20241021;100006;109.85;1;11318121551;S
20241021;100006;109.88;1;11318121587;B
20241021;100006;109.88;10;11318121600;B
20241021;100006;109.88;1;11318121623;B
20241021;100006;109.88;1;11318121633;B
20241021;100006;109.88;1;11318121647;B
20241021;100006;109.88;1;11318121672;B
20241021;100006;109.88;10;11318121688;B
20241021;100006;109.86;1;11318121702;B
20241021;100006;109.86;1;11318121718;B
20241021;100006;109.86;4;11318121740;B
20241021;100006;109.86;1;11318121764;B
20241021;100006;109.86;1;11318121768;B
20241021;100006;109.86;1;11318121793;B
20241021;100006;109.86;1;11318121805;B
20241021;100006;109.86;1;11318121815;B
20241021;100006;109.86;1;11318121831;B
20241021;100006;109.86;10;11318121850;B
20241021;100006;109.86;1;11318121865;B
20241021;100006;109.86;1;11318121883;B
20241021;100006;109.86;1;11318121896;B
20241021;100006;109.85;14;11318121912;S
20241021;100006;109.86;1;11318121921;B
20241021;100006;109.86;1;11318121946;B
20241021;100006;109.85;10;11318121948;S
20241021;100006;109.86;1;11318121959;B
20241021;100006;109.86;1;11318121974;B
20241021;100006;109.86;1;11318121988;B
20241021;100006;109.86;1;11318122007;B
20241021;100006;109.86;1;11318122018;B
20241021;100006;109.85;1;11318122043;S
20241021;100006;109.86;1;11318122058;B
20241021;100006;109.86;1;11318122078;B
20241021;100006;109.86;1;11318122087;B
20241021;100006;109.86;1;11318122106;B
20241021;100006;109.86;1;11318122122;B
20241021;100006;109.86;1;11318122138;B
20241021;100006;109.86;1;11318122157;B
20241021;100006;109.86;1;11318122170;B
20241021;100006;109.86;1;11318122188;B
20241021;100006;109.86;1;11318122214;B
20241021;100006;109.86;1;11318122229;B
20241021;100006;109.86;1;11318122249;B
20241021;100006;109.85;9;11318122266;S
20241021;100007;109.86;1;11318123341;B
20241021;100007;109.86;1;11318123365;B
20241021;100007;109.86;1;11318123384;B
20241021;100007;109.86;1;11318123410;B
20241021;100007;109.86;1;11318123435;B
20241021;100007;109.86;1;11318123460;B
20241021;100007;109.86;1;11318123476;B
20241021;100007;109.86;1;11318123500;B
20241021;100007;109.86;1;11318123533;B
20241021;100007;109.86;1;11318123556;B
20241021;100007;109.86;1;11318123586;B
20241021;100007;109.86;1;11318123602;B
20241021;100007;109.86;1;11318123619;B
20241021;100007;109.86;1;11318123641;B
20241021;100007;109.86;1;11318123673;B
20241021;100007;109.85;1;11318123692;S
20241021;100007;109.86;1;11318123706;B
20241021;100007;109.86;1;11318123768;B
20241021;100007;109.86;1;11318123790;B
20241021;100007;109.86;1;11318123814;B
20241021;100007;109.86;1;11318123838;B
20241021;100007;109.86;1;11318123852;B
20241021;100007;109.86;1;11318123870;B
20241021;100007;109.86;1;11318123885;B
20241021;100007;109.86;1;11318123900;B
20241021;100007;109.86;1;11318123919;B
20241021;100007;109.86;1;11318123936;B
20241021;100007;109.86;1;11318123976;B
20241021;100007;109.86;1;11318123990;B
20241021;100007;109.85;1;11318124007;S
20241021;100007;109.86;1;11318124020;B
20241021;100007;109.85;14;11318124031;S
20241021;100007;109.86;1;11318124063;B
20241021;100007;109.86;1;11318124081;B
20241021;100007;109.86;1;11318124098;B
20241021;100007;109.86;24;11318124100;B
20241021;100007;109.86;200;11318124101;B
20241021;100007;109.86;1;11318124102;B
20241021;100007;109.88;982;11318124103;B
20241021;100007;109.88;793;11318124104;B
20241021;100007;109.85;9;11318124118;S
20241021;100007;109.88;1;11318124131;B
20241021;100007;109.87;1;11318124154;B
20241021;100007;109.88;1;11318124184;B
20241021;100007;109.88;5;11318124207;B
20241021;100007;109.89;1;11318124228;B
20241021;100007;109.85;305;11318124240;S
20241021;100007;109.84;695;11318124241;S
20241021;100007;109.88;1;11318124242;B
20241021;100007;109.85;1;11318124254;S
20241021;100007;109.87;1;11318124279;B
20241021;100007;109.87;1;11318124287;B
20241021;100007;109.87;1;11318124302;B
20241021;100007;109.87;1;11318124314;B
20241021;100007;109.87;1;11318124328;B
20241021;100007;109.87;1;11318124350;B
20241021;100007;109.86;1;11318124362;S
20241021;100007;109.87;1;11318124374;B
20241021;100007;109.87;1;11318124392;B
20241021;100007;109.87;5;11318124413;B
20241021;100007;109.86;1;11318124430;S
20241021;100007;109.87;1;11318124445;B
20241021;100007;109.87;10;11318124457;B
20241021;100007;109.87;1;11318124473;B
20241021;100007;109.87;1;11318124487;B
20241021;100007;109.87;1;11318124506;B
20241021;100007;109.87;1;11318124524;B
20241021;100007;109.87;1;11318124539;B
20241021;100007;109.87;1;11318124557;B
20241021;100007;109.86;10;11318124578;S
20241021;100007;109.87;1;11318124603;B
20241021;100007;109.87;1;11318124616;B
20241021;100007;109.87;1;11318124631;B
20241021;100007;109.87;1;11318124646;B
20241021;100007;109.87;1;11318124661;B
20241021;100007;109.87;1;11318124674;B
20241021;100007;109.87;1;11318124687;B
20241021;100007;109.87;1;11318124702;B
20241021;100007;109.87;1;11318125156;B
20241021;100007;109.87;10;11318125172;B
20241021;100007;109.87;1;11318125188;B
20241021;100007;109.87;1045;11318125203;B
20241021;100007;109.88;1692;11318125204;B
20241021;100007;109.87;1;11318125323;B
20241021;100007;109.85;7;11318125339;S
20241021;100007;109.87;1;11318125358;B
20241021;100007;109.88;1;11318125446;B
20241021;100007;109.88;1;11318125462;B
20241021;100007;109.88;1;11318125476;B
20241021;100007;109.88;1;11318125513;B
20241021;100007;109.88;1;11318125532;B
20241021;100007;109.88;1;11318125928;B
20241021;100007;109.88;1;11318125948;B
20241021;100007;109.85;1;11318125962;S
20241021;100007;109.88;1;11318125978;B
20241021;100007;109.88;1;11318125998;B
20241021;100007;109.88;1;11318126012;B
20241021;100007;109.88;1;11318126025;B
20241021;100007;109.88;1;11318126039;B
20241021;100007;109.88;1;11318126058;B
20241021;100007;109.88;1;11318126073;B
20241021;100007;109.88;1;11318126085;B
20241021;100007;109.88;1;11318126102;B
20241021;100007;109.88;264;11318126104;B
20241021;100007;109.88;1;11318126118;B
20241021;100007;109.85;61;11318126137;S
20241021;100007;109.86;20;11318126338;S
20241021;100007;109.88;1;11318126378;B
20241021;100007;109.88;2;11318126387;B
20241021;100007;109.86;1;11318126396;S
20241021;100007;109.88;1;11318126404;B
20241021;100007;109.88;1;11318126414;B
20241021;100007;109.88;20;11318126427;B
20241021;100007;109.86;1;11318126440;S
20241021;100007;109.88;1;11318126448;B
20241021;100007;109.88;1;11318126464;B
20241021;100007;109.88;1;11318126485;B
20241021;100007;109.88;1;11318126493;B
20241021;100007;109.88;1;11318126504;B
20241021;100007;109.88;1;11318126515;B
20241021;100007;109.88;1;11318126527;B
20241021;100007;109.88;1;11318126534;B
20241021;100007;109.88;1;11318126545;B
20241021;100007;109.88;1;11318126566;B
20241021;100007;109.86;4;11318126579;S
20241021;100007;109.88;1;11318126594;B
20241021;100007;109.88;1;11318126606;B
20241021;100007;109.88;1;11318126617;B
20241021;100007;109.88;1;11318126628;B
20241021;100007;109.86;9;11318126647;S
20241021;100007;109.88;1;11318126659;B
20241021;100007;109.88;1;11318126670;B
20241021;100007;109.88;1;11318126687;B
20241021;100007;109.88;1;11318126703;B
20241021;100007;109.88;1;11318126716;B
20241021;100007;109.88;1;11318126726;B
20241021;100007;109.88;1;11318126732;B
20241021;100007;109.88;1;11318126751;B
20241021;100007;109.88;1;11318126764;B
20241021;100007;109.88;1;11318126775;B
20241021;100007;109.88;1;11318126794;B
20241021;100007;109.88;4;11318126812;B
20241021;100007;109.88;1;11318126830;B
20241021;100007;109.88;1;11318126841;B
20241021;100007;109.86;9;11318126851;S
20241021;100007;109.88;1;11318126873;B
20241021;100007;109.88;1;11318126886;B
20241021;100007;109.88;1;11318126894;B
20241021;100007;109.86;1;11318126904;S
20241021;100007;109.88;10;11318126918;B
20241021;100007;109.88;1;11318126930;B
20241021;100007;109.88;1;11318126943;B
20241021;100007;109.88;1;11318126952;B
20241021;100007;109.88;1;11318126962;B
20241021;100007;109.88;1;11318126964;B
20241021;100007;109.88;1;11318126975;B
20241021;100007;109.88;1;11318126982;B
20241021;100007;109.88;1;11318126990;B
20241021;100007;109.88;1;11318127000;B
20241021;100007;109.88;1;11318127013;B
20241021;100007;109.88;1;11318127017;B
20241021;100007;109.88;1;11318127023;B
20241021;100007;109.88;1;11318127026;B
20241021;100007;109.86;1;11318127031;S
20241021;100007;109.88;10;11318127036;B
20241021;100008;109.88;1;11318127139;B
20241021;100008;109.88;1;11318127145;B
20241021;100008;109.88;1;11318127155;B
20241021;100008;109.86;1;11318127161;S
20241021;100008;109.88;1;11318127162;B
20241021;100008;109.88;1;11318127167;B
20241021;100008;109.86;1;11318127169;S
20241021;100008;109.88;1;11318127171;B
20241021;100008;109.88;1;11318127174;B
20241021;100008;109.86;4;11318127177;S
20241021;100008;109.88;1;11318127181;B
20241021;100008;109.88;1;11318127185;B
20241021;100008;109.88;1;11318127186;B
20241021;100008;109.88;1;11318127189;B
20241021;100008;109.88;1;11318127190;B
20241021;100008;109.88;1;11318127191;B
20241021;100008;109.88;1;11318127196;B
20241021;100008;109.86;2;11318127199;S
20241021;100008;109.88;1;11318127200;B
20241021;100008;109.86;1;11318127203;S
20241021;100008;109.86;6;11318127204;S
20241021;100008;109.88;5;11318127205;B
20241021;100008;109.86;2;11318127207;S
20241021;100008;109.88;1;11318127209;B
20241021;100008;109.88;1;11318127211;B
20241021;100008;109.88;1;11318127212;B
20241021;100008;109.88;1;11318127214;B
20241021;100008;109.88;1;11318127216;B
20241021;100008;109.86;1;11318127225;S
20241021;100008;109.88;1;11318127226;B
20241021;100008;109.88;5;11318127228;B
20241021;100008;109.88;1;11318127233;B
20241021;100008;109.88;3;11318127235;B
20241021;100008;109.88;1;11318127238;B
20241021;100008;109.88;1;11318127239;B
20241021;100008;109.88;1;11318127241;B
20241021;100008;109.88;1;11318127244;B
20241021;100008;109.88;1;11318127246;B
20241021;100008;109.86;1;11318127247;S
20241021;100008;109.88;1;11318127249;B
20241021;100008;109.88;1;11318127252;B
20241021;100008;109.88;1;11318127254;B
20241021;100008;109.88;1;11318127256;B
20241021;100008;109.88;1;11318127258;B
20241021;100008;109.88;1;11318127259;B
20241021;100008;109.88;1;11318127261;B
20241021;100008;109.88;1;11318127264;B
20241021;100008;109.88;1;11318127265;B
20241021;100008;109.88;1;11318127266;B
20241021;100008;109.88;1;11318127269;B
20241021;100008;109.88;1;11318127270;B
20241021;100008;109.88;1;11318127271;B
20241021;100008;109.86;10;11318127273;S
20241021;100008;109.88;1;11318127275;B
20241021;100008;109.88;1;11318127276;B
20241021;100008;109.88;1;11318127279;B
20241021;100008;109.86;1;11318127281;S
20241021;100008;109.88;1;11318127282;B
20241021;100008;109.88;1;11318127285;B
20241021;100008;109.86;2;11318127290;S
20241021;100008;109.88;1;11318127292;B
20241021;100008;109.88;1;11318127293;B
20241021;100008;109.88;1;11318127298;B
20241021;100008;109.88;1;11318127304;B
20241021;100008;109.88;1;11318127307;B
20241021;100008;109.88;1;11318127309;B
20241021;100008;109.86;1;11318127311;S
20241021;100008;109.88;1;11318127315;B
20241021;100008;109.88;1;11318127340;B
20241021;100008;109.88;1;11318127345;B
20241021;100008;109.88;1;11318127355;B
20241021;100008;109.88;1;11318127365;B
20241021;100008;109.88;1;11318127374;B
20241021;100008;109.88;1;11318127377;B
20241021;100008;109.88;1;11318127389;B
20241021;100008;109.88;1;11318127399;B
20241021;100008;109.88;1;11318127403;B
20241021;100008;109.88;1;11318127416;B
20241021;100008;109.88;1;11318127429;B
20241021;100008;109.88;1;11318127441;B
20241021;100008;109.88;1;11318127447;B
20241021;100008;109.88;1;11318127455;B
20241021;100008;109.88;1;11318127460;B
20241021;100008;109.88;1;11318127462;B
20241021;100008;109.86;3;11318127463;S
20241021;100008;109.86;7;11318127464;S
20241021;100008;109.88;1;11318127468;B
20241021;100008;109.88;1;11318127469;B
20241021;100008;109.88;1;11318127470;B
20241021;100008;109.88;9;11318127471;B
20241021;100008;109.88;10;11318127472;B
20241021;100008;109.88;1;11318127475;B
20241021;100008;109.88;1;11318127476;B
20241021;100008;109.88;1;11318127477;B
20241021;100008;109.86;1;11318127478;S
20241021;100008;109.88;1;11318127483;B
20241021;100008;109.88;1;11318127485;B
20241021;100008;109.86;9;11318127486;S
20241021;100008;109.88;1;11318127487;B
20241021;100008;109.88;1;11318127488;B
20241021;100008;109.88;1;11318127493;B
20241021;100008;109.88;1;11318127494;B
20241021;100008;109.88;1;11318127498;B
20241021;100008;109.88;1;11318127501;B
20241021;100008;109.88;1;11318127502;B
20241021;100008;109.88;1;11318127504;B
20241021;100008;109.88;1;11318127505;B
20241021;100008;109.88;1;11318127507;B
20241021;100008;109.88;1;11318127510;B
20241021;100008;109.88;1;11318127513;B
20241021;100008;109.88;1;11318127514;B
20241021;100008;109.88;1;11318127517;B
20241021;100008;109.88;1;11318127518;B
20241021;100008;109.88;10;11318127522;B
20241021;100008;109.86;9;11318127523;S
20241021;100008;109.88;1;11318127526;B
20241021;100008;109.88;1;11318127528;B
20241021;100008;109.88;1;11318127529;B
20241021;100008;109.88;1;11318127530;B
20241021;100008;109.88;1;11318127532;B
20241021;100008;109.88;1;11318127534;B
20241021;100008;109.88;1;11318127535;B
20241021;100008;109.88;1;11318127537;B
20241021;100008;109.88;1;11318127538;B
20241021;100008;109.88;1;11318127540;B
20241021;100008;109.88;9;11318127542;B
20241021;100008;109.88;1;11318127544;B
20241021;100008;109.88;1;11318127546;B
20241021;100008;109.88;1;11318127547;B
20241021;100008;109.88;1;11318127549;B
20241021;100008;109.88;1;11318127550;B
20241021;100008;109.88;1;11318127552;B
20241021;100008;109.88;1;11318127553;B
20241021;100008;109.88;1;11318127555;B
20241021;100008;109.88;1;11318127557;B
20241021;100008;109.88;1;11318127559;B
20241021;100008;109.88;1;11318127560;B
20241021;100008;109.88;10;11318127561;B
20241021;100008;109.88;1;11318127565;B
20241021;100008;109.88;1;11318127566;B
20241021;100008;109.88;1;11318127570;B
20241021;100008;109.86;8;11318127571;S
20241021;100008;109.88;1;11318127574;B
20241021;100008;109.88;1;11318127576;B
20241021;100008;109.88;1;11318127580;B
20241021;100008;109.88;1;11318127581;B
20241021;100008;109.88;1;11318127582;B
20241021;100008;109.88;1;11318127584;B
20241021;100008;109.88;1;11318127585;B
20241021;100008;109.88;1;11318127589;B
20241021;100008;109.86;9;11318127591;S
20241021;100008;109.88;1;11318127592;B
20241021;100008;109.88;1;11318127593;B
20241021;100008;109.88;1;11318127594;B
20241021;100008;109.88;1;11318127599;B
20241021;100008;109.88;1;11318127603;B
20241021;100008;109.88;10;11318127606;B
20241021;100008;109.88;1;11318127609;B
20241021;100008;109.88;1;11318127610;B
20241021;100008;109.88;1;11318127611;B
20241021;100008;109.88;1;11318127616;B
20241021;100008;109.88;1;11318127618;B
20241021;100008;109.88;1;11318127621;B
20241021;100008;109.88;1;11318127623;B
20241021;100008;109.86;1;11318127627;S
20241021;100008;109.86;1;11318127628;S
20241021;100008;109.88;1;11318127634;B
20241021;100008;109.88;1;11318127635;B
20241021;100008;109.88;1;11318127636;B
20241021;100008;109.88;1;11318127646;B
20241021;100008;109.88;1;11318127647;B
20241021;100008;109.88;1;11318127650;B
20241021;100008;109.88;1;11318127652;B
20241021;100008;109.86;1;11318127657;S
20241021;100008;109.88;1;11318127658;B
20241021;100008;109.88;1;11318127662;B
20241021;100008;109.88;20;11318127665;B
20241021;100008;109.88;1;11318127667;B
20241021;100008;109.88;1;11318127668;B
20241021;100008;109.88;1;11318127670;B
20241021;100008;109.88;1;11318127681;B
20241021;100008;109.88;1;11318127682;B
20241021;100008;109.88;1;11318127687;B
20241021;100008;109.88;1;11318127689;B
20241021;100008;109.88;1;11318127691;B
20241021;100008;109.88;1;11318127701;B
20241021;100008;109.88;1;11318127707;B
20241021;100008;109.86;1;11318127710;S
20241021;100008;109.88;1;11318127716;B
20241021;100008;109.88;1;11318127718;B
20241021;100008;109.88;1;11318127720;B
20241021;100008;109.88;1;11318127726;B
20241021;100008;109.88;1;11318127732;B
20241021;100008;109.88;1;11318127733;B
20241021;100008;109.88;1;11318127743;B
20241021;100008;109.88;4;11318127744;B
20241021;100008;109.88;1;11318127748;B
20241021;100008;109.88;1;11318127750;B
20241021;100008;109.88;1;11318127751;B
20241021;100008;109.88;1;11318127759;B
20241021;100008;109.88;1;11318127761;B
20241021;100008;109.88;1;11318127766;B
20241021;100008;109.86;12;11318127770;S
20241021;100008;109.86;4;11318127771;S
20241021;100008;109.88;1;11318127773;B
20241021;100008;109.88;1;11318127775;B
20241021;100008;109.88;1;11318127783;B
20241021;100008;109.88;1;11318127784;B
20241021;100008;109.88;1;11318127787;B
20241021;100008;109.88;1;11318127790;B
20241021;100008;109.88;1;11318127796;B
20241021;100008;109.88;1;11318127799;B
20241021;100008;109.88;1;11318127802;B
20241021;100008;109.88;1;11318127806;B
20241021;100008;109.88;1;11318127807;B
20241021;100008;109.88;3;11318127817;B
20241021;100008;109.88;10;11318127818;B
20241021;100008;109.88;1;11318127823;B
20241021;100008;109.88;1;11318127825;B
20241021;100008;109.88;1;11318127827;B
20241021;100008;109.88;1;11318127831;B
20241021;100008;109.88;1;11318127835;B
20241021;100008;109.88;5;11318127845;B
20241021;100008;109.88;1;11318127850;B
20241021;100008;109.88;1;11318127852;B
20241021;100008;109.86;10;11318127856;S
20241021;100008;109.88;1;11318127863;B
20241021;100008;109.86;9;11318127864;S
20241021;100008;109.88;1;11318127865;B
20241021;100008;109.88;1;11318127873;B
20241021;100008;109.88;1;11318127875;B
20241021;100008;109.88;1;11318127889;B
20241021;100008;109.88;1;11318127902;B
20241021;100008;109.88;1;11318127909;B
20241021;100008;109.88;1;11318127923;B
20241021;100008;109.88;1;11318127938;B
20241021;100008;109.88;1;11318127941;B
20241021;100008;109.88;1;11318127952;B
20241021;100008;109.88;1;11318127971;B
20241021;100008;109.88;1;11318127981;B
20241021;100008;109.88;1;11318127999;B
20241021;100008;109.86;1;11318128022;S
20241021;100008;109.88;1;11318128043;B
20241021;100008;109.88;1;11318128056;B
20241021;100008;109.88;1;11318128068;B
20241021;100008;109.88;1;11318128084;B
20241021;100008;109.88;1;11318128098;B
20241021;100008;109.88;1;11318128119;B
20241021;100008;109.88;1;11318128128;B
20241021;100008;109.88;1;11318128138;B
20241021;100008;109.88;1;11318128143;B
20241021;100008;109.88;1;11318128152;B
20241021;100008;109.88;1;11318128170;B
20241021;100008;109.88;1;11318128183;B
20241021;100008;109.88;1;11318128191;B
20241021;100008;109.88;1;11318128192;B
20241021;100008;109.88;1;11318128194;B
20241021;100008;109.88;1;11318128202;B
20241021;100008;109.88;1;11318128204;B
20241021;100008;109.88;1;11318128208;B
20241021;100008;109.88;1;11318128215;B
20241021;100008;109.88;1;11318128224;B
20241021;100008;109.88;1;11318128227;B
20241021;100008;109.88;1;11318128232;B
20241021;100008;109.88;1;11318128233;B
20241021;100008;109.88;1;11318128241;B
20241021;100008;109.88;1;11318128247;B
20241021;100008;109.88;1;11318128251;B
20241021;100008;109.88;1;11318128256;B
20241021;100008;109.88;1;11318128257;B
20241021;100008;109.88;1;11318128264;B
20241021;100008;109.88;1;11318128269;B
20241021;100008;109.88;10;11318128278;B
20241021;100008;109.88;1;11318128282;B
20241021;100008;109.88;1;11318128286;B
20241021;100008;109.86;2;11318128296;S
20241021;100008;109.88;1;11318128311;B
20241021;100008;109.88;1;11318128312;B
20241021;100008;109.88;1;11318128324;B
20241021;100008;109.88;1;11318128325;B
20241021;100008;109.88;1;11318128328;B
20241021;100008;109.88;1;11318128338;B
20241021;100008;109.88;1;11318128341;B
20241021;100008;109.88;1;11318128344;B
20241021;100008;109.88;1;11318128353;B
20241021;100008;109.88;1;11318128356;B
20241021;100008;109.88;1;11318128361;B
20241021;100008;109.88;11;11318128370;B
20241021;100008;109.88;1;11318128373;B
20241021;100008;109.88;1;11318128381;B
20241021;100008;109.86;9;11318128382;S
20241021;100008;109.88;1;11318128392;B
20241021;100008;109.88;1;11318128400;B
20241021;100008;109.88;1;11318128401;B
20241021;100008;109.88;10;11318128407;B
20241021;100008;109.88;1;11318128411;B
20241021;100008;109.88;1;11318128417;B
20241021;100008;109.87;10;11318128422;B
20241021;100008;109.87;1;11318128426;B
20241021;100008;109.87;1;11318128428;B
20241021;100008;109.88;1;11318128440;B
20241021;100008;109.88;1;11318128441;B
20241021;100008;109.86;10;11318128443;S
20241021;100008;109.88;1;11318128448;B
20241021;100008;109.86;1;11318128449;S
20241021;100008;109.86;37;11318128457;S
20241021;100008;109.88;1;11318128464;B
20241021;100008;109.88;1;11318128468;B
20241021;100008;109.88;1;11318128473;B
20241021;100008;109.88;1;11318128501;B
20241021;100008;109.88;1;11318128520;B
20241021;100008;109.86;3;11318128532;S
20241021;100008;109.88;26;11318128551;B
20241021;100008;109.88;1;11318128562;B
20241021;100008;109.88;1;11318128570;B
20241021;100008;109.88;1;11318128586;B
20241021;100008;109.88;1;11318128593;B
20241021;100008;109.88;1;11318128607;B
20241021;100008;109.88;5;11318128608;B
20241021;100008;109.88;5;11318128622;B
20241021;100008;109.88;1;11318128624;B
20241021;100008;109.88;1;11318128626;B
20241021;100008;109.88;1;11318128634;B
20241021;100008;109.86;1;11318128648;S
20241021;100008;109.88;1;11318128650;B
20241021;100008;109.88;1;11318128665;B
20241021;100008;109.88;10;11318128680;B
20241021;100008;109.88;1;11318128682;B
20241021;100008;109.86;1;11318128685;S
20241021;100008;109.88;1;11318128693;B
20241021;100008;109.88;1;11318128700;B
20241021;100008;109.88;1;11318128706;B
20241021;100008;109.88;1;11318128721;B
20241021;100008;109.88;1;11318128723;B
20241021;100008;109.88;4;11318128737;B
20241021;100008;109.88;1;11318128763;B
20241021;100008;109.88;1;11318128765;B
20241021;100008;109.88;1;11318128774;B
20241021;100008;109.88;1;11318128776;B
20241021;100008;109.88;1;11318128780;B
20241021;100008;109.88;1;11318128784;B
20241021;100008;109.88;1;11318128786;B
20241021;100008;109.88;1;11318128793;B
20241021;100008;109.88;1;11318128801;B
20241021;100008;109.88;1;11318128805;B
20241021;100008;109.86;9;11318128818;S
20241021;100008;109.88;1;11318128822;B
20241021;100008;109.88;1;11318128823;B
20241021;100008;109.88;1;11318128838;B
20241021;100008;109.86;2;11318128839;S
20241021;100008;109.87;1;11318128855;B
20241021;100008;109.88;10;11318128859;B
20241021;100008;109.88;1;11318128860;B
20241021;100008;109.86;10;11318128871;S
20241021;100008;109.87;1;11318128872;B
20241021;100008;109.87;7;11318128873;B
20241021;100008;109.87;1;11318128877;B
20241021;100008;109.87;1;11318128896;B
20241021;100008;109.88;1;11318128907;B
20241021;100008;109.88;1;11318128908;B
20241021;100008;109.88;1;11318128909;B
20241021;100008;109.87;1;11318128926;B
20241021;100008;109.87;1;11318128930;B
20241021;100008;109.88;1;11318128957;B
20241021;100008;109.87;1;11318128959;B
20241021;100008;109.88;1;11318128964;B
20241021;100008;109.87;1;11318128967;B
20241021;100008;109.88;1;11318128977;B
20241021;100008;109.88;1;11318128980;B
20241021;100008;109.88;1;11318128990;B
20241021;100008;109.88;1;11318129001;B
20241021;100008;109.88;1;11318129007;B
20241021;100008;109.88;1;11318129018;B
20241021;100008;109.88;1;11318129025;B
20241021;100008;109.88;1;11318129033;B
20241021;100008;109.88;1;11318129041;B
20241021;100008;109.88;1;11318129051;B
20241021;100008;109.88;1;11318129075;B
20241021;100008;109.88;1;11318129085;B
20241021;100008;109.88;1;11318129092;B
20241021;100008;109.88;1;11318129100;B
20241021;100008;109.88;1;11318129108;B
20241021;100008;109.88;2;11318129112;B
20241021;100008;109.88;1;11318129117;B
20241021;100008;109.88;1;11318129134;B
20241021;100008;109.88;1;11318129137;B
20241021;100008;109.88;1;11318129157;B
20241021;100008;109.88;1;11318129166;B
20241021;100008;109.88;1;11318129171;B
20241021;100008;109.88;1;11318129181;B
20241021;100008;109.88;1;11318129186;B
20241021;100008;109.88;1;11318129189;B
20241021;100008;109.88;1;11318129198;B
20241021;100008;109.88;1;11318129208;B
20241021;100008;109.88;1;11318129213;B
20241021;100008;109.88;1;11318129224;B
20241021;100008;109.88;1;11318129232;B
20241021;100008;109.88;1;11318129236;B
20241021;100008;109.88;1;11318129247;B
20241021;100008;109.86;9;11318129281;S
20241021;100008;109.88;1;11318129286;B
20241021;100008;109.88;1;11318129302;B
20241021;100008;109.88;1;11318129307;B
20241021;100008;109.88;1;11318129324;B
20241021;100008;109.88;1;11318129325;B
20241021;100008;109.88;1;11318129336;B
20241021;100008;109.88;1;11318129337;B
20241021;100008;109.88;1;11318129355;B
20241021;100008;109.88;1;11318129360;B
20241021;100008;109.88;4;11318129376;B
20241021;100008;109.88;1;11318129378;B
20241021;100008;109.88;1;11318129393;B
20241021;100008;109.88;1;11318129405;B
20241021;100008;109.86;10;11318129407;S
20241021;100008;109.88;1;11318129427;B
20241021;100008;109.88;1;11318129428;B
20241021;100008;109.88;1;11318129446;B
20241021;100008;109.86;2;11318129455;S
20241021;100008;109.88;1;11318129469;B
20241021;100008;109.88;1;11318129485;B
20241021;100008;109.88;1;11318129487;B
20241021;100008;109.88;1;11318129498;B
20241021;100008;109.88;1;11318129503;B
20241021;100008;109.88;1;11318129511;B
20241021;100008;109.88;1;11318129519;B
20241021;100008;109.88;1;11318129535;B
20241021;100008;109.88;1;11318129548;B
20241021;100008;109.88;1;11318129572;B
20241021;100008;109.88;1;11318129586;B
20241021;100008;109.88;1;11318129605;B
20241021;100008;109.88;1;11318129616;B
20241021;100008;109.88;1;11318129637;B
20241021;100008;109.88;1;11318129655;B
20241021;100008;109.88;1;11318129659;B
20241021;100008;109.88;1;11318129669;B
20241021;100008;109.88;1;11318129688;B
20241021;100008;109.88;1;11318129702;B
20241021;100008;109.88;1;11318129721;B
20241021;100008;109.88;1;11318129738;B
20241021;100008;109.88;1;11318129753;B
20241021;100008;109.88;1;11318130175;B
20241021;100008;109.88;1;11318130184;B
20241021;100008;109.88;1;11318130197;B
20241021;100008;109.88;1;11318130206;B
20241021;100008;109.86;156;11318130350;S
20241021;100008;109.86;10;11318130351;S
20241021;100008;109.85;330;11318130352;S
20241021;100008;109.84;237;11318130357;S
20241021;100008;109.84;63;11318130358;S
20241021;100009;109.83;100;11318130612;B
20241021;100009;109.82;2846;11318130617;B
20241021;100009;109.84;1;11318130662;B
20241021;100009;109.84;1;11318130665;B
20241021;100009;109.84;1;11318130676;B
20241021;100009;109.84;1;11318130683;B
20241021;100009;109.85;1;11318130905;B
20241021;100009;109.85;1;11318130906;B
20241021;100009;109.85;1;11318130907;B
20241021;100009;109.85;1;11318130908;B
20241021;100009;109.85;1;11318130909;B
20241021;100009;109.85;1;11318130910;B
20241021;100009;109.81;11;11318130911;S
20241021;100009;109.85;1;11318130912;B
20241021;100009;109.81;1;11318130913;S
20241021;100009;109.85;1;11318130914;B
20241021;100009;109.85;1;11318130915;B
20241021;100009;109.81;1;11318130916;S
20241021;100009;109.85;1;11318130917;B
20241021;100009;109.81;9;11318130918;S
20241021;100009;109.85;1;11318130919;B
20241021;100009;109.85;1;11318130920;B
20241021;100009;109.85;1;11318130921;B
20241021;100009;109.81;4;11318130922;S
20241021;100009;109.85;1;11318130923;B
20241021;100009;109.81;8;11318130924;S
20241021;100009;109.85;1;11318130925;B
20241021;100009;109.85;1;11318130926;B
20241021;100009;109.85;1;11318130927;B
20241021;100009;109.85;1;11318130928;B
20241021;100009;109.81;11;11318130929;S
20241021;100009;109.85;1;11318130930;B
20241021;100009;109.85;1;11318130931;B
20241021;100009;109.81;10;11318130932;S
20241021;100009;109.85;1;11318130933;B
20241021;100009;109.85;1;11318130934;B
20241021;100009;109.85;1;11318130935;B
20241021;100009;109.85;1;11318130936;B
20241021;100009;109.85;1;11318130937;B
20241021;100009;109.84;1;11318130938;B
20241021;100009;109.84;1;11318130939;B
20241021;100009;109.84;1;11318130940;B
20241021;100009;109.84;1;11318130941;B
20241021;100009;109.84;1;11318130942;B
20241021;100009;109.84;1;11318130944;B
20241021;100009;109.84;1;11318130945;B
20241021;100009;109.81;9;11318130946;S
20241021;100009;109.84;1;11318130947;B
20241021;100009;109.84;1;11318130948;B
20241021;100009;109.84;1;11318130949;B
20241021;100009;109.84;1;11318130950;B
20241021;100009;109.81;1;11318130951;S
20241021;100009;109.84;1;11318130952;B
20241021;100009;109.84;1;11318130953;B
20241021;100009;109.84;1;11318130954;B
20241021;100009;109.84;1;11318130955;B
20241021;100009;109.84;1;11318130957;B
20241021;100009;109.84;1;11318130958;B
20241021;100009;109.84;1;11318130959;B
20241021;100009;109.84;1;11318130960;B
20241021;100009;109.84;1;11318130961;B
20241021;100009;109.84;1;11318130962;B
20241021;100009;109.84;1;11318130963;B
20241021;100009;109.84;1;11318130964;B
20241021;100009;109.84;1;11318130965;B
20241021;100009;109.81;2;11318130966;S
20241021;100009;109.84;1;11318130967;B
20241021;100009;109.84;1;11318130968;B
20241021;100009;109.84;10;11318130969;B
20241021;100009;109.84;1;11318131223;B
20241021;100009;109.84;1;11318131236;B
20241021;100009;109.84;1;11318131248;B
20241021;100009;109.84;1;11318131255;B
20241021;100009;109.84;1;11318131259;B
20241021;100009;109.84;1;11318131264;B
20241021;100009;109.84;1;11318131271;B
20241021;100009;109.84;10;11318131278;B
20241021;100009;109.81;1;11318131281;S
20241021;100009;109.81;1;11318131286;S
20241021;100009;109.84;1;11318131294;B
20241021;100009;109.84;1;11318131300;B
20241021;100009;109.84;1;11318131303;B
20241021;100009;109.84;10;11318131309;B
20241021;100009;109.81;10;11318131313;S
20241021;100009;109.84;1;11318131314;B
20241021;100009;109.84;1;11318131316;B
20241021;100009;109.84;1;11318131320;B
20241021;100009;109.81;300;11318131322;S
20241021;100009;109.84;1;11318131324;B
20241021;100009;109.84;1;11318131327;B
20241021;100009;109.84;1;11318131331;B
20241021;100009;109.84;1;11318131335;B
20241021;100009;109.84;1;11318131340;B
20241021;100009;109.81;1;11318131343;S
20241021;100009;109.84;1;11318131347;B
20241021;100009;109.81;1;11318131353;S
20241021;100009;109.84;1;11318131358;B
20241021;100009;109.84;1;11318131359;B
20241021;100009;109.84;1;11318131365;B
20241021;100009;109.84;1;11318131367;B
20241021;100009;109.84;1;11318131371;B
20241021;100009;109.84;1;11318131375;B
20241021;100009;109.84;1;11318131378;B
20241021;100009;109.84;1;11318131381;B
20241021;100009;109.84;1;11318131383;B
20241021;100009;109.84;1;11318131387;B
20241021;100009;109.84;1;11318131389;B
20241021;100009;109.84;1;11318131391;B
20241021;100009;109.84;1;11318131396;B
20241021;100009;109.84;1;11318131400;B
20241021;100009;109.84;1;11318131401;B
20241021;100009;109.84;1;11318131410;B
20241021;100009;109.84;1;11318131412;B
20241021;100009;109.84;1;11318131416;B
20241021;100009;109.84;1;11318131418;B
20241021;100009;109.84;1;11318131422;B
20241021;100009;109.81;10;11318131423;S
20241021;100009;109.84;1;11318131431;B
20241021;100009;109.84;1;11318131433;B
20241021;100009;109.84;1;11318131435;B
20241021;100009;109.84;1;11318131438;B
20241021;100009;109.84;10;11318131442;B
20241021;100009;109.84;1;11318131449;B
20241021;100009;109.84;1;11318131450;B
20241021;100009;109.84;1;11318131454;B
20241021;100009;109.81;1;11318131456;S
20241021;100009;109.84;1;11318131463;B
20241021;100009;109.84;1;11318131464;B
20241021;100009;109.84;1;11318131468;B
20241021;100009;109.81;8;11318131470;S
20241021;100009;109.8;2;11318131471;S
20241021;100009;109.85;1;11318131474;B
20241021;100009;109.85;1;11318131477;B
20241021;100009;109.85;1;11318131481;B
20241021;100009;109.85;1;11318131483;B
20241021;100009;109.85;1;11318131487;B
20241021;100009;109.85;1;11318131490;B
20241021;100009;109.85;1;11318131494;B
20241021;100009;109.82;5;11318131498;S
20241021;100009;109.85;1;11318131501;B
20241021;100009;109.85;2;11318131505;B
20241021;100009;109.82;16;11318131509;S
20241021;100009;109.85;1;11318131511;B
20241021;100009;109.85;1;11318131515;B
20241021;100009;109.85;1;11318131518;B
20241021;100009;109.85;1;11318131521;B
20241021;100009;109.85;1;11318131524;B
20241021;100009;109.85;1;11318131528;B
20241021;100009;109.85;1;11318131530;B
20241021;100009;109.85;1;11318131533;B
20241021;100009;109.85;1;11318131535;B
20241021;100009;109.85;1;11318131540;B
20241021;100009;109.85;1;11318131546;B
20241021;100009;109.85;1;11318131551;B
20241021;100009;109.85;1;11318131554;B
20241021;100009;109.85;1;11318131560;B
20241021;100009;109.85;1;11318131565;B
20241021;100009;109.85;1;11318131570;B
20241021;100009;109.85;1;11318131574;B
20241021;100009;109.85;1;11318131589;B
20241021;100009;109.85;1;11318131607;B
20241021;100009;109.85;1;11318131611;B
20241021;100009;109.85;1;11318131615;B
20241021;100009;109.85;1;11318131620;B
20241021;100009;109.85;1;11318131626;B
20241021;100009;109.85;1;11318131631;B
20241021;100009;109.82;10;11318131632;S
20241021;100009;109.85;1;11318131637;B
20241021;100009;109.85;1;11318131640;B
20241021;100009;109.85;1;11318131647;B
20241021;100009;109.85;1;11318131649;B
20241021;100009;109.85;1;11318131653;B
20241021;100009;109.85;1;11318131654;B
20241021;100009;109.82;8;11318131657;S
20241021;100009;109.85;1;11318131662;B
20241021;100009;109.85;1;11318131667;B
20241021;100009;109.82;1;11318131673;S
20241021;100009;109.85;1;11318131674;B
20241021;100009;109.85;1;11318131685;B
20241021;100009;109.85;1;11318131686;B
20241021;100009;109.85;1;11318131699;B
20241021;100009;109.85;1;11318131700;B
20241021;100009;109.85;1;11318131716;B
20241021;100009;109.85;1;11318131722;B
20241021;100009;109.82;18;11318131728;S
20241021;100009;109.85;1;11318131736;B
20241021;100009;109.85;19;11318131744;B
20241021;100009;109.83;4;11318131748;S
20241021;100009;109.85;1;11318131757;B
20241021;100009;109.85;1;11318131763;B
20241021;100009;109.85;1;11318131767;B
20241021;100009;109.85;1;11318131771;B
20241021;100009;109.85;1;11318131777;B
20241021;100009;109.85;1;11318131804;B
20241021;100009;109.85;1;11318131813;B
20241021;100009;109.85;1;11318131814;B
20241021;100009;109.85;1;11318131827;B
20241021;100009;109.85;1;11318131840;B
20241021;100009;109.85;1;11318131851;B
20241021;100009;109.85;10;11318131867;B
20241021;100009;109.81;14;11318131880;S
20241021;100009;109.85;1;11318131888;B
20241021;100009;109.85;1;11318131895;B
20241021;100009;109.85;1;11318131898;B
20241021;100009;109.85;1;11318131908;B
20241021;100009;109.81;10;11318131925;S
20241021;100009;109.85;1;11318131933;B
20241021;100009;109.85;1;11318131938;B
20241021;100009;109.85;1;11318131939;B
20241021;100009;109.85;1;11318131943;B
20241021;100009;109.85;1;11318131944;B
20241021;100009;109.85;1;11318131957;B
20241021;100009;109.81;1;11318131958;S
20241021;100009;109.85;1;11318131968;B
20241021;100009;109.81;1;11318131973;S
20241021;100009;109.83;2;11318131980;B
20241021;100009;109.83;1;11318131983;B
20241021;100009;109.83;10;11318131993;B
20241021;100009;109.81;10;11318131996;S
20241021;100009;109.83;1;11318132007;B
20241021;100009;109.85;10;11318132008;B
20241021;100009;109.84;1;11318132022;B
20241021;100009;109.84;1;11318132023;B
20241021;100009;109.84;1;11318132030;B
20241021;100009;109.84;1;11318132035;B
20241021;100009;109.85;1;11318132050;B
20241021;100009;109.85;1;11318132061;B
20241021;100009;109.85;1;11318132077;B
20241021;100009;109.85;5;11318132097;B
20241021;100009;109.85;1;11318132101;B
20241021;100009;109.85;1;11318132105;B
20241021;100009;109.85;1;11318132115;B
20241021;100009;109.85;1;11318132118;B
20241021;100009;109.85;1;11318132124;B
20241021;100009;109.81;11;11318132126;S
20241021;100009;109.85;1;11318132132;B
20241021;100009;109.85;1;11318132136;B
20241021;100009;109.85;1;11318132145;B
20241021;100009;109.81;4;11318132147;S
20241021;100009;109.85;1;11318132156;B
20241021;100009;109.85;1;11318132165;B
20241021;100009;109.85;1;11318132172;B
20241021;100009;109.85;1;11318132179;B
20241021;100009;109.85;1;11318132190;B
20241021;100009;109.85;1;11318132191;B
20241021;100009;109.85;1;11318132201;B
20241021;100009;109.85;1;11318132202;B
20241021;100009;109.85;1;11318132209;B
20241021;100009;109.85;1;11318132210;B
20241021;100009;109.85;1;11318132222;B
20241021;100009;109.85;3;11318132228;B
20241021;100009;109.85;1;11318132236;B
20241021;100009;109.85;1;11318132238;B
20241021;100009;109.81;1;11318132253;S
20241021;100009;109.85;1;11318132257;B
20241021;100009;109.85;1;11318132265;B
20241021;100009;109.85;1;11318132272;B
20241021;100009;109.85;1;11318132281;B
20241021;100009;109.85;1;11318132287;B
20241021;100009;109.85;1;11318132295;B
20241021;100009;109.85;1;11318132310;B
20241021;100009;109.85;1;11318132317;B
20241021;100009;109.85;1;11318132337;B
20241021;100009;109.85;1;11318132341;B
20241021;100009;109.85;1;11318132351;B
20241021;100009;109.85;1;11318132359;B
20241021;100009;109.85;1;11318132381;B
20241021;100009;109.85;1;11318132403;B
20241021;100009;109.85;3;11318132412;B
20241021;100009;109.85;24;11318132892;B
20241021;100010;109.85;1;11318133387;B
20241021;100010;109.85;1;11318133401;B
20241021;100010;109.85;1;11318133412;B
20241021;100010;109.85;10;11318133420;B
20241021;100010;109.85;1;11318133422;B
20241021;100010;109.85;1;11318133428;B
20241021;100010;109.85;1;11318133429;B
20241021;100010;109.85;1;11318133435;B
20241021;100010;109.85;1;11318133441;B
20241021;100010;109.81;3;11318133446;S
20241021;100010;109.85;1;11318133452;B
20241021;100010;109.85;1;11318133456;B
20241021;100010;109.85;1;11318133466;B
20241021;100010;109.81;1;11318133468;S
20241021;100010;109.85;1;11318133471;B
20241021;100010;109.85;1;11318133476;B
20241021;100010;109.85;1;11318133479;B
20241021;100010;109.85;1;11318133490;B
20241021;100010;109.85;1;11318133498;B
20241021;100010;109.85;1;11318133500;B
20241021;100010;109.85;1;11318133505;B
20241021;100010;109.85;1;11318133514;B
20241021;100010;109.85;1;11318133516;B
20241021;100010;109.85;1;11318133525;B
20241021;100010;109.85;1;11318133526;B
20241021;100010;109.85;1;11318133528;B
20241021;100010;109.81;1;11318133529;S
20241021;100010;109.85;1;11318133534;B
20241021;100010;109.85;1;11318133538;B
20241021;100010;109.85;1;11318133545;B
20241021;100010;109.85;1660;11318134197;B
20241021;100010;109.81;9;11318134303;S
20241021;100010;109.81;44;11318134391;S
20241021;100010;109.81;104;11318134392;S
20241021;100010;109.85;99;11318134398;B
20241021;100010;109.85;20;11318134399;B
20241021;100010;109.88;881;11318134400;B
20241021;100010;109.88;1;11318134445;B
20241021;100010;109.84;10;11318134447;S
20241021;100010;109.88;1;11318134448;B
20241021;100010;109.88;1;11318134449;B
20241021;100010;109.88;1;11318134450;B
20241021;100010;109.84;10;11318134451;S
20241021;100010;109.88;9;11318134452;B
20241021;100010;109.88;3;11318134453;B
20241021;100010;109.88;1;11318134455;B
20241021;100010;109.88;1;11318134456;B
20241021;100010;109.84;1;11318134457;S
20241021;100010;109.88;1;11318134458;B
20241021;100010;109.88;1;11318134459;B
20241021;100010;109.88;1;11318134460;B
20241021;100010;109.88;1;11318134461;B
20241021;100010;109.88;1;11318134463;B
20241021;100010;109.88;1;11318134464;B
20241021;100010;109.88;1;11318134466;B
20241021;100010;109.84;10;11318134467;S
20241021;100010;109.88;1;11318134468;B
20241021;100010;109.88;1;11318134469;B
20241021;100010;109.88;1;11318134470;B
20241021;100010;109.88;1;11318134471;B
20241021;100010;109.88;1;11318134472;B
20241021;100010;109.88;1;11318134473;B
20241021;100010;109.84;1;11318134474;S
20241021;100010;109.88;1;11318134475;B
20241021;100010;109.88;1;11318134478;B
20241021;100010;109.84;10;11318134479;S
20241021;100010;109.88;1;11318134480;B
20241021;100010;109.88;1;11318134481;B
20241021;100010;109.88;1;11318134482;B
20241021;100010;109.88;1;11318134483;B
20241021;100010;109.88;1;11318134484;B
20241021;100010;109.88;1;11318134485;B
20241021;100010;109.84;1;11318134486;S
20241021;100010;109.88;1;11318134489;B
20241021;100010;109.88;1;11318134490;B
20241021;100010;109.88;1;11318134491;B
20241021;100010;109.88;1;11318134492;B
20241021;100010;109.88;1;11318134493;B
20241021;100010;109.84;2;11318134494;S
20241021;100010;109.88;1;11318134495;B
20241021;100010;109.88;10;11318134496;B
20241021;100010;109.88;1;11318134497;B
20241021;100010;109.88;1;11318134498;B
20241021;100010;109.88;1;11318134500;B
20241021;100010;109.88;1;11318134501;B
20241021;100010;109.88;1;11318134502;B
20241021;100010;109.84;1;11318134503;S
20241021;100010;109.88;1;11318134504;B
20241021;100010;109.84;6;11318134505;S
20241021;100010;109.88;1;11318134506;B
20241021;100010;109.88;1;11318134507;B
20241021;100010;109.88;5;11318134508;B
20241021;100010;109.88;1;11318134509;B
20241021;100010;109.88;1;11318134510;B
20241021;100010;109.88;1;11318134511;B
20241021;100010;109.88;1;11318134518;B
20241021;100010;109.88;1;11318134519;B
20241021;100010;109.88;1;11318134520;B
20241021;100010;109.88;1;11318134521;B
20241021;100010;109.88;1;11318134522;B
20241021;100010;109.88;1;11318134523;B
20241021;100010;109.88;1;11318134524;B
20241021;100010;109.88;1;11318134525;B
20241021;100010;109.88;1;11318134526;B
20241021;100010;109.88;1;11318134527;B
20241021;100010;109.88;1;11318134528;B
20241021;100010;109.88;1;11318134529;B
20241021;100010;109.88;1;11318134530;B
20241021;100010;109.88;1;11318134531;B
20241021;100010;109.88;1;11318134532;B
20241021;100010;109.86;10;11318134813;S
20241021;100010;109.88;1;11318134971;B
20241021;100010;109.88;7;11318134980;B
20241021;100011;109.86;12;11318135395;S
20241021;100011;109.87;1671;11318135513;B
20241021;100012;109.87;3;11318135680;B
20241021;100012;109.86;400;11318135786;S
20241021;100012;109.86;600;11318135787;S
20241021;100012;109.86;9;11318135788;S
20241021;100013;109.86;5;11318135797;S
20241021;100013;109.86;77;11318135971;S
20241021;100013;109.87;326;11318136032;B
20241021;100013;109.88;1000;11318136033;B
20241021;100014;109.89;1854;11318136037;B
20241021;100014;109.89;600;11318136038;B
20241021;100014;109.89;300;11318136039;B
20241021;100014;109.89;500;11318136040;B
20241021;100014;109.89;100;11318136041;B
20241021;100014;109.89;700;11318136042;B
20241021;100014;109.89;700;11318136043;B
20241021;100014;109.89;700;11318136044;B
20241021;100014;109.89;1200;11318136045;B
20241021;100014;109.89;400;11318136046;B
20241021;100014;109.89;600;11318136047;B
20241021;100014;109.89;300;11318136048;B
20241021;100014;109.89;700;11318136049;B
20241021;100014;109.89;200;11318136050;B
20241021;100014;109.89;600;11318136051;B
20241021;100014;109.89;1;11318136052;B
20241021;100014;109.89;1000;11318136053;B
20241021;100014;109.9;4000;11318136055;B
20241021;100014;109.89;400;11318136056;S
20241021;100014;109.89;200;11318136057;S
20241021;100014;109.89;400;11318136058;S
20241021;100014;109.89;400;11318136062;S
20241021;100014;109.89;200;11318136063;S
20241021;100014;109.89;400;11318136064;S
20241021;100014;109.9;400;11318136067;S
20241021;100014;109.89;1044;11318136068;S
20241021;100014;109.89;400;11318136069;S
20241021;100014;109.89;556;11318136071;B
20241021;100014;109.88;3000;11318136073;S
20241021;100014;109.89;1;11318136089;B
20241021;100014;109.88;100;11318136091;S
20241021;100014;109.88;300;11318136147;S
20241021;100014;109.88;2700;11318136148;S
20241021;100014;109.88;200;11318136149;S
20241021;100014;109.89;200;11318136332;B
20241021;100014;109.89;71;11318136407;B
20241021;100014;109.89;1728;11318136411;B
20241021;100014;109.9;272;11318136412;B
20241021;100014;109.88;400;11318136414;S
20241021;100014;109.88;500;11318136415;S
20241021;100014;109.88;200;11318136416;S
20241021;100014;109.88;87;11318136417;S
20241021;100014;109.88;313;11318136418;S
20241021;100014;109.88;87;11318136463;S
20241021;100014;109.88;2913;11318136464;S
20241021;100014;109.88;900;11318136465;S
20241021;100015;109.9;128;11318136489;B
20241021;100015;109.9;372;11318136490;B
20241021;100015;109.9;28;11318136508;B
20241021;100015;109.9;400;11318136509;B
20241021;100015;109.9;400;11318136510;B
20241021;100015;109.96;1;11318136511;B
20241021;100015;109.98;171;11318136512;B
20241021;100015;109.91;37;11318136550;S
20241021;100016;109.92;12;11318136828;S
20241021;100016;109.92;8;11318136872;S
20241021;100016;109.91;157;11318136873;S
20241021;100016;109.9;171;11318136874;S
20241021;100016;109.9;164;11318136875;S
20241021;100016;109.91;700;11318136876;B
20241021;100016;109.98;2000;11318137039;B
20241021;100016;109.92;24;11318137064;S
20241021;100016;109.92;276;11318137065;S
20241021;100017;109.91;58;11318137101;S
20241021;100017;109.91;342;11318137111;S
20241021;100017;109.9;58;11318137112;S
20241021;100017;109.91;44;11318137123;S
20241021;100018;109.96;2;11318137288;B
20241021;100018;109.98;8;11318137289;B
20241021;100018;109.89;30;11318137401;B
20241021;100018;109.89;70;11318137417;B
20241021;100018;109.95;1;11318137418;B
20241021;100018;109.98;99;11318137419;B
20241021;100018;109.98;614;11318137420;B
20241021;100018;109.98;1041;11318137421;B
20241021;100018;109.98;1825;11318137422;B
20241021;100018;109.98;1095;11318137423;B
20241021;100018;109.99;4419;11318137424;B
20241021;100018;109.99;3;11318137425;B
20241021;100018;109.99;1;11318137426;B
20241021;100018;109.99;832;11318137427;B
20241021;100019;109.96;423;11318137543;B
20241021;100019;109.98;577;11318137544;B
20241021;100019;109.94;200;11318137792;S
20241021;100019;109.99;1825;11318137968;B
20241021;100019;110;19;11318137969;B
20241021;100019;110;1;11318137970;B
20241021;100019;110;50;11318137971;B
20241021;100019;110;1;11318137972;B
20241021;100019;110;50;11318137973;B
20241021;100019;110;10;11318137974;B
20241021;100019;110;4;11318137975;B
20241021;100019;110;10;11318137976;B
20241021;100019;110;4;11318137977;B
20241021;100019;110;10;11318137978;B
20241021;100019;110;100;11318137979;B
20241021;100019;110;10;11318137980;B
20241021;100019;110;2;11318137981;B
20241021;100019;110;50;11318137982;B
20241021;100019;110;10;11318137983;B
20241021;100019;110;1;11318137984;B
20241021;100019;110;1000;11318137985;B
20241021;100019;110;1;11318137986;B
20241021;100019;110;145;11318137987;B
20241021;100019;110;100;11318137988;B
20241021;100019;110;3;11318137989;B
20241021;100019;110;1;11318137990;B
20241021;100019;110;1;11318137991;B
20241021;100019;110;2;11318137992;B
20241021;100019;110;1000;11318137993;B
20241021;100019;110;1;11318137994;B
20241021;100019;110;1;11318137995;B
20241021;100019;110;250;11318137996;B
20241021;100019;110;100;11318137997;B
20241021;100019;110;2947;11318137998;B
20241021;100019;110.02;2457;11318137999;B
20241021;100019;110.03;1;11318138000;B
20241021;100019;110.05;1;11318138001;B
20241021;100019;110.05;2000;11318138002;B
20241021;100019;110.06;3;11318138003;B
20241021;100019;110.06;400;11318138004;B
20241021;100019;110.07;400;11318138005;B
20241021;100019;110.07;1095;11318138006;B
20241021;100019;110.08;1;11318138007;B
20241021;100019;110.08;100;11318138008;B
20241021;100019;110.08;1;11318138009;B
20241021;100019;110.08;5;11318138010;B
20241021;100019;110.08;400;11318138011;B
20241021;100019;110.08;365;11318138012;B
20241021;100019;110.09;1062;11318138013;B
20241021;100019;109.94;200;11318138014;S
20241021;100019;109.95;400;11318138033;S
20241021;100019;109.95;7;11318138038;S
20241021;100019;109.95;54;11318138039;B
20241021;100019;109.94;400;11318138052;B
20241021;100019;109.94;150;11318138053;B
20241021;100019;109.94;1850;11318138054;B
20241021;100019;109.95;739;11318138055;B
20241021;100019;109.96;400;11318138056;B
20241021;100019;109.97;400;11318138057;B
20241021;100019;109.98;400;11318138058;B
20241021;100019;109.99;400;11318138059;B
20241021;100019;110;400;11318138060;B
20241021;100019;110.01;400;11318138061;B
20241021;100019;110.02;400;11318138062;B
20241021;100019;110.03;400;11318138063;B
20241021;100019;110.04;400;11318138064;B
20241021;100019;110.05;400;11318138065;B
20241021;100019;110.06;411;11318138066;B
20241021;100020;110;1100;11318138088;S
20241021;100020;110;1100;11318138089;S
20241021;100020;110;900;11318138090;S
20241021;100020;110.07;1000;11318138143;B
20241021;100020;110.01;200;11318138144;S
20241021;100020;110.08;350;11318138150;B
20241021;100020;110.08;100;11318138151;B
20241021;100020;110.01;1;11318138153;S
20241021;100020;110.01;25;11318138167;S
20241021;100020;110.01;2;11318138169;S
20241021;100020;110.09;6000;11318138215;B
20241021;100020;110.02;1;11318138218;S
20241021;100020;110.09;1;11318138219;B
20241021;100020;110.02;135;11318138255;S
20241021;100020;110.01;51;11318138256;S
20241021;100020;110.01;1825;11318138257;S
20241021;100020;110.01;2556;11318138258;S
20241021;100020;110.01;1095;11318138259;S
20241021;100020;110.01;2338;11318138260;S
20241021;100020;110.08;136;11318138280;B
20241021;100020;110.09;164;11318138281;B
20241021;100020;110.02;1;11318138288;S
20241021;100020;110.02;10;11318138291;S
20241021;100020;110.02;95;11318138353;S
20241021;100020;110.02;5;11318138354;S
20241021;100020;110.02;366;11318138355;S
20241021;100020;110.03;32;11318138390;S
20241021;100020;110.02;268;11318138391;S
20241021;100020;110.03;14;11318138397;S
20241021;100020;110.02;558;11318138398;S
20241021;100020;110.01;4428;11318138399;S
20241021;100020;110.01;250;11318138404;S
20241021;100020;110.01;13;11318138407;S
20241021;100020;110.06;136;11318138410;B
20241021;100020;110.07;118;11318138411;B
20241021;100020;110.07;20;11318138428;B
20241021;100021;110.01;10;11318138434;S
20241021;100021;110.07;45;11318138476;B
20241021;100021;110.02;1;11318138497;S
20241021;100021;110.02;99;11318138498;S
20241021;100021;110.06;100;11318138544;S
20241021;100021;110.06;1000;11318138577;S
20241021;100021;110.06;900;11318138579;S
20241021;100021;110.04;3;11318138730;S
20241021;100021;110.05;41;11318138771;B
20241021;100022;110.05;9;11318138804;B
20241021;100022;110.06;900;11318138805;B
20241021;100022;110.07;20;11318138806;B
20241021;100022;110.09;5071;11318138807;B
20241021;100022;110.04;1;11318138813;S
20241021;100022;110.04;1400;11318138942;S
20241021;100022;110.04;596;11318138944;S
20241021;100022;110.04;4;11318138945;S
20241021;100022;110.04;100;11318138958;S
20241021;100022;110.08;41;11318138975;B
20241021;100022;110.08;359;11318138998;B
20241021;100022;110.08;136;11318138999;B
20241021;100022;110.08;5;11318139000;B
20241021;100023;110.06;5;11318139033;S
20241021;100023;110.06;495;11318139034;S
20241021;100023;110.06;5;11318139036;S
20241021;100023;110.06;1995;11318139037;S
20241021;100023;110.07;30;11318139038;S
20241021;100023;110.06;670;11318139039;S
20241021;100023;110.06;200;11318139040;S
20241021;100023;110.06;700;11318139041;S
20241021;100023;110.08;1095;11318139062;B
20241021;100023;110.08;905;11318139063;B
20241021;100023;110.08;920;11318139064;B
20241021;100023;110.08;639;11318139065;B
20241021;100023;110.06;250;11318139074;S
20241021;100023;110.09;41;11318139083;B
20241021;100023;110.09;6;11318139447;B
20241021;100024;110.08;41;11318139608;S
20241021;100024;110.08;41;11318139639;B
20241021;100024;110.08;218;11318139734;B
20241021;100024;110.09;6655;11318139735;B
20241021;100024;110.09;400;11318139736;B
20241021;100024;110.09;100;11318139737;B
20241021;100024;110.1;50;11318139738;B
20241021;100024;110.1;1;11318139739;B
20241021;100024;110.1;3;11318139740;B
20241021;100024;110.1;50;11318139741;B
20241021;100024;110.1;2523;11318139742;B
20241021;100024;110.1;300;11318139754;B
20241021;100025;110.08;200;11318139958;S
20241021;100025;110.08;200;11318139959;S
20241021;100025;110.08;128;11318139960;S
20241021;100025;110.08;1;11318139970;S
20241021;100025;110.1;1500;11318140023;B
20241021;100025;110.1;800;11318140073;B
20241021;100026;110.08;71;11318140313;S
20241021;100026;110.08;200;11318140314;S
20241021;100026;110.07;2;11318140315;S
20241021;100026;110.06;1714;11318140316;S
20241021;100026;110.05;136;11318140317;S
20241021;100026;110.05;400;11318140318;S
20241021;100026;110.04;400;11318140319;S
20241021;100026;110.03;400;11318140320;S
20241021;100026;110.02;400;11318140321;S
20241021;100026;110.02;1095;11318140322;S
20241021;100026;110.02;182;11318140323;S
20241021;100026;110.01;300;11318140423;S
20241021;100026;110.08;10;11318140543;B
20241021;100027;110.04;1;11318140843;S
20241021;100027;110.01;4999;11318140844;S
20241021;100028;110.01;2662;11318140857;S
20241021;100028;110;400;11318140858;S
20241021;100028;109.99;400;11318140859;S
20241021;100028;109.99;136;11318140860;S
20241021;100028;109.98;400;11318140861;S
20241021;100028;109.98;250;11318140862;S
20241021;100028;109.97;400;11318140863;S
20241021;100028;109.96;400;11318140864;S
20241021;100028;109.96;4952;11318140865;S
20241021;100029;109.9;400;11318141123;S
20241021;100029;109.89;400;11318141124;S
20241021;100029;109.89;136;11318141125;S
20241021;100029;109.88;400;11318141126;S
20241021;100029;109.88;2556;11318141127;S
20241021;100029;109.87;2124;11318141128;S
20241021;100029;109.87;400;11318141129;S
20241021;100029;109.86;100;11318141130;S
20241021;100029;109.86;50;11318141131;S
20241021;100029;109.86;400;11318141132;S
20241021;100029;109.85;1000;11318141133;S
20241021;100029;109.85;400;11318141134;S
20241021;100029;109.84;400;11318141135;S
20241021;100029;109.83;10;11318141136;S
20241021;100029;109.83;400;11318141137;S
20241021;100029;109.83;286;11318141138;S
20241021;100029;109.82;400;11318141139;S
20241021;100029;109.82;2455;11318141140;S
20241021;100029;109.81;400;11318141141;S
20241021;100029;109.81;1800;11318141142;S
20241021;100029;109.8;250;11318141146;S
20241021;100029;109.8;2000;11318141189;S
20241021;100029;109.8;22;11318141345;S
20241021;100030;109.8;124;11318141369;S
20241021;100030;109.8;1;11318141370;S
20241021;100030;109.8;180;11318141371;S
20241021;100030;109.81;100;11318141445;B
20241021;100030;109.81;3500;11318141463;B
20241021;100030;109.8;20;11318141465;S
20241021;100030;109.8;1;11318141466;S
20241021;100030;109.8;279;11318141467;S
20241021;100030;109.79;99;11318141468;S
20241021;100030;109.79;5;11318141469;S
20241021;100030;109.78;20;11318141516;S
20241021;100031;109.8;50;11318141630;B
20241021;100031;109.78;5;11318141664;S
20241021;100031;109.8;10;11318141683;B
20241021;100032;109.8;5;11318141968;B
20241021;100032;109.78;230;11318142057;S
20241021;100032;109.78;100;11318142174;S
20241021;100032;109.8;2383;11318142204;B
20241021;100032;109.81;617;11318142205;B
20241021;100033;109.78;100;11318142216;S
20241021;100033;109.78;1000;11318142351;S
20241021;100033;109.8;1;11318142629;B
20241021;100034;109.81;100;11318142770;B
20241021;100034;109.78;20;11318142778;S
20241021;100034;109.81;500;11318142790;B
20241021;100034;109.78;320;11318142909;S
20241021;100037;109.8;2;11318143437;B
20241021;100040;109.79;1;11318144394;S
20241021;100040;109.79;10;11318144434;S
20241021;100040;109.78;205;11318144541;S
20241021;100040;109.78;1;11318144542;S
20241021;100040;109.78;294;11318144543;S
20241021;100041;109.78;6;11318144573;S
20241021;100041;109.78;500;11318144613;S
20241021;100041;109.78;4200;11318144811;S
20241021;100041;109.79;2;11318144858;B
20241021;100041;109.79;136;11318144859;B
20241021;100041;109.79;250;11318144860;B
20241021;100041;109.8;58;11318144861;B
20241021;100041;109.8;1554;11318144862;B
20241021;100042;109.76;294;11318144906;S
20241021;100042;109.75;1;11318144907;S
20241021;100042;109.74;205;11318144939;B
20241021;100042;109.77;136;11318144940;B
20241021;100042;109.78;351;11318144941;B
20241021;100042;109.79;2556;11318144942;B
20241021;100042;109.79;452;11318144943;B
20241021;100042;109.79;10;11318144964;B
20241021;100042;109.72;136;11318145063;S
20241021;100042;109.72;72;11318145064;S
20241021;100042;109.79;100;11318145068;B
20241021;100043;109.79;20;11318145172;B
20241021;100043;109.71;1053;11318145175;S
20241021;100044;109.79;57;11318145516;B
20241021;100045;109.79;200;11318145784;S
20241021;100045;109.79;800;11318145919;B
20241021;100045;109.8;1343;11318145920;B
20241021;100045;109.78;1;11318146031;S
20241021;100046;109.78;299;11318146093;S
20241021;100046;109.72;136;11318146094;S
20241021;100046;109.72;109;11318146095;S
20241021;100046;109.71;1503;11318146096;S
20241021;100046;109.7;1000;11318146097;S
20241021;100046;109.7;4;11318146098;S
20241021;100046;109.69;80;11318146099;S
20241021;100046;109.69;1;11318146100;S
20241021;100046;109.69;452;11318146101;S
20241021;100046;109.68;400;11318146102;S
20241021;100046;109.67;400;11318146103;S
20241021;100046;109.67;2459;11318146104;S
20241021;100046;109.66;157;11318146105;S
20241021;100046;109.65;1;11318146267;S
20241021;100047;109.65;100;11318146412;S
20241021;100047;109.76;30;11318146440;B
20241021;100047;109.7;50;11318146447;S
20241021;100047;109.64;400;11318146448;S
20241021;100047;109.64;50;11318146449;S
20241021;100048;109.64;86;11318146676;S
20241021;100048;109.64;400;11318146677;S
20241021;100048;109.63;400;11318146678;S
20241021;100048;109.63;250;11318146679;S
20241021;100048;109.62;5;11318146680;S
20241021;100048;109.62;235;11318146681;S
20241021;100048;109.62;410;11318146715;S
20241021;100048;109.62;3590;11318146716;S
20241021;100048;109.65;100;11318146734;B
20241021;100049;109.62;1410;11318146984;S
20241021;100049;109.61;10;11318146985;S
20241021;100049;109.61;136;11318146986;S
20241021;100049;109.6;10;11318146987;S
20241021;100049;109.6;1000;11318146988;S
20241021;100049;109.6;1;11318146989;S
20241021;100049;109.6;1;11318146990;S
20241021;100049;109.6;2;11318146991;S
20241021;100049;109.6;1;11318146992;S
20241021;100049;109.6;36;11318146993;S
20241021;100049;109.59;5;11318146994;S
20241021;100049;109.59;1;11318146995;S
20241021;100049;109.59;1;11318146996;S
20241021;100049;109.59;1;11318146997;S
20241021;100049;109.59;1;11318146998;S
20241021;100049;109.59;1;11318146999;S
20241021;100049;109.59;11;11318147000;S
20241021;100049;109.59;1;11318147001;S
20241021;100049;109.59;4;11318147002;S
20241021;100049;109.59;1;11318147003;S
20241021;100049;109.59;10;11318147004;S
20241021;100049;109.59;1;11318147005;S
20241021;100049;109.59;1;11318147006;S
20241021;100049;109.59;2;11318147007;S
20241021;100049;109.59;1;11318147008;S
20241021;100049;109.59;1;11318147009;S
20241021;100049;109.59;20;11318147010;S
20241021;100049;109.59;10;11318147011;S
20241021;100049;109.59;4;11318147012;S
20241021;100049;109.59;4;11318147013;S
20241021;100049;109.59;1;11318147014;S
20241021;100049;109.59;1;11318147015;S
20241021;100049;109.59;4;11318147016;S
20241021;100049;109.59;10;11318147017;S
20241021;100049;109.59;1;11318147018;S
20241021;100049;109.59;1;11318147019;S
20241021;100049;109.59;10;11318147020;S
20241021;100049;109.59;1;11318147021;S
20241021;100049;109.59;1;11318147022;S
20241021;100049;109.59;4;11318147023;S
20241021;100049;109.59;1;11318147024;S
20241021;100049;109.59;1;11318147025;S
20241021;100049;109.59;4;11318147026;S
20241021;100049;109.59;272;11318147027;S
20241021;100049;109.6;213;11318147058;S
20241021;100049;109.59;736;11318147059;S
20241021;100049;109.59;5;11318147060;S
20241021;100049;109.59;2;11318147061;S
20241021;100049;109.59;1;11318147062;S
20241021;100049;109.59;10;11318147063;S
20241021;100049;109.59;2;11318147064;S
20241021;100049;109.59;1;11318147065;S
20241021;100049;109.59;1;11318147066;S
20241021;100049;109.59;1;11318147067;S
20241021;100049;109.59;4;11318147068;S
20241021;100049;109.59;5;11318147069;S
20241021;100049;109.59;5;11318147070;S
20241021;100049;109.59;1;11318147071;S
20241021;100049;109.59;1;11318147072;S
20241021;100049;109.59;10;11318147073;S
20241021;100049;109.59;1;11318147074;S
20241021;100049;109.59;6;11318147075;S
20241021;100049;109.59;2;11318147076;S
20241021;100049;109.59;9;11318147077;S
20241021;100049;109.59;1;11318147078;S
20241021;100049;109.59;2;11318147079;S
20241021;100049;109.59;1;11318147080;S
20241021;100049;109.59;10;11318147081;S
20241021;100049;109.59;1;11318147082;S
20241021;100049;109.59;1;11318147083;S
20241021;100049;109.59;1;11318147084;S
20241021;100049;109.59;1;11318147085;S
20241021;100049;109.59;1;11318147086;S
20241021;100049;109.59;10;11318147087;S
20241021;100049;109.59;1;11318147088;S
20241021;100049;109.59;10;11318147089;S
20241021;100049;109.59;1;11318147090;S
20241021;100049;109.59;1;11318147091;S
20241021;100049;109.59;7;11318147092;S
20241021;100049;109.59;1;11318147093;S
20241021;100049;109.59;1;11318147094;S
20241021;100049;109.59;1;11318147095;S
20241021;100049;109.59;1;11318147096;S
20241021;100049;109.59;10;11318147097;S
20241021;100049;109.59;4;11318147098;S
20241021;100049;109.59;1;11318147099;S
20241021;100049;109.59;1;11318147100;S
20241021;100049;109.59;10;11318147101;S
20241021;100049;109.59;2;11318147102;S
20241021;100049;109.59;9;11318147103;S
20241021;100049;109.59;10;11318147104;S
20241021;100049;109.59;1;11318147105;S
20241021;100049;109.59;10;11318147106;S
20241021;100049;109.59;1;11318147107;S
20241021;100049;109.59;1;11318147108;S
20241021;100049;109.59;1;11318147109;S
20241021;100049;109.59;10;11318147110;S
20241021;100049;109.59;1;11318147111;S
20241021;100049;109.59;300;11318147112;S
20241021;100049;109.59;9;11318147113;S
20241021;100049;109.59;3;11318147114;S
20241021;100049;109.59;1;11318147115;S
20241021;100049;109.59;1;11318147116;S
20241021;100049;109.59;2;11318147117;S
20241021;100049;109.59;12;11318147118;S
20241021;100049;109.59;100;11318147119;S
20241021;100049;109.59;1;11318147120;S
20241021;100049;109.59;10;11318147121;S
20241021;100049;109.59;5;11318147122;S
20241021;100049;109.59;3;11318147123;S
20241021;100049;109.59;31;11318147124;S
20241021;100049;109.59;2;11318147125;S
20241021;100049;109.59;1;11318147126;S
20241021;100049;109.59;1;11318147127;S
20241021;100049;109.59;5;11318147128;S
20241021;100049;109.59;5;11318147129;S
20241021;100049;109.59;10;11318147130;S
20241021;100049;109.59;400;11318147131;S
20241021;100049;109.58;2;11318147372;S
20241021;100049;109.57;280;11318147373;S
20241021;100049;109.56;400;11318147374;S
20241021;100049;109.55;400;11318147375;S
20241021;100049;109.55;1095;11318147376;S
20241021;100049;109.54;3;11318147377;S
20241021;100049;109.54;400;11318147378;S
20241021;100049;109.54;2462;11318147379;S
20241021;100049;109.53;400;11318147380;S
20241021;100049;109.53;136;11318147381;S
20241021;100049;109.52;400;11318147382;S
20241021;100049;109.51;3;11318147383;S
20241021;100049;109.51;677;11318147384;S
20241021;100049;109.51;10;11318147385;S
20241021;100049;109.51;400;11318147386;S
20241021;100049;109.5;5;11318147387;S
20241021;100049;109.5;2027;11318147388;S
20241021;100049;109.57;120;11318147395;B
20241021;100049;109.52;1095;11318147397;S
20241021;100049;109.51;1337;11318147398;S
20241021;100049;109.51;468;11318147399;S
20241021;100050;109.56;192;11318147411;S
20241021;100050;109.56;895;11318147412;S
20241021;100050;109.55;913;11318147413;S
20241021;100050;109.53;216;11318147449;S
20241021;100050;109.52;1095;11318147450;S
20241021;100050;109.51;1995;11318147451;S
20241021;100050;109.5;973;11318147452;S
20241021;100050;109.5;721;11318147453;S
20241021;100050;109.55;19;11318147530;B
20241021;100050;109.56;136;11318147531;B
20241021;100050;109.58;739;11318147532;B
20241021;100050;109.59;289;11318147533;B
20241021;100050;109.57;136;11318147839;B
20241021;100050;109.58;764;11318147840;B
20241021;100050;109.52;500;11318147844;S
20241021;100051;109.57;1;11318147903;S
20241021;100051;109.56;50;11318147943;S
20241021;100052;109.56;30;11318148381;B
20241021;100052;109.56;270;11318148382;B
20241021;100053;109.54;400;11318148590;S
20241021;100053;109.54;136;11318148591;S
20241021;100053;109.54;14;11318148592;S
20241021;100053;109.56;230;11318148626;B
20241021;100053;109.59;305;11318148863;B
20241021;100054;109.59;1000;11318149060;B
20241021;100054;109.58;100;11318149062;S
20241021;100055;109.59;200;11318149192;B
20241021;100055;109.59;49;11318149406;B
20241021;100056;109.58;400;11318149658;S
20241021;100056;109.58;100;11318149659;S
20241021;100056;109.59;1564;11318149763;B
20241021;100056;109.59;10;11318149764;B
20241021;100057;109.66;10;11318150211;B
20241021;100057;109.67;10;11318150212;B
20241021;100057;109.68;500;11318150213;B
20241021;100057;109.7;300;11318150214;B
20241021;100057;109.7;150;11318150215;B
20241021;100057;109.72;286;11318150216;B
20241021;100057;109.72;400;11318150217;B
20241021;100057;109.72;250;11318150218;B
20241021;100057;109.73;1;11318150219;B
20241021;100057;109.73;93;11318150220;B
20241021;100058;109.63;100;11318150243;S
20241021;100058;109.65;1;11318150261;B
20241021;100058;109.64;100;11318150350;S
20241021;100059;109.72;136;11318150443;B
20241021;100059;109.73;98;11318150444;B
20241021;100059;109.75;1;11318150664;B
20241021;100059;109.76;1;11318150665;B
20241021;100059;109.76;12;11318150666;B
20241021;100059;109.76;136;11318150667;B
20241021;100059;109.77;400;11318150668;B
20241021;100059;109.77;450;11318150669;B
20241021;100059;109.71;500;11318150710;S
20241021;100059;109.75;136;11318150722;B
20241021;100059;109.76;961;11318150723;B
20241021;100100;109.77;9;11318150936;B
20241021;100101;109.78;1;11318151052;B
20241021;100101;109.75;61;11318151082;S
20241021;100101;109.75;39;11318151144;S
20241021;100101;109.75;100;11318151145;S
20241021;100101;109.75;61;11318151146;S
20241021;100102;109.76;10;11318151518;S
20241021;100102;109.75;39;11318151519;S
20241021;100102;109.75;100;11318151520;S
20241021;100102;109.75;10;11318151521;S
20241021;100102;109.72;1;11318151522;S
20241021;100102;109.72;215;11318151523;S
20241021;100102;109.7;136;11318151524;S
20241021;100102;109.7;215;11318151525;S
20241021;100102;109.69;1312;11318151526;S
20241021;100102;109.69;1095;11318151527;S
20241021;100102;109.69;1825;11318151528;S
20241021;100102;109.69;42;11318151529;S
20241021;100102;109.77;136;11318151674;B
20241021;100102;109.77;184;11318151675;B
20241021;100102;109.78;99;11318151676;B
20241021;100102;109.78;200;11318151677;B
20241021;100102;109.78;400;11318151678;B
20241021;100102;109.78;184;11318151679;B
20241021;100102;109.79;400;11318151680;B
20241021;100102;109.79;2000;11318151681;B
20241021;100102;109.8;1397;11318151682;B
20241021;100103;109.79;7;11318151711;B
20241021;100103;109.79;91;11318151769;B
20241021;100103;109.77;50;11318152054;B
20241021;100103;109.78;10;11318152055;B
20241021;100103;109.79;40;11318152056;B
20241021;100104;109.79;500;11318152185;B
20241021;100105;109.78;10;11318152617;B
20241021;100107;109.75;500;11318153181;B
20241021;100107;109.76;180;11318153182;B
20241021;100107;109.78;180;11318153183;B
20241021;100107;109.79;251;11318153184;B
20241021;100108;109.73;1;11318153302;S
20241021;100108;109.72;99;11318153303;S
20241021;100108;109.79;1;11318153416;B
20241021;100109;109.79;24;11318153653;B
20241021;100110;109.71;10;11318153693;S
20241021;100110;109.71;6;11318153694;S
20241021;100110;109.71;4;11318153695;S
20241021;100111;109.7;46;11318153956;S
20241021;100111;109.7;1095;11318153957;S
20241021;100111;109.69;91;11318153958;S
20241021;100111;109.69;136;11318153959;S
20241021;100111;109.69;1;11318153960;S
20241021;100111;109.69;132;11318153961;S
20241021;100111;109.68;1825;11318153962;S
20241021;100111;109.68;889;11318153963;S
20241021;100111;109.68;132;11318153964;S
20241021;100111;109.67;400;11318153965;S
20241021;100111;109.67;91;11318153966;S
20241021;100111;109.67;919;11318153967;S
20241021;100111;109.66;400;11318153968;S
20241021;100111;109.66;250;11318153969;S
20241021;100111;109.65;1;11318153970;S
20241021;100111;109.65;400;11318153971;S
20241021;100111;109.64;400;11318153972;S
20241021;100111;109.64;91;11318153973;S
20241021;100111;109.63;400;11318153974;S
20241021;100111;109.62;1;11318153975;S
20241021;100111;109.62;400;11318153976;S
20241021;100111;109.61;400;11318153977;S
20241021;100111;109.61;286;11318153978;S
