<DATE>;<TIME>;<LAST>;<VOL>;<ID>;<OPER>
20241108;095945;104.4;2;11397627486;S
20241108;095945;104.4;1;11397627487;S
20241108;095945;104.4;4;11397627488;S
20241108;095945;104.4;43;11397627489;S
20241108;095945;104.4;400;11397627490;S
20241108;095945;104.4;20;11397627491;S
20241108;095945;104.4;30;11397627492;S
20241108;095945;104.4;10;11397627493;S
20241108;095945;104.4;2;11397627494;B
20241108;095945;104.4;2;11397627495;B
20241108;095945;104.4;1;11397627496;B
20241108;095945;104.4;1;11397627497;B
20241108;095945;104.4;54;11397627498;B
20241108;095945;104.4;1;11397627499;B
20241108;095945;104.4;6;11397627500;B
20241108;095945;104.4;229;11397627501;B
20241108;095945;104.4;5;11397627502;B
20241108;095945;104.4;10;11397627503;B
20241108;095945;104.4;1;11397627504;B
20241108;095945;104.4;1;11397627505;B
20241108;095945;104.4;1;11397627506;B
20241108;095945;104.4;1;11397627507;B
20241108;095945;104.4;1;11397627508;B
20241108;095945;104.4;2;11397627509;B
20241108;095945;104.4;2;11397627510;B
20241108;095945;104.4;400;11397627511;B
20241108;095945;104.4;2;11397627512;B
20241108;095945;104.4;149;11397627513;B
20241108;095945;104.4;50;11397627514;B
20241108;095945;104.4;1;11397627515;B
20241108;095945;104.4;9;11397627516;B
20241108;095945;104.4;5;11397627517;S
20241108;095945;104.4;6;11397627518;B
20241108;095945;104.4;338;11397627519;B
20241108;095945;104.4;339;11397627520;B
20241108;095945;104.4;1000;11397627521;B
20241108;095945;104.4;25;11397627522;B
20241108;095945;104.4;5;11397627523;B
20241108;095945;104.4;2;11397627524;B
20241108;095945;104.4;150;11397627525;B
20241108;095945;104.4;1;11397627526;B
20241108;095945;104.4;3;11397627527;B
20241108;095945;104.4;1;11397627528;B
20241108;095945;104.4;100;11397627529;B
20241108;095945;104.4;10;11397627530;S
20241108;095945;104.4;1000;11397627531;B
20241108;095945;104.4;1;11397627532;B
20241108;095945;104.4;1;11397627533;B
20241108;095945;104.4;100;11397627534;B
20241108;095945;104.4;200;11397627535;B
20241108;095945;104.4;1;11397627536;B
20241108;095945;104.4;1348;11397627537;B
20241108;095945;104.4;2;11397627538;B
20241108;095945;104.4;4;11397627539;B
20241108;095945;104.4;646;11397627540;B
20241108;095945;104.4;58;11397627541;B
20241108;095945;104.4;3;11397627542;B
20241108;095945;104.4;1;11397627543;B
20241108;095945;104.4;17;11397627544;B
20241108;095945;104.4;100;11397627545;B
20241108;095945;104.4;10;11397627546;B
20241108;095945;104.4;120;11397627547;B
20241108;095945;104.4;1;11397627548;B
20241108;095945;104.4;7;11397627549;B
20241108;095945;104.4;298;11397627550;B
20241108;095945;104.4;100;11397627551;B
20241108;095945;104.4;10;11397627552;B
20241108;095945;104.4;200;11397627553;B
20241108;095945;104.4;10;11397627554;B
20241108;095945;104.4;15;11397627555;B
20241108;095945;104.4;3;11397627556;B
20241108;095945;104.4;100;11397627557;B
20241108;095945;104.4;113;11397627558;B
20241108;095945;104.4;188;11397627559;B
20241108;095945;104.4;1;11397627560;S
20241108;095945;104.4;1;11397627561;S
20241108;095945;104.4;1;11397627562;S
20241108;095945;104.4;10;11397627563;B
20241108;095945;104.4;128;11397627564;B
20241108;095945;104.4;14;11397627565;B
20241108;095945;104.4;10;11397627566;B
20241108;095945;104.4;1000;11397627567;B
20241108;095945;104.4;10;11397627568;S
20241108;095945;104.4;20;11397627569;B
20241108;095945;104.4;10;11397627570;B
20241108;100001;104.26;4;11397631639;S
20241108;100001;104.26;64;11397631671;S
20241108;100001;104.4;75;11397631727;B
20241108;100001;104.4;46;11397631801;B
20241108;100001;104.4;100;11397631802;B
20241108;100001;104.41;228;11397631803;B
20241108;100001;104.43;228;11397631804;B
20241108;100001;104.43;1437;11397631805;B
20241108;100001;104.45;1;11397631806;B
20241108;100001;104.47;1;11397631807;B
20241108;100001;104.47;1;11397631808;B
20241108;100001;104.48;20;11397631809;B
20241108;100001;104.48;1929;11397631810;B
20241108;100001;104.48;9;11397631811;B
20241108;100002;104.36;2177;11397632249;S
20241108;100002;104.36;360;11397632250;S
20241108;100002;104.34;323;11397632251;S
20241108;100002;104.31;1436;11397632252;S
20241108;100002;104.3;400;11397632253;S
20241108;100002;104.29;400;11397632254;S
20241108;100002;104.28;400;11397632255;S
20241108;100002;104.27;400;11397632256;S
20241108;100002;104.26;400;11397632257;S
20241108;100002;104.25;400;11397632258;S
20241108;100002;104.24;400;11397632259;S
20241108;100002;104.23;400;11397632260;S
20241108;100002;104.22;402;11397632261;S
20241108;100002;104.35;1;11397632375;B
20241108;100002;104.35;200;11397632443;B
20241108;100002;104.27;2;11397632466;S
20241108;100002;104.27;2;11397632471;S
20241108;100002;104.27;2;11397632486;S
20241108;100002;104.27;10;11397632504;S
20241108;100002;104.27;134;11397632534;S
20241108;100002;104.27;66;11397632541;B
20241108;100002;104.29;400;11397632542;B
20241108;100002;104.3;400;11397632543;B
20241108;100002;104.31;400;11397632544;B
20241108;100002;104.32;734;11397632545;B
20241108;100002;104.31;400;11397632710;B
20241108;100002;104.32;300;11397632711;B
20241108;100002;104.3;11;11397632818;S
20241108;100002;104.3;10;11397632841;S
20241108;100002;104.32;200;11397632848;B
20241108;100002;104.32;200;11397632849;B
20241108;100002;104.33;200;11397632851;B
20241108;100002;104.33;100;11397632856;B
20241108;100002;104.33;100;11397632857;B
20241108;100002;104.33;1;11397632860;B
20241108;100002;104.33;199;11397632861;B
20241108;100002;104.33;200;11397632863;B
20241108;100002;104.33;1;11397632866;B
20241108;100002;104.34;1;11397632867;B
20241108;100002;104.34;198;11397632868;B
20241108;100002;104.34;200;11397632873;B
20241108;100002;104.24;20;11397632888;S
20241108;100003;104.3;1;11397632915;B
20241108;100003;104.34;199;11397632916;B
20241108;100003;104.34;1;11397632918;B
20241108;100003;104.34;79;11397632919;B
20241108;100003;104.35;100;11397633006;B
20241108;100003;104.3;400;11397633007;S
20241108;100003;104.36;150;11397633057;B
20241108;100003;104.36;50;11397633058;B
20241108;100003;104.31;1;11397633116;S
20241108;100003;104.31;1;11397633206;S
20241108;100003;104.31;8;11397633221;S
20241108;100003;104.31;5;11397633248;S
20241108;100003;104.31;1;11397633389;S
20241108;100003;104.33;2;11397633942;B
20241108;100003;104.33;98;11397633943;B
20241108;100003;104.33;2;11397633944;B
20241108;100003;104.35;100;11397633945;B
20241108;100003;104.35;1000;11397633947;B
20241108;100003;104.35;829;11397633949;B
20241108;100003;104.36;100;11397633950;B
20241108;100003;104.35;171;11397633951;S
20241108;100003;104.36;100;11397633953;B
20241108;100003;104.36;100;11397633958;B
20241108;100003;104.36;100;11397633959;B
20241108;100003;104.36;100;11397633965;B
20241108;100003;104.36;1000;11397633969;B
20241108;100003;104.36;500;11397633970;B
20241108;100003;104.36;400;11397633971;B
20241108;100003;104.37;100;11397633972;B
20241108;100003;104.37;100;11397633974;B
20241108;100004;104.37;100;11397634118;B
20241108;100004;104.37;100;11397634162;B
20241108;100004;104.37;900;11397634163;B
20241108;100004;104.37;100;11397634166;B
20241108;100004;104.37;100;11397634178;B
20241108;100004;104.36;1;11397634548;S
20241108;100004;104.37;100;11397634549;B
20241108;100004;104.37;100;11397634614;B
20241108;100004;104.37;100;11397634615;B
20241108;100004;104.37;100;11397634658;B
20241108;100004;104.37;100;11397634678;B
20241108;100004;104.37;100;11397634685;B
20241108;100004;104.36;99;11397634686;S
20241108;100004;104.36;600;11397634687;S
20241108;100004;104.35;200;11397634688;S
20241108;100004;104.35;1732;11397634689;S
20241108;100004;104.36;100;11397634691;B
20241108;100004;104.35;168;11397634692;S
20241108;100004;104.35;1000;11397634693;S
20241108;100004;104.35;1000;11397634694;S
20241108;100004;104.35;1000;11397634695;S
20241108;100004;104.35;468;11397634696;S
20241108;100004;104.36;100;11397634698;B
20241108;100004;104.36;100;11397634714;B
20241108;100004;104.36;25;11397634735;B
20241108;100004;104.36;75;11397634736;B
20241108;100004;104.37;25;11397634737;B
20241108;100004;104.35;5;11397634740;S
20241108;100004;104.36;100;11397634741;B
20241108;100004;104.35;85;11397634744;S
20241108;100004;104.35;442;11397634745;S
20241108;100004;104.35;58;11397634746;S
20241108;100004;104.36;100;11397634747;B
20241108;100004;104.36;77;11397634790;B
20241108;100004;104.36;100;11397634792;B
20241108;100004;104.36;23;11397634804;B
20241108;100004;104.37;2;11397634805;B
20241108;100004;104.36;100;11397634806;B
20241108;100004;104.35;9;11397634807;S
20241108;100004;104.36;100;11397634810;B
20241108;100004;104.35;933;11397634831;S
20241108;100004;104.35;1000;11397634832;S
20241108;100004;104.35;1000;11397634833;S
20241108;100004;104.35;1000;11397634834;S
20241108;100004;104.33;98;11397634835;S
20241108;100004;104.33;100;11397634836;S
20241108;100004;104.33;100;11397634837;S
20241108;100004;104.33;100;11397634838;S
20241108;100004;104.33;100;11397634839;S
20241108;100004;104.33;100;11397634840;S
20241108;100004;104.33;100;11397634841;S
20241108;100004;104.33;100;11397634842;S
20241108;100004;104.31;100;11397634843;S
20241108;100004;104.3;1669;11397634844;S
20241108;100004;104.36;100;11397634845;B
20241108;100004;104.36;100;11397634846;B
20241108;100004;104.36;28;11397634859;S
20241108;100004;104.37;100;11397634861;B
20241108;100004;104.37;400;11397634887;B
20241108;100004;104.38;100;11397634888;B
20241108;100004;104.37;12;11397634889;S
20241108;100004;104.38;100;11397634890;B
20241108;100004;104.38;200;11397634891;B
20241108;100004;104.38;447;11397634892;B
20241108;100004;104.38;353;11397634893;B
20241108;100004;104.38;1000;11397634894;B
20241108;100004;104.38;84;11397634895;B
20241108;100004;104.38;400;11397634896;B
20241108;100004;104.38;112;11397634909;S
20241108;100004;104.39;400;11397634916;B
20241108;100004;104.4;300;11397634917;B
20241108;100004;104.4;100;11397634920;B
20241108;100004;104.4;100;11397634921;B
20241108;100004;104.4;100;11397634925;B
20241108;100004;104.38;300;11397634926;S
20241108;100004;104.38;1;11397634927;S
20241108;100004;104.39;100;11397634933;B
20241108;100004;104.39;100;11397634938;B
20241108;100004;104.39;100;11397634945;B
20241108;100005;104.39;100;11397635120;B
20241108;100005;104.39;100;11397635132;B
20241108;100005;104.39;100;11397635137;B
20241108;100005;104.39;100;11397635278;B
20241108;100005;104.39;100;11397635279;B
20241108;100005;104.39;100;11397635282;B
20241108;100005;104.39;100;11397635283;B
20241108;100005;104.39;100;11397635284;B
20241108;100005;104.39;100;11397635290;B
20241108;100005;104.39;100;11397635294;B
20241108;100005;104.39;100;11397635295;B
20241108;100005;104.39;100;11397635309;B
20241108;100005;104.39;100;11397635310;B
20241108;100005;104.39;100;11397635313;B
20241108;100005;104.39;100;11397635315;B
20241108;100005;104.39;100;11397635316;B
20241108;100005;104.39;100;11397635317;B
20241108;100005;104.39;100;11397635318;B
20241108;100005;104.39;100;11397635319;B
20241108;100005;104.39;100;11397635320;B
20241108;100005;104.39;100;11397635321;B
20241108;100005;104.39;100;11397635325;B
20241108;100005;104.38;100;11397635410;S
20241108;100005;104.39;100;11397635425;B
20241108;100005;104.39;100;11397635444;B
20241108;100005;104.39;100;11397635452;B
20241108;100005;104.39;100;11397635465;B
20241108;100005;104.39;100;11397635468;B
20241108;100005;104.39;100;11397635475;B
20241108;100005;104.39;100;11397635476;B
20241108;100005;104.39;100;11397635479;B
20241108;100005;104.39;100;11397635480;B
20241108;100005;104.39;100;11397635481;B
20241108;100005;104.39;100;11397635488;B
20241108;100005;104.38;3;11397635529;S
20241108;100005;104.38;1000;11397635530;S
20241108;100005;104.38;1000;11397635531;S
20241108;100005;104.38;700;11397635532;S
20241108;100005;104.38;300;11397635533;S
20241108;100005;104.38;700;11397635534;S
20241108;100005;104.38;300;11397635535;S
20241108;100005;104.37;388;11397635536;S
20241108;100005;104.37;400;11397635537;S
20241108;100005;104.37;209;11397635538;S
20241108;100005;104.39;100;11397635545;B
20241108;100005;104.37;29;11397635548;S
20241108;100005;104.38;100;11397635549;B
20241108;100005;104.39;100;11397635554;B
20241108;100005;104.37;100;11397635557;S
20241108;100005;104.39;100;11397635559;B
20241108;100005;104.39;100;11397635569;B
20241108;100005;104.37;62;11397635571;S
20241108;100005;104.37;38;11397635572;S
20241108;100005;104.39;100;11397635574;B
20241108;100005;104.37;100;11397635577;S
20241108;100005;104.39;100;11397635584;B
20241108;100005;104.37;3;11397635591;S
20241108;100005;104.38;100;11397635592;B
20241108;100005;104.38;100;11397635594;B
20241108;100005;104.38;100;11397635597;B
20241108;100005;104.37;59;11397635598;S
20241108;100005;104.38;100;11397635599;B
20241108;100005;104.39;100;11397635600;B
20241108;100005;104.38;400;11397635601;B
20241108;100005;104.38;41;11397635602;B
20241108;100005;104.39;759;11397635603;B
20241108;100005;104.39;100;11397635604;B
20241108;100005;104.38;200;11397635610;B
20241108;100005;104.38;200;11397635611;B
20241108;100005;104.39;100;11397635612;B
20241108;100005;104.39;100;11397635617;B
20241108;100005;104.38;400;11397635618;B
20241108;100005;104.39;277;11397635619;B
20241108;100005;104.39;23;11397635620;B
20241108;100005;104.38;200;11397635624;B
20241108;100005;104.38;400;11397635627;B
20241108;100005;104.39;377;11397635628;B
20241108;100005;104.39;323;11397635629;B
20241108;100005;104.38;400;11397635631;B
20241108;100005;104.39;300;11397635632;B
20241108;100005;104.38;200;11397635633;B
20241108;100005;104.38;200;11397635634;B
20241108;100005;104.38;200;11397635635;B
20241108;100005;104.38;200;11397635637;B
20241108;100005;104.38;400;11397635638;B
20241108;100005;104.38;200;11397635639;B
20241108;100005;104.38;400;11397635640;B
20241108;100005;104.38;100;11397635644;B
20241108;100005;104.38;300;11397635645;B
20241108;100005;104.39;100;11397635646;B
20241108;100005;104.38;100;11397635648;B
20241108;100005;104.38;300;11397635652;B
20241108;100005;104.39;400;11397635653;B
20241108;100005;104.38;100;11397635654;B
20241108;100005;104.38;300;11397635655;B
20241108;100005;104.38;100;11397635661;B
20241108;100005;104.38;100;11397635662;S
20241108;100005;104.38;100;11397635663;B
20241108;100005;104.37;250;11397635929;S
20241108;100005;104.37;2;11397636226;S
20241108;100006;104.38;1;11397636577;B
20241108;100006;104.38;213;11397636586;B
20241108;100006;104.38;86;11397636594;B
20241108;100006;104.38;100;11397636595;B
20241108;100006;104.38;1437;11397636596;B
20241108;100006;104.38;100;11397636597;B
20241108;100006;104.39;400;11397636598;B
20241108;100006;104.39;277;11397636599;B
20241108;100006;104.37;2;11397636600;S
20241108;100006;104.37;33;11397636607;S
20241108;100006;104.37;1;11397636729;S
20241108;100006;104.37;4;11397636827;S
20241108;100006;104.38;10;11397636834;B
20241108;100006;104.37;5;11397636849;S
20241108;100006;104.38;11;11397636858;B
20241108;100006;104.38;1;11397636871;B
20241108;100006;104.38;1;11397636899;B
20241108;100006;104.37;1;11397636901;S
20241108;100006;104.37;1;11397636902;S
20241108;100006;104.37;1;11397636907;S
20241108;100006;104.37;100;11397637015;S
20241108;100006;104.37;200;11397637016;S
20241108;100006;104.36;72;11397637017;S
20241108;100006;104.36;200;11397637018;S
20241108;100006;104.36;200;11397637019;S
20241108;100006;104.31;1422;11397637020;S
20241108;100006;104.3;4931;11397637021;S
20241108;100006;104.26;150;11397637022;S
20241108;100006;104.25;948;11397637023;S
20241108;100006;104.25;400;11397637024;S
20241108;100006;104.25;734;11397637025;S
20241108;100006;104.24;2000;11397637026;S
20241108;100006;104.24;400;11397637027;S
20241108;100006;104.23;400;11397637028;S
20241108;100006;104.23;1437;11397637029;S
20241108;100006;104.22;400;11397637030;S
20241108;100006;104.21;283;11397637031;S
20241108;100006;104.21;314;11397637032;S
20241108;100006;104.21;208;11397637033;S
20241108;100006;104.21;400;11397637034;S
20241108;100006;104.2;9801;11397637035;S
20241108;100006;104.21;4;11397637059;S
20241108;100006;104.3;1;11397637073;B
20241108;100006;104.28;1800;11397637079;B
20241108;100006;104.28;9;11397637087;B
20241108;100006;104.32;10;11397637094;B
20241108;100006;104.27;4;11397637111;S
20241108;100006;104.33;1;11397637129;B
20241108;100006;104.33;1;11397637145;B
20241108;100006;104.32;1;11397637156;B
20241108;100006;104.27;1;11397637170;S
20241108;100006;104.32;38;11397637226;B
20241108;100006;104.32;1;11397637382;B
20241108;100006;104.27;1;11397637386;S
20241108;100006;104.27;1;11397637818;S
20241108;100006;104.32;70;11397637922;B
20241108;100006;104.32;1;11397638101;B
20241108;100006;104.27;1;11397638105;S
20241108;100006;104.32;10;11397638107;B
20241108;100006;104.32;10;11397638110;B
20241108;100006;104.32;243;11397638113;B
20241108;100006;104.32;9;11397638119;B
20241108;100006;104.28;1;11397638126;S
20241108;100006;104.32;1;11397638260;B
20241108;100006;104.32;1;11397638262;B
20241108;100006;104.32;4;11397638268;B
20241108;100006;104.32;8;11397638275;B
20241108;100006;104.32;4;11397638284;B
20241108;100006;104.27;10;11397638363;S
20241108;100006;104.27;100;11397638366;S
20241108;100006;104.32;200;11397638398;B
20241108;100006;104.27;200;11397638417;S
20241108;100006;104.32;200;11397638431;B
20241108;100006;104.27;200;11397638438;S
20241108;100006;104.32;200;11397638454;B
20241108;100006;104.27;200;11397638459;S
20241108;100006;104.32;1;11397638750;B
20241108;100006;104.27;1;11397638752;S
20241108;100006;104.32;10;11397638754;B
20241108;100006;104.32;10;11397638755;B
20241108;100006;104.32;68;11397638928;B
20241108;100006;104.32;1;11397639016;B
20241108;100006;104.32;200;11397639017;B
20241108;100006;104.32;10;11397639018;B
20241108;100006;104.32;10;11397639019;B
20241108;100006;104.27;61;11397639020;S
20241108;100007;104.32;3;11397639095;B
20241108;100007;104.27;1;11397639155;S
20241108;100007;104.32;5;11397639280;B
20241108;100007;104.32;1;11397639283;B
20241108;100007;104.27;104;11397639463;S
20241108;100007;104.27;44;11397639485;S
20241108;100007;104.27;1;11397639588;S
20241108;100007;104.3;1;11397639589;B
20241108;100007;104.3;1;11397639590;B
20241108;100007;104.3;150;11397639707;B
20241108;100007;104.3;1286;11397639957;B
20241108;100007;104.31;48;11397639958;B
20241108;100007;104.33;400;11397639959;B
20241108;100007;104.34;400;11397639960;B
20241108;100007;104.35;366;11397639961;B
20241108;100007;104.35;34;11397639962;B
20241108;100007;104.36;266;11397639963;B
20241108;100007;104.34;1438;11397639966;B
20241108;100007;104.36;134;11397639967;B
20241108;100007;104.37;400;11397639968;B
20241108;100007;104.37;150;11397639969;B
20241108;100007;104.37;78;11397639970;B
20241108;100007;104.28;1;11397639986;S
20241108;100007;104.35;7;11397640030;B
20241108;100008;104.34;5;11397640196;B
20241108;100008;104.34;3;11397640845;B
20241108;100008;104.34;1;11397640847;B
20241108;100008;104.34;1;11397640848;B
20241108;100008;104.34;1;11397640959;B
20241108;100008;104.34;11;11397640969;B
20241108;100008;104.28;1;11397640974;S
20241108;100008;104.34;10;11397641019;B
20241108;100008;104.34;73;11397641034;B
20241108;100008;104.34;10;11397641047;B
20241108;100008;104.28;28;11397641304;S
20241108;100008;104.34;100;11397641308;B
20241108;100008;104.34;118;11397641450;B
20241108;100008;104.34;20;11397641461;B
20241108;100008;104.34;20;11397641474;B
20241108;100008;104.28;1;11397641500;S
20241108;100008;104.34;5;11397641501;B
20241108;100008;104.34;60;11397641503;B
20241108;100008;104.34;10;11397641507;B
20241108;100008;104.28;2;11397641512;S
20241108;100008;104.28;6;11397641516;S
20241108;100008;104.34;2;11397641519;B
20241108;100008;104.34;80;11397641694;B
20241108;100009;104.28;1;11397641905;S
20241108;100009;104.3;100;11397642086;B
20241108;100010;104.3;100;11397642213;S
20241108;100010;104.28;30;11397642214;S
20241108;100010;104.28;304;11397642215;S
20241108;100010;104.28;19;11397642216;S
20241108;100010;104.27;470;11397642217;S
20241108;100010;104.27;500;11397642218;S
20241108;100010;104.23;78;11397642219;S
20241108;100010;104.22;400;11397642220;S
20241108;100010;104.22;300;11397642221;S
20241108;100010;104.21;1929;11397642222;S
20241108;100010;104.21;400;11397642223;S
20241108;100010;104.21;150;11397642224;S
20241108;100010;104.2;320;11397642225;S
20241108;100010;104.29;44;11397642320;B
20241108;100010;104.28;2;11397642411;B
20241108;100010;104.3;41;11397642429;B
20241108;100010;104.29;200;11397642485;B
20241108;100010;104.29;34;11397642580;B
20241108;100011;104.29;659;11397642809;B
20241108;100011;104.3;2459;11397642810;B
20241108;100011;104.3;1438;11397642811;B
20241108;100011;104.32;40;11397642812;B
20241108;100011;104.32;404;11397642813;B
20241108;100011;104.26;922;11397642889;S
20241108;100011;104.22;739;11397642890;S
20241108;100011;104.21;400;11397642891;S
20241108;100011;104.21;404;11397642892;S
20241108;100011;104.21;1929;11397642893;S
20241108;100011;104.21;395;11397642894;S
20241108;100012;104.32;26;11397643007;B
20241108;100012;104.23;95;11397643101;S
20241108;100012;104.22;105;11397643102;S
20241108;100012;104.3;20;11397643123;B
20241108;100012;104.31;500;11397643124;B
20241108;100012;104.32;479;11397643125;B
20241108;100013;104.24;400;11397643667;S
20241108;100013;104.24;100;11397643668;S
20241108;100014;104.32;36;11397644099;B
20241108;100015;104.24;1;11397644351;S
20241108;100015;104.24;1;11397644366;S
20241108;100015;104.28;1;11397644424;B
20241108;100015;104.28;1;11397644508;B
20241108;100015;104.28;1;11397644512;B
20241108;100015;104.32;64;11397644513;B
20241108;100015;104.32;35;11397644514;B
20241108;100015;104.32;100;11397644731;S
20241108;100015;104.32;100;11397644732;S
20241108;100016;104.33;2;11397645290;B
20241108;100018;104.34;400;11397645742;S
20241108;100018;104.33;8100;11397645743;S
20241108;100018;104.37;500;11397645770;B
20241108;100018;104.34;1;11397645839;S
20241108;100018;104.37;3450;11397645975;B
20241108;100018;104.37;1437;11397645976;B
20241108;100018;104.4;4800;11397645977;B
20241108;100018;104.45;50;11397645978;B
20241108;100018;104.45;263;11397645979;S
20241108;100018;104.35;340;11397646001;S
20241108;100018;104.34;60;11397646002;S
20241108;100019;104.36;20;11397646143;B
20241108;100019;104.4;1436;11397646144;B
20241108;100019;104.42;60;11397646145;B
20241108;100019;104.43;304;11397646146;B
20241108;100019;104.43;283;11397646147;B
20241108;100019;104.43;18;11397646148;B
20241108;100019;104.44;3879;11397646149;B
20241108;100019;104.43;10;11397646154;B
20241108;100019;104.37;3;11397646535;S
20241108;100020;104.44;387;11397647174;B
20241108;100020;104.42;10;11397647175;S
20241108;100020;104.4;60;11397647176;S
20241108;100021;104.39;2;11397647487;S
20241108;100021;104.39;7;11397647488;S
20241108;100021;104.44;328;11397647610;B
20241108;100022;104.4;1;11397648021;S
20241108;100023;104.39;300;11397648749;B
20241108;100023;104.4;99;11397648750;B
20241108;100023;104.42;100;11397648751;B
20241108;100023;104.42;72;11397648752;B
20241108;100023;104.43;1436;11397648753;B
20241108;100023;104.44;24;11397648754;S
20241108;100023;104.44;200;11397648755;S
20241108;100024;104.44;1000;11397649104;S
20241108;100025;104.43;10;11397649440;B
20241108;100025;104.39;31;11397649537;S
20241108;100025;104.39;31;11397649540;S
20241108;100025;104.4;50;11397649729;B
20241108;100026;104.39;84;11397650304;S
20241108;100026;104.39;54;11397650305;S
20241108;100027;104.36;400;11397650915;S
20241108;100027;104.35;400;11397650916;S
20241108;100027;104.35;200;11397650917;S
20241108;100027;104.38;300;11397650939;B
20241108;100027;104.38;162;11397651255;B
20241108;100027;104.38;2;11397651401;B
20241108;100028;104.38;297;11397652124;B
20241108;100029;104.35;200;11397652167;S
20241108;100029;104.35;200;11397652168;S
20241108;100029;104.35;400;11397652169;S
20241108;100029;104.35;136;11397652170;S
20241108;100029;104.34;64;11397652171;S
20241108;100029;104.35;400;11397652172;S
20241108;100029;104.34;275;11397652173;S
20241108;100029;104.34;325;11397652174;S
20241108;100029;104.37;3000;11397652204;B
20241108;100029;104.38;200;11397652205;B
20241108;100029;104.38;100;11397652206;B
20241108;100029;104.39;2;11397652207;B
20241108;100029;104.39;136;11397652208;B
20241108;100029;104.4;1950;11397652209;B
20241108;100029;104.4;1;11397652210;B
20241108;100029;104.43;33;11397652211;B
20241108;100029;104.44;150;11397652212;B
20241108;100031;104.44;1;11397653647;S
20241108;100031;104.44;100;11397653692;S
20241108;100032;104.44;58;11397653976;S
20241108;100032;104.47;95;11397654250;B
20241108;100034;104.47;140;11397654934;B
20241108;100034;104.45;50;11397655111;S
20241108;100034;104.44;612;11397655112;S
20241108;100034;104.44;136;11397655113;S
20241108;100034;104.4;1;11397655114;S
20241108;100034;104.4;400;11397655115;S
20241108;100034;104.39;400;11397655116;S
20241108;100034;104.39;401;11397655117;S
20241108;100034;104.47;48;11397655165;B
20241108;100034;104.47;417;11397655192;B
20241108;100034;104.47;1929;11397655193;B
20241108;100034;104.47;200;11397655194;S
20241108;100035;104.47;7026;11397655364;S
20241108;100035;104.46;136;11397655365;S
20241108;100035;104.41;400;11397655366;S
20241108;100035;104.4;211;11397655367;S
20241108;100035;104.41;1;11397655494;S
20241108;100036;104.44;743;11397655584;B
20241108;100037;104.41;400;11397655976;S
20241108;100037;104.41;100;11397655977;S
20241108;100037;104.41;400;11397656027;S
20241108;100037;104.4;400;11397656028;S
20241108;100037;104.39;400;11397656029;S
20241108;100037;104.39;136;11397656030;S
20241108;100037;104.38;1997;11397656031;S
20241108;100038;104.38;122;11397656513;B
20241108;100038;104.33;1;11397656602;S
20241108;100038;104.33;200;11397656604;S
20241108;100041;104.33;100;11397657760;S
20241108;100042;104.36;4;11397658146;B
20241108;100042;104.36;10;11397658147;B
20241108;100043;104.34;24;11397658611;S
20241108;100045;104.34;26;11397659624;S
20241108;100045;104.32;100;11397659625;S
20241108;100045;104.32;55;11397659626;S
20241108;100045;104.32;400;11397659627;S
20241108;100045;104.32;136;11397659628;S
20241108;100045;104.31;200;11397659629;S
20241108;100045;104.31;400;11397659630;S
20241108;100045;104.3;400;11397659631;S
20241108;100045;104.29;400;11397659632;S
20241108;100045;104.29;1437;11397659633;S
20241108;100045;104.28;400;11397659634;S
20241108;100045;104.28;16;11397659635;S
20241108;100045;104.28;12;11397659636;S
20241108;100045;104.27;400;11397659637;S
20241108;100045;104.27;2299;11397659638;S
20241108;100045;104.26;283;11397659639;S
20241108;100045;104.26;400;11397659640;S
20241108;100045;104.26;35;11397659641;S
20241108;100045;104.25;400;11397659642;S
20241108;100045;104.24;400;11397659643;S
20241108;100045;104.24;150;11397659644;S
20241108;100045;104.24;100;11397659645;S
20241108;100045;104.24;1500;11397659646;S
20241108;100045;104.24;51;11397659647;S
20241108;100047;104.33;136;11397660179;B
20241108;100047;104.35;64;11397660180;B
20241108;100047;104.27;20;11397660341;S
20241108;100049;104.25;1438;11397661129;S
20241108;100049;104.25;136;11397661130;S
20241108;100049;104.24;249;11397661131;S
20241108;100049;104.24;24;11397661132;S
20241108;100049;104.23;400;11397661133;S
20241108;100049;104.23;64;11397661134;S
20241108;100049;104.22;400;11397661135;S
20241108;100049;104.22;3000;11397661136;S
20241108;100049;104.21;10;11397661137;S
20241108;100049;104.21;400;11397661138;S
20241108;100049;104.2;3879;11397661139;S
20241108;100050;104.2;60;11397661190;S
20241108;100050;104.26;136;11397661192;B
20241108;100050;104.28;13;11397661193;B
20241108;100050;104.2;1;11397661211;S
20241108;100051;104.25;400;11397661558;B
20241108;100051;104.26;400;11397661559;B
20241108;100051;104.26;136;11397661560;B
20241108;100051;104.27;400;11397661561;B
20241108;100051;104.28;400;11397661562;B
20241108;100051;104.29;400;11397661563;B
20241108;100051;104.3;400;11397661564;B
20241108;100051;104.31;400;11397661565;B
20241108;100051;104.31;1929;11397661566;B
20241108;100051;104.31;2700;11397661567;B
20241108;100051;104.31;1157;11397661568;B
20241108;100051;104.32;200;11397661569;B
20241108;100051;104.32;400;11397661570;B
20241108;100051;104.32;283;11397661571;B
20241108;100051;104.32;395;11397661572;B
20241108;100051;104.21;50;11397661793;S
20241108;100052;104.28;3;11397662248;B
20241108;100052;104.28;133;11397662260;B
20241108;100052;104.29;2305;11397662261;B
20241108;100052;104.3;400;11397662262;B
20241108;100052;104.31;400;11397662263;B
20241108;100052;104.31;50;11397662264;B
20241108;100052;104.31;1929;11397662265;B
20241108;100052;104.32;703;11397662266;B
20241108;100053;104.22;136;11397662429;S
20241108;100053;104.21;64;11397662430;S
20241108;100053;104.21;1;11397662522;S
20241108;100054;104.22;136;11397662782;S
20241108;100054;104.21;343;11397662783;S
20241108;100054;104.28;358;11397662794;B
20241108;100054;104.28;2326;11397662795;B
20241108;100054;104.28;1438;11397662796;B
20241108;100054;104.3;408;11397662797;B
20241108;100054;104.3;136;11397662798;B
20241108;100054;104.31;400;11397662799;B
20241108;100054;104.31;2542;11397662800;B
20241108;100054;104.32;400;11397662801;B
20241108;100054;104.33;400;11397662802;B
20241108;100054;104.33;300;11397662803;B
20241108;100054;104.33;1000;11397662804;B
20241108;100054;104.34;292;11397662805;B
20241108;100054;104.24;136;11397662857;S
20241108;100054;104.21;2700;11397662858;S
20241108;100054;104.2;7164;11397662859;S
20241108;100054;104.26;1;11397663210;S
20241108;100055;104.26;50;11397663487;S
20241108;100056;104.28;200;11397663763;B
20241108;100056;104.29;1438;11397663764;B
20241108;100056;104.33;400;11397663765;B
20241108;100056;104.34;108;11397663766;B
20241108;100056;104.34;2;11397663767;B
20241108;100056;104.34;136;11397663768;B
20241108;100056;104.34;2700;11397663769;B
20241108;100056;104.35;208;11397663770;B
20241108;100056;104.35;20;11397663771;B
20241108;100056;104.35;4788;11397663772;B
20241108;100056;104.28;1;11397663826;S
20241108;100056;104.28;136;11397663828;S
20241108;100056;104.27;364;11397663829;S
20241108;100056;104.26;2880;11397663857;S
20241108;100057;104.26;50;11397663955;S
20241108;100057;104.26;24;11397664135;S
20241108;100058;104.26;30;11397664254;S
20241108;100058;104.26;7;11397664583;S
20241108;100059;104.26;6;11397664676;S
20241108;100059;104.26;1;11397664894;S
20241108;100059;104.26;26;11397664989;S
20241108;100100;104.27;200;11397665215;B
20241108;100100;104.26;3625;11397665241;S
20241108;100100;104.25;59;11397665311;S
20241108;100100;104.25;38;11397665388;S
20241108;100101;104.25;286;11397665524;S
20241108;100101;104.22;9;11397665525;S
20241108;100101;104.21;400;11397665526;S
20241108;100101;104.21;501;11397665527;S
20241108;100101;104.2;2700;11397665528;S
20241108;100101;104.2;1800;11397665529;S
20241108;100101;104.2;2;11397665530;S
20241108;100101;104.2;400;11397665531;S
20241108;100101;104.2;100;11397665532;S
20241108;100101;104.2;520;11397665533;S
20241108;100101;104.19;400;11397665534;S
20241108;100101;104.19;136;11397665535;S
20241108;100101;104.18;400;11397665536;S
20241108;100101;104.17;400;11397665537;S
20241108;100101;104.16;400;11397665538;S
20241108;100101;104.16;1546;11397665539;S
20241108;100102;104.22;2;11397666131;B
20241108;100103;104.14;400;11397666466;S
20241108;100103;104.14;100;11397666467;S
20241108;100103;104.14;12;11397666547;S
20241108;100103;104.14;400;11397666548;S
20241108;100103;104.13;10;11397666549;S
20241108;100103;104.13;400;11397666550;S
20241108;100103;104.12;400;11397666551;S
20241108;100103;104.12;136;11397666552;S
20241108;100103;104.12;2236;11397666553;S
20241108;100103;104.11;400;11397666554;S
20241108;100103;104.11;380;11397666555;S
20241108;100103;104.11;504;11397666556;S
20241108;100104;104.15;5;11397666859;S
20241108;100104;104.18;223;11397666951;B
20241108;100104;104.19;135;11397666955;B
20241108;100104;104.19;1;11397666957;B
20241108;100104;104.2;68;11397666958;B
20241108;100104;104.2;332;11397666959;B
20241108;100104;104.2;159;11397666960;B
20241108;100104;104.2;208;11397666963;B
20241108;100104;104.2;177;11397666990;B
20241108;100104;104.2;417;11397666997;B
20241108;100104;104.2;64;11397667010;B
20241108;100104;104.2;414;11397667011;B
20241108;100104;104.2;255;11397667012;B
20241108;100104;104.2;400;11397667013;B
20241108;100104;104.21;49;11397667014;B
20241108;100104;104.2;122;11397667030;B
20241108;100105;104.15;15;11397667117;S
20241108;100105;104.15;15;11397667118;S
20241108;100105;104.1;7;11397667144;S
20241108;100105;104.1;4;11397667145;S
20241108;100106;104.11;136;11397667667;S
20241108;100106;104.11;191;11397667668;S
20241108;100106;104.11;2700;11397667669;S
20241108;100106;104.1;96;11397667670;S
20241108;100106;104.1;36;11397667671;S
20241108;100106;104.1;400;11397667672;S
20241108;100106;104.1;5496;11397667673;S
20241108;100106;104.1;191;11397667674;S
20241108;100106;104.09;400;11397667675;S
20241108;100106;104.08;354;11397667676;S
20241108;100107;104.15;136;11397668052;B
20241108;100107;104.15;97;11397668053;B
20241108;100107;104.16;97;11397668054;B
20241108;100107;104.16;327;11397668055;B
20241108;100107;104.16;2008;11397668057;B
20241108;100107;104.16;202;11397668058;B
20241108;100107;104.16;490;11397668060;B
20241108;100107;104.17;400;11397668061;B
20241108;100107;104.17;126;11397668062;B
20241108;100107;104.1;5;11397668109;S
20241108;100108;104.18;1;11397668218;B
20241108;100108;104.1;136;11397668282;S
20241108;100108;104.09;364;11397668283;S
20241108;100109;104.17;136;11397668775;B
20241108;100109;104.18;12;11397668776;B
20241108;100109;104.18;387;11397668777;B
20241108;100109;104.18;10;11397668778;B
20241108;100109;104.18;136;11397668779;B
20241108;100109;104.19;400;11397668780;B
20241108;100109;104.2;400;11397668781;B
20241108;100109;104.2;960;11397668782;B
20241108;100109;104.19;400;11397668785;B
20241108;100109;104.2;480;11397668786;B
20241108;100109;104.2;150;11397668787;B
20241108;100109;104.2;400;11397668788;B
20241108;100109;104.2;136;11397668789;B
20241108;100109;104.21;400;11397668790;B
20241108;100109;104.22;400;11397668791;B
20241108;100109;104.22;134;11397668792;B
20241108;100110;104.14;5;11397669150;S
20241108;100110;104.12;136;11397669151;S
20241108;100110;104.12;20;11397669152;S
20241108;100110;104.11;400;11397669153;S
20241108;100110;104.11;439;11397669154;S
20241108;100111;104.15;10;11397669355;S
20241108;100111;104.12;84;11397669356;S
20241108;100111;104.11;946;11397669357;S
20241108;100111;104.11;500;11397669360;S
20241108;100111;104.11;815;11397669361;S
20241108;100111;104.11;400;11397669362;S
20241108;100111;104.1;400;11397669363;S
20241108;100111;104.09;400;11397669364;S
20241108;100111;104.08;400;11397669365;S
20241108;100111;104.07;400;11397669366;S
20241108;100111;104.07;150;11397669367;S
20241108;100111;104.07;136;11397669368;S
20241108;100111;104.06;400;11397669369;S
20241108;100111;104.06;314;11397669370;S
20241108;100111;104.05;50;11397669371;S
20241108;100111;104.05;3000;11397669372;S
20241108;100111;104.05;400;11397669373;S
20241108;100111;104.04;47;11397669374;S
20241108;100111;104.04;48;11397669375;S
20241108;100111;104.04;10;11397669376;S
20241108;100111;104.04;213;11397669377;S
20241108;100111;104.04;243;11397669378;S
20241108;100111;104.04;4;11397669379;S
20241108;100111;104.04;3;11397669380;S
20241108;100111;104.04;300;11397669381;S
20241108;100111;104.04;1867;11397669382;S
20241108;100111;104.1;132;11397669486;S
20241108;100111;104.04;368;11397669487;S
20241108;100111;104.12;136;11397669504;B
20241108;100111;104.13;2;11397669505;B
20241108;100111;104.14;799;11397669506;B
20241108;100111;104.15;125;11397669510;B
20241108;100113;104.1;1;11397670026;S
20241108;100113;104.1;100;11397670034;S
20241108;100114;104.1;1;11397670194;S
20241108;100115;104.13;2;11397670522;B
20241108;100115;104.14;2;11397670523;B
20241108;100115;104.15;275;11397670524;B
20241108;100115;104.15;136;11397670525;B
20241108;100115;104.16;185;11397670526;B
20241108;100115;104.09;1000;11397670769;S
20241108;100116;104.06;500;11397671108;S
20241108;100117;104.12;1;11397671181;B
20241108;100117;104.05;250;11397671184;S
20241108;100117;104.09;100;11397671207;S
20241108;100117;104.04;265;11397671252;S
20241108;100117;104.04;2500;11397671253;S
20241108;100117;104.04;7;11397671254;S
20241108;100117;104.04;5;11397671255;S
20241108;100117;104.04;10;11397671256;S
20241108;100117;104.04;10;11397671257;S
20241108;100117;104.04;300;11397671258;S
20241108;100117;104.04;118;11397671259;S
20241108;100117;104.04;5;11397671260;S
20241108;100117;104.04;60;11397671261;S
20241108;100117;104.04;150;11397671262;S
20241108;100117;104.04;1;11397671263;S
20241108;100117;104.04;1;11397671264;S
20241108;100117;104.03;10;11397671265;S
20241108;100117;104.03;400;11397671266;S
20241108;100117;104.02;10;11397671267;S
20241108;100117;104.02;400;11397671268;S
20241108;100117;104.01;400;11397671269;S
20241108;100117;104;1;11397671270;S
20241108;100117;104;10;11397671271;S
20241108;100117;104;600;11397671272;S
20241108;100117;104;90;11397671273;S
20241108;100117;104;1000;11397671274;S
20241108;100117;104;10;11397671275;S
20241108;100117;104;33;11397671276;S
20241108;100117;104;1300;11397671277;S
20241108;100117;104;23;11397671278;S
20241108;100117;104;1;11397671279;S
20241108;100117;104;1600;11397671280;S
20241108;100117;104;50;11397671281;S
20241108;100117;104;400;11397671282;S
20241108;100117;103.99;230;11397671283;S
20241108;100117;103.97;472;11397671291;S
20241108;100117;103.96;549;11397671292;S
20241108;100117;103.95;1441;11397671293;S
20241108;100117;103.94;40;11397671294;S
20241108;100117;103.94;40;11397671295;S
20241108;100117;103.94;400;11397671296;S
20241108;100117;103.93;10;11397671297;S
20241108;100117;103.93;148;11397671298;S
20241108;100117;103.95;250;11397671318;S
20241108;100117;103.95;62;11397671337;S
20241108;100117;103.93;238;11397671338;S
20241108;100118;103.92;1;11397671685;S
20241108;100118;103.92;252;11397671686;S
20241108;100118;103.91;1;11397671687;S
20241108;100118;103.91;10;11397671688;S
20241108;100118;103.9;400;11397671689;S
20241108;100118;103.89;1881;11397671690;S
20241108;100118;103.89;1;11397671691;S
20241108;100118;103.89;400;11397671692;S
20241108;100118;103.89;154;11397671693;S
20241108;100120;103.9;358;11397672247;S
20241108;100120;103.9;358;11397672248;S
20241108;100120;103.9;99;11397672249;S
20241108;100120;103.9;259;11397672250;S
20241108;100120;103.83;10;11397672373;S
20241108;100120;103.83;230;11397672374;S
20241108;100120;103.89;136;11397672430;B
20241108;100120;103.9;64;11397672431;B
20241108;100120;103.84;1;11397672444;S
20241108;100121;103.85;10;11397672554;S
20241108;100121;103.85;1;11397672649;S
20241108;100121;103.86;201;11397672699;B
20241108;100122;103.88;10;11397672810;B
20241108;100122;103.86;1;11397672827;S
20241108;100122;103.89;10;11397672972;B
20241108;100122;103.91;10;11397672973;B
20241108;100122;103.92;30;11397672974;B
20241108;100122;103.93;400;11397672995;B
20241108;100122;103.94;400;11397672996;B
20241108;100122;103.94;10;11397672997;B
20241108;100122;103.94;88;11397672998;B
20241108;100125;103.94;21;11397673665;B
20241108;100125;103.93;89;11397673666;S
20241108;100125;103.94;60;11397673789;B
20241108;100125;103.94;743;11397673835;B
20241108;100126;103.93;1;11397673883;S
20241108;100126;103.94;200;11397673897;B
20241108;100126;103.93;7;11397673968;S
20241108;100126;103.93;3;11397674148;S
20241108;100126;103.9;10;11397674149;S
20241108;100126;103.88;48;11397674150;S
20241108;100126;103.88;139;11397674151;S
20241108;100126;103.87;500;11397674175;S
20241108;100127;103.84;224;11397674512;S
20241108;100127;103.83;1;11397674513;S
20241108;100127;103.83;190;11397674514;S
20241108;100127;103.83;136;11397674515;S
20241108;100127;103.83;1929;11397674516;S
20241108;100127;103.82;2742;11397674517;S
20241108;100128;103.89;10;11397674631;B
20241108;100128;103.82;2258;11397674830;S
20241108;100128;103.82;400;11397674831;S
20241108;100128;103.82;5983;11397674832;S
20241108;100128;103.81;1;11397674833;S
20241108;100128;103.81;400;11397674834;S
20241108;100128;103.8;5000;11397674835;S
20241108;100128;103.8;108;11397674836;S
20241108;100128;103.8;20;11397674837;S
20241108;100128;103.8;2200;11397674838;S
20241108;100128;103.8;2633;11397674839;S
20241108;100128;103.8;2;11397674840;S
20241108;100128;103.8;1000;11397674841;S
20241108;100128;103.8;400;11397674842;S
20241108;100128;103.8;120;11397674843;S
20241108;100128;103.79;400;11397674844;S
20241108;100128;103.79;136;11397674845;S
20241108;100128;103.78;100;11397674846;S
20241108;100128;103.78;6500;11397674847;S
20241108;100128;103.78;400;11397674848;S
20241108;100128;103.77;11;11397674849;S
20241108;100128;103.77;500;11397674850;S
20241108;100128;103.77;100;11397674851;S
20241108;100128;103.77;400;11397674852;S
20241108;100128;103.77;3000;11397674853;S
20241108;100128;103.77;1443;11397674854;S
20241108;100128;103.76;100;11397674855;S
20241108;100128;103.76;400;11397674856;S
20241108;100128;103.75;8;11397674857;S
20241108;100128;103.75;400;11397674858;S
20241108;100128;103.74;113;11397674859;S
20241108;100128;103.74;400;11397674860;S
20241108;100128;103.74;283;11397674861;S
20241108;100128;103.73;9;11397674862;S
20241108;100128;103.73;2;11397674863;S
20241108;100128;103.73;1;11397674864;S
20241108;100128;103.73;10;11397674865;S
20241108;100128;103.73;1;11397674866;S
20241108;100128;103.73;1;11397674867;S
20241108;100128;103.73;1;11397674868;S
20241108;100128;103.73;18;11397674869;S
20241108;100128;103.73;3;11397674870;S
20241108;100128;103.73;1;11397674871;S
20241108;100128;103.73;334;11397674872;S
20241108;100129;103.79;100;11397674934;B
20241108;100129;103.82;40;11397675043;B
20241108;100129;103.82;1;11397675101;B
20241108;100130;103.82;1;11397675209;B
20241108;100130;103.82;1;11397675496;B
20241108;100131;103.78;1;11397675823;S
20241108;100132;103.78;16;11397676233;S
20241108;100132;103.78;233;11397676246;S
20241108;100132;103.78;67;11397676247;S
20241108;100132;103.78;14;11397676379;S
20241108;100132;103.78;19;11397676392;S
20241108;100132;103.78;50;11397676393;S
20241108;100133;103.77;136;11397676702;B
20241108;100133;103.77;164;11397676703;B
20241108;100133;103.79;1;11397676752;B
20241108;100134;103.74;1;11397676985;S
20241108;100135;103.74;263;11397677374;S
20241108;100135;103.73;237;11397677375;S
20241108;100135;103.75;70;11397677460;S
20241108;100136;103.78;400;11397677610;B
20241108;100136;103.78;27;11397677611;B
20241108;100136;103.75;5;11397677612;S
20241108;100136;103.75;1;11397677613;S
20241108;100136;103.77;1;11397677657;B
20241108;100136;103.76;8;11397677733;S
20241108;100136;103.76;5;11397677734;S
20241108;100136;103.76;1;11397677735;S
20241108;100137;103.76;86;11397678089;S
20241108;100137;103.76;4;11397678090;S
20241108;100138;103.77;400;11397678348;B
20241108;100138;103.78;136;11397678349;B
20241108;100138;103.78;400;11397678350;B
20241108;100138;103.78;4064;11397678351;S
20241108;100138;103.78;400;11397678420;B
20241108;100138;103.78;136;11397678421;B
20241108;100138;103.78;300;11397678422;B
20241108;100138;103.79;400;11397678423;B
20241108;100138;103.8;400;11397678424;B
20241108;100138;103.81;10;11397678425;B
20241108;100138;103.81;400;11397678426;B
20241108;100138;103.82;357;11397678427;B
20241108;100138;103.83;400;11397678428;B
20241108;100138;103.83;283;11397678429;B
20241108;100138;103.84;400;11397678430;B
20241108;100138;103.84;200;11397678431;B
20241108;100138;103.84;1445;11397678432;B
20241108;100138;103.85;400;11397678433;B
20241108;100138;103.86;400;11397678434;B
20241108;100138;103.87;314;11397678435;B
20241108;100138;103.87;400;11397678436;B
20241108;100138;103.89;10;11397678437;B
20241108;100138;103.89;10;11397678438;B
20241108;100138;103.89;1500;11397678439;B
20241108;100138;103.9;1835;11397678440;B
20241108;100138;103.75;24;11397678476;S
20241108;100138;103.74;100;11397678477;S
20241108;100138;103.74;1929;11397678478;S
20241108;100138;103.73;1928;11397678479;S
20241108;100138;103.73;10;11397678480;S
20241108;100138;103.73;10;11397678481;S
20241108;100138;103.73;4;11397678482;S
20241108;100138;103.73;1;11397678483;S
20241108;100138;103.73;5;11397678484;S
20241108;100138;103.73;1;11397678485;S
20241108;100138;103.73;1;11397678486;S
20241108;100138;103.73;3;11397678487;S
20241108;100138;103.73;10;11397678488;S
20241108;100138;103.73;39;11397678489;S
20241108;100138;103.73;10;11397678490;S
20241108;100138;103.73;4;11397678491;S
20241108;100138;103.73;1000;11397678492;S
20241108;100138;103.73;5;11397678493;S
20241108;100138;103.73;1;11397678494;S
20241108;100138;103.73;1;11397678495;S
20241108;100138;103.73;200;11397678496;S
20241108;100138;103.73;100;11397678497;S
20241108;100138;103.73;100;11397678498;S
20241108;100138;103.73;2;11397678499;S
20241108;100138;103.73;15;11397678500;S
20241108;100138;103.73;1;11397678501;S
20241108;100138;103.73;1;11397678502;S
20241108;100138;103.73;3000;11397678503;S
20241108;100138;103.73;136;11397678504;S
20241108;100138;103.71;400;11397678505;S
20241108;100138;103.7;1;11397678506;S
20241108;100138;103.7;22;11397678507;S
20241108;100138;103.7;1;11397678508;S
20241108;100138;103.7;150;11397678509;S
20241108;100138;103.7;3;11397678510;S
20241108;100138;103.7;17;11397678511;S
20241108;100138;103.7;200;11397678512;S
20241108;100138;103.7;400;11397678513;S
20241108;100138;103.69;1;11397678514;S
20241108;100138;103.69;400;11397678515;S
20241108;100138;103.68;400;11397678516;S
20241108;100138;103.67;108;11397678517;S
20241108;100138;103.67;400;11397678518;S
20241108;100138;103.67;1445;11397678519;S
20241108;100138;103.67;283;11397678520;S
20241108;100138;103.66;20;11397678521;S
20241108;100138;103.66;400;11397678522;S
20241108;100138;103.65;400;11397678523;S
20241108;100138;103.64;400;11397678524;S
20241108;100138;103.64;314;11397678525;S
20241108;100138;103.63;400;11397678526;S
20241108;100138;103.63;208;11397678527;S
20241108;100138;103.63;50;11397678528;S
20241108;100138;103.62;1;11397678529;S
20241108;100138;103.62;400;11397678530;S
20241108;100138;103.61;113;11397678531;S
20241108;100138;103.61;1500;11397678532;S
20241108;100138;103.6;4;11397678533;S
20241108;100138;103.6;964;11397678534;S
20241108;100138;103.6;20;11397678535;S
20241108;100138;103.6;5;11397678536;S
20241108;100138;103.6;1960;11397678537;S
20241108;100139;103.69;50;11397678681;B
20241108;100140;103.7;10;11397678882;B
20241108;100140;103.69;20;11397678924;B
20241108;100140;103.7;20;11397678925;B
20241108;100140;103.72;50;11397679068;B
20241108;100141;103.72;350;11397679254;B
20241108;100141;103.73;400;11397679255;B
20241108;100141;103.73;250;11397679256;B
20241108;100141;103.67;300;11397679396;S
20241108;100141;103.66;30;11397679397;S
20241108;100141;103.66;1;11397679398;S
20241108;100141;103.65;669;11397679399;S
20241108;100141;103.7;1;11397679400;B
20241108;100141;103.65;488;11397679407;S
20241108;100141;103.65;200;11397679408;S
20241108;100141;103.64;300;11397679409;S
20241108;100141;103.64;10;11397679410;S
20241108;100141;103.63;602;11397679411;S
20241108;100141;103.63;30;11397679414;S
20241108;100141;103.7;9;11397679426;B
20241108;100141;103.71;400;11397679427;B
20241108;100141;103.71;136;11397679428;B
20241108;100141;103.72;400;11397679429;B
20241108;100141;103.73;33;11397679430;B
20241108;100141;103.73;314;11397679431;B
20241108;100141;103.73;400;11397679432;B
20241108;100141;103.74;400;11397679433;B
20241108;100141;103.75;400;11397679434;B
20241108;100141;103.76;400;11397679435;B
20241108;100141;103.76;150;11397679436;B
20241108;100141;103.77;400;11397679437;B
20241108;100141;103.77;208;11397679438;B
20241108;100141;103.78;400;11397679439;B
20241108;100141;103.78;3000;11397679440;B
20241108;100141;103.78;1500;11397679441;B
20241108;100141;103.79;400;11397679442;B
20241108;100141;103.8;400;11397679443;B
20241108;100141;103.8;200;11397679444;B
20241108;100141;103.81;450;11397679445;B
20241108;100141;103.79;50;11397679462;B
20241108;100142;103.7;1;11397679682;B
20241108;100142;103.68;100;11397679686;S
20241108;100142;103.67;20;11397679687;S
20241108;100142;103.66;380;11397679688;S
20241108;100142;103.67;123;11397679729;S
20241108;100143;103.69;300;11397680026;B
20241108;100143;103.7;209;11397680029;B
20241108;100143;103.7;2;11397680116;S
20241108;100143;103.81;50;11397680134;B
20241108;100144;103.81;50;11397680159;B
20241108;100144;103.73;1;11397680164;S
20241108;100144;103.72;136;11397680165;S
20241108;100144;103.7;50;11397680166;S
20241108;100144;103.7;400;11397680167;S
20241108;100144;103.69;400;11397680168;S
20241108;100144;103.68;1926;11397680169;S
20241108;100144;103.68;400;11397680170;S
20241108;100144;103.68;60;11397680171;S
20241108;100144;103.67;9877;11397680172;S
20241108;100144;103.67;14;11397680173;S
20241108;100144;103.67;400;11397680174;S
20241108;100144;103.66;20;11397680175;S
20241108;100144;103.66;150;11397680176;S
20241108;100144;103.65;400;11397680177;S
20241108;100144;103.65;1446;11397680178;S
20241108;100144;103.65;283;11397680179;S
20241108;100144;103.65;37;11397680180;S
20241108;100145;103.75;1;11397680595;B
20241108;100145;103.75;299;11397680615;B
20241108;100145;103.76;20;11397680616;B
20241108;100145;103.78;400;11397680617;B
20241108;100145;103.78;136;11397680618;B
20241108;100145;103.79;400;11397680619;B
20241108;100145;103.79;2700;11397680620;B
20241108;100145;103.79;2700;11397680621;B
20241108;100145;103.79;150;11397680622;B
20241108;100145;103.8;400;11397680623;B
20241108;100145;103.8;283;11397680624;B
20241108;100145;103.81;400;11397680625;B
20241108;100145;103.82;400;11397680626;B
20241108;100145;103.83;400;11397680627;B
20241108;100145;103.84;400;11397680628;B
20241108;100145;103.84;912;11397680629;B
20241108;100145;103.89;50;11397680655;B
20241108;100145;103.9;256;11397680762;B
20241108;100146;103.91;1;11397681035;B
20241108;100147;103.91;10;11397681061;B
20241108;100147;103.91;50;11397681196;B
20241108;100147;103.91;1;11397681235;B
20241108;100147;103.91;1382;11397681282;B
20241108;100147;103.92;136;11397681283;B
20241108;100147;103.93;400;11397681284;B
20241108;100147;103.94;400;11397681285;B
20241108;100147;103.95;400;11397681286;B
20241108;100147;103.96;400;11397681287;B
20241108;100147;103.96;20;11397681288;B
20241108;100147;103.97;400;11397681289;B
20241108;100147;103.98;1365;11397681290;B
20241108;100147;103.98;400;11397681291;B
20241108;100147;103.99;900;11397681292;B
20241108;100147;103.99;400;11397681293;B
20241108;100147;104;400;11397681294;B
20241108;100147;104;5;11397681295;B
20241108;100147;104;400;11397681296;B
20241108;100147;104;400;11397681297;B
20241108;100147;104.01;31;11397681298;B
20241108;100147;104.01;400;11397681299;B
20241108;100147;104.01;1500;11397681300;B
20241108;100147;104.02;261;11397681301;B
20241108;100147;104.02;1000;11397681377;B
20241108;100147;104.02;1;11397681382;B
20241108;100148;104.02;1;11397681532;B
20241108;100149;103.95;136;11397681674;S
20241108;100149;103.94;400;11397681675;S
20241108;100149;103.93;20;11397681676;S
20241108;100149;103.93;44;11397681677;S
20241108;100149;104.05;50;11397681786;B
20241108;100149;104.05;50;11397681797;B
20241108;100149;104.05;1;11397681894;B
20241108;100149;104.03;99;11397682050;B
20241108;100149;104.04;136;11397682051;B
20241108;100149;104.06;7000;11397682052;B
20241108;100149;104.07;400;11397682053;B
20241108;100149;104.08;10;11397682054;B
20241108;100149;104.08;400;11397682055;B
20241108;100149;104.08;20;11397682056;B
20241108;100149;104.09;400;11397682057;B
20241108;100149;104.09;120;11397682058;B
20241108;100149;104.1;1415;11397682059;B
20241108;100150;104.09;50;11397682090;B
20241108;100150;104.09;50;11397682092;B
20241108;100150;104.1;2000;11397682121;B
20241108;100150;104.08;50;11397682252;B
20241108;100151;104.08;1;11397682298;B
20241108;100151;104.08;1;11397682522;B
20241108;100152;104.07;136;11397682617;B
20241108;100152;104.08;148;11397682618;B
20241108;100152;104.09;192;11397682619;B
20241108;100152;104.1;835;11397682620;B
20241108;100152;104.1;10;11397682621;B
20241108;100152;104.1;400;11397682622;B
20241108;100152;104.11;400;11397682623;B
20241108;100152;104.12;100;11397682624;B
20241108;100152;104.12;400;11397682625;B
20241108;100152;104.13;400;11397682626;B
20241108;100152;104.14;400;11397682627;B
20241108;100152;104.14;4400;11397682628;B
20241108;100152;104.15;400;11397682629;B
20241108;100152;104.15;1779;11397682630;B
20241108;100152;104.03;1;11397682816;S
20241108;100152;104.02;3;11397682817;S
20241108;100152;104.11;136;11397682825;B
20241108;100152;104.12;396;11397682826;B
20241108;100152;104.13;400;11397682827;B
20241108;100152;104.14;400;11397682828;B
20241108;100152;104.14;3;11397682829;B
20241108;100152;104.15;7906;11397682830;B
20241108;100153;104.09;36;11397682960;B
20241108;100153;104.1;4964;11397682961;B
20241108;100154;104.09;250;11397683248;B
20241108;100154;104.1;36;11397683249;B
20241108;100154;104.14;564;11397683250;B
20241108;100154;104.15;400;11397683251;B
20241108;100154;104.16;1;11397683252;B
20241108;100154;104.16;1;11397683253;B
20241108;100154;104.16;400;11397683254;B
20241108;100154;104.17;1;11397683255;B
20241108;100154;104.17;10;11397683256;B
20241108;100154;104.17;9;11397683257;B
20241108;100154;104.17;400;11397683258;B
20241108;100154;104.18;10;11397683259;B
20241108;100154;104.18;20;11397683260;B
20241108;100154;104.18;400;11397683261;B
20241108;100154;104.18;8;11397683262;B
20241108;100154;104.18;136;11397683263;B
20241108;100154;104.18;600;11397683264;B
20241108;100154;104.19;400;11397683265;B
20241108;100154;104.19;6354;11397683266;B
20241108;100154;104.14;3000;11397683351;S
20241108;100154;104.13;136;11397683352;S
20241108;100154;104.08;400;11397683353;S
20241108;100154;104.07;400;11397683354;S
20241108;100154;104.06;400;11397683355;S
20241108;100154;104.05;400;11397683356;S
20241108;100154;104.04;400;11397683357;S
20241108;100154;104.03;400;11397683358;S
20241108;100154;104.03;1500;11397683359;S
20241108;100154;104.03;200;11397683360;S
20241108;100154;104.02;400;11397683361;S
20241108;100154;104.01;400;11397683362;S
20241108;100154;104.01;283;11397683363;S
20241108;100154;104;400;11397683364;S
20241108;100154;104;150;11397683365;S
20241108;100154;103.99;400;11397683366;S
20241108;100154;103.96;1;11397683367;S
20241108;100154;103.88;277;11397683368;S
20241108;100154;103.85;453;11397683369;S
20241108;100154;104.01;1;11397683403;B
20241108;100154;104.1;100;11397683575;B
20241108;100155;104.1;9;11397683762;B
20241108;100155;104.08;1;11397683895;B
20241108;100155;104.1;39;11397683896;B
20241108;100155;103.99;8;11397683901;S
20241108;100156;104.1;7;11397683939;B
20241108;100157;104.09;1;11397684456;S
20241108;100158;104.03;1;11397684635;S
20241108;100158;104.03;136;11397684636;S
20241108;100158;104.02;400;11397684637;S
20241108;100158;104.01;363;11397684638;S
20241108;100158;104.1;1;11397684738;B
20241108;100159;104.08;30;11397684926;S
20241108;100159;104.03;69;11397684927;S
20241108;100159;104.09;15;11397685188;B
20241108;100159;104.1;35;11397685189;B
20241108;100200;104.05;72;11397685514;B
20241108;100201;104.05;1;11397685744;B
20241108;100201;104.01;62;11397685795;S
20241108;100201;104.05;1346;11397685803;B
20241108;100201;104.05;66;11397685847;B
20241108;100202;104.05;82;11397686298;B
20241108;100202;104.05;81;11397686417;B
20241108;100202;104.02;5;11397686446;S
20241108;100202;104.01;1000;11397686503;S
20241108;100203;103.98;4;11397686555;S
20241108;100203;103.98;1;11397686556;S
20241108;100203;103.97;400;11397686557;S
20241108;100203;103.96;400;11397686558;S
20241108;100203;103.96;7;11397686559;S
20241108;100203;103.96;136;11397686560;S
20241108;100203;103.96;125;11397686561;S
20241108;100203;103.95;400;11397686562;S
20241108;100203;103.95;125;11397686563;S
20241108;100203;103.94;317;11397686564;S
20241108;100203;104.01;1;11397686651;B
20241108;100203;104.01;25;11397686652;B
20241108;100203;104.01;5;11397686697;B
20241108;100203;104.02;45;11397686698;B
20241108;100204;104;2;11397687196;B
20241108;100204;104;73;11397687197;B
20241108;100205;104.01;10;11397687256;B
20241108;100205;104.01;1;11397687339;B
20241108;100205;103.94;1;11397687340;S
20241108;100205;103.92;49;11397687341;S
20241108;100205;103.91;400;11397687365;S
20241108;100205;103.9;400;11397687366;S
20241108;100205;103.9;141;11397687367;S
20241108;100205;103.89;400;11397687368;S
20241108;100205;103.89;168;11397687369;S
20241108;100205;103.89;141;11397687370;S
20241108;100205;103.89;136;11397687371;S
20241108;100205;103.88;233;11397687372;S
20241108;100205;103.97;2;11397687447;B
20241108;100205;103.98;48;11397687448;B
20241108;100205;103.98;5;11397687557;B
20241108;100205;103.99;36;11397687558;B
20241108;100205;103.88;167;11397687641;S
20241108;100205;103.88;833;11397687642;S
20241108;100206;103.94;2;11397687848;B
20241108;100206;103.95;10;11397687849;B
20241108;100206;103.97;88;11397687850;B
20241108;100206;103.91;1;11397687892;S
20241108;100206;103.9;9;11397687900;B
20241108;100206;103.98;20;11397687901;B
20241108;100206;103.99;1146;11397687902;B
20241108;100206;103.99;400;11397687903;B
20241108;100206;103.99;136;11397687904;B
20241108;100206;104;400;11397687905;B
20241108;100206;104;2889;11397687906;S
20241108;100206;104;1;11397687935;B
20241108;100206;103.9;1;11397687942;S
20241108;100207;104;137;11397687986;B
20241108;100207;104;34;11397687996;B
20241108;100207;103.92;10;11397688139;B
20241108;100207;104;40;11397688140;B
20241108;100207;103.99;24;11397688211;B
20241108;100208;103.96;10;11397688371;B
20241108;100208;103.98;10;11397688544;B
20241108;100208;103.99;4;11397688545;B
20241108;100208;103.99;94;11397688564;B
20241108;100208;103.94;10;11397688712;B
20241108;100208;103.95;1;11397688713;B
20241108;100208;104;138;11397688714;B
20241108;100209;104;50;11397688834;B
20241108;100209;104;10;11397688835;B
20241108;100209;104.01;440;11397688836;B
20241108;100209;103.99;136;11397689033;B
20241108;100209;103.99;400;11397689034;B
20241108;100209;103.99;94;11397689035;B
20241108;100209;104;400;11397689036;B
20241108;100209;104;970;11397689037;B
20241108;100210;103.99;20;11397689244;B
20241108;100211;103.98;15;11397689419;B
20241108;100211;103.99;380;11397689420;B
20241108;100211;103.99;150;11397689421;B
20241108;100211;104;4455;11397689422;B
20241108;100211;103.94;50;11397689567;S
20241108;100211;103.9;136;11397689568;S
20241108;100211;103.89;36;11397689569;S
20241108;100211;103.88;2700;11397689570;S
20241108;100211;103.88;1;11397689571;S
20241108;100211;103.87;400;11397689572;S
20241108;100211;103.86;400;11397689573;S
20241108;100211;103.86;150;11397689574;S
20241108;100211;103.85;400;11397689575;S
20241108;100211;103.85;2700;11397689576;S
20241108;100211;103.84;400;11397689577;S
20241108;100211;103.83;400;11397689578;S
20241108;100211;103.82;1;11397689579;S
20241108;100211;103.82;400;11397689580;S
20241108;100211;103.82;3000;11397689581;S
20241108;100211;103.82;826;11397689582;S
20241108;100212;103.81;37;11397689777;S
20241108;100213;103.84;200;11397689890;B
20241108;100213;103.81;12;11397690033;S
20241108;100213;103.84;176;11397690057;B
20241108;100214;103.84;4;11397690189;B
20241108;100215;103.84;10000;11397690619;B
20241108;100215;103.84;5620;11397690620;B
20241108;100215;103.85;150;11397690621;B
20241108;100216;103.84;10;11397690868;S
20241108;100216;103.83;10;11397690869;S
20241108;100216;103.83;136;11397690870;S
20241108;100216;103.81;899;11397690871;S
20241108;100216;103.8;800;11397690872;S
20241108;100216;103.77;145;11397690873;S
20241108;100217;103.84;59;11397691393;B
20241108;100218;103.86;63;11397691620;B
20241108;100218;103.8;9;11397691669;S
20241108;100218;103.86;73;11397691730;B
20241108;100218;103.87;1;11397691731;B
20241108;100218;103.88;16;11397691732;B
20241108;100218;103.89;400;11397691733;B
20241108;100218;103.9;400;11397691734;B
20241108;100218;103.9;590;11397691735;B
20241108;100219;103.84;100;11397692007;S
20241108;100219;103.81;12;11397692008;S
20241108;100219;103.8;1;11397692009;S
20241108;100219;103.8;111;11397692010;S
20241108;100219;103.79;400;11397692011;S
20241108;100219;103.78;400;11397692012;S
20241108;100219;103.78;5;11397692013;S
20241108;100219;103.77;400;11397692014;S
20241108;100219;103.76;400;11397692015;S
20241108;100219;103.76;451;11397692016;S
20241108;100219;103.75;400;11397692017;S
20241108;100219;103.74;320;11397692018;S
20241108;100220;103.86;100;11397692214;B
20241108;100221;103.89;371;11397692660;B
20241108;100223;103.83;3;11397693078;S
20241108;100223;103.8;5;11397693079;S
20241108;100223;103.8;92;11397693080;S
20241108;100224;103.89;29;11397693273;B
20241108;100224;103.9;128;11397693274;B
20241108;100224;103.89;400;11397693441;B
20241108;100224;103.89;136;11397693442;B
20241108;100224;103.89;464;11397693443;B
20241108;100225;103.79;136;11397693637;S
20241108;100225;103.78;20;11397693638;S
20241108;100225;103.77;464;11397693639;S
20241108;100225;103.76;10;11397693640;S
20241108;100225;103.76;2370;11397693641;S
20241108;100225;103.84;82;11397693871;B
20241108;100226;103.83;50;11397693979;B
20241108;100226;103.76;130;11397694098;S
20241108;100226;103.76;1;11397694099;S
20241108;100226;103.76;72;11397694100;S
20241108;100226;103.75;136;11397694101;S
20241108;100226;103.74;1444;11397694102;S
20241108;100226;103.74;1;11397694103;S
20241108;100226;103.73;146;11397694104;S
20241108;100227;103.84;5;11397694409;B
20241108;100227;103.84;13;11397694487;B
20241108;100227;103.84;60;11397694488;B
20241108;100227;103.84;400;11397694489;B
20241108;100227;103.84;27;11397694490;B
20241108;100228;103.8;50;11397694596;S
20241108;100228;103.73;23;11397694597;S
20241108;100228;103.73;12;11397694598;S
20241108;100228;103.73;15;11397694599;S
20241108;100228;103.73;1;11397694777;S
20241108;100229;103.84;136;11397694909;B
20241108;100229;103.85;400;11397694910;B
20241108;100229;103.85;150;11397694911;B
20241108;100229;103.85;1314;11397694912;B
20241108;100231;103.8;183;11397695463;S
20241108;100231;103.88;1;11397695577;B
20241108;100233;103.86;100;11397696146;S
20241108;100233;103.82;136;11397696147;S
20241108;100233;103.81;150;11397696148;S
20241108;100233;103.8;552;11397696149;S
20241108;100233;103.8;62;11397696150;S
20241108;100234;103.85;100;11397696425;S
20241108;100234;103.81;1910;11397696426;S
20241108;100235;103.84;10;11397696743;S
20241108;100235;103.81;8090;11397696744;S
20241108;100235;103.8;1;11397696745;S
20241108;100235;103.77;1899;11397696746;S
20241108;100236;103.85;82;11397696900;B
20241108;100237;103.83;13;11397697349;B
20241108;100237;103.8;10;11397697534;B
20241108;100237;103.84;7;11397697535;B
20241108;100237;103.84;129;11397697536;B
20241108;100237;103.88;17;11397697537;B
20241108;100237;103.78;10;11397697562;S
20241108;100237;103.78;60;11397697563;S
20241108;100238;103.78;1;11397697738;S
20241108;100238;103.78;39;11397697957;S
20241108;100238;103.78;17;11397697958;S
20241108;100238;103.77;8101;11397697959;S
20241108;100238;103.76;400;11397697960;S
20241108;100238;103.76;1444;11397697961;S
20241108;100238;103.75;1000;11397697962;S
20241108;100238;103.75;500;11397697963;S
20241108;100238;103.75;400;11397697964;S
20241108;100238;103.75;136;11397697965;S
20241108;100238;103.75;555;11397697966;B
20241108;100239;103.75;1;11397698198;B
20241108;100239;103.75;11;11397698326;B
20241108;100240;103.74;1;11397698386;S
20241108;100240;103.72;19;11397698387;S
20241108;100240;103.75;200;11397698391;B
20241108;100241;103.75;71;11397698811;B
20241108;100242;103.73;10;11397699004;S
20241108;100242;103.72;2981;11397699005;S
20241108;100242;103.7;3000;11397699006;S
20241108;100242;103.7;12;11397699007;S
20241108;100242;103.7;1;11397699008;S
20241108;100242;103.7;5;11397699009;S
20241108;100242;103.7;200;11397699010;S
20241108;100242;103.7;1445;11397699011;S
20241108;100242;103.7;60;11397699012;S
20241108;100242;103.69;50;11397699013;S
20241108;100242;103.69;136;11397699014;S
20241108;100242;103.67;400;11397699015;S
20241108;100242;103.66;400;11397699016;S
20241108;100242;103.65;100;11397699017;S
20241108;100242;103.65;100;11397699018;S
20241108;100242;103.65;150;11397699019;S
20241108;100242;103.65;20;11397699020;S
20241108;100242;103.65;5;11397699021;S
20241108;100242;103.65;5;11397699022;S
20241108;100242;103.65;400;11397699023;S
20241108;100242;103.65;1;11397699024;S
20241108;100242;103.65;50;11397699025;S
20241108;100242;103.64;1;11397699026;S
20241108;100242;103.64;400;11397699027;S
20241108;100242;103.63;500;11397699028;S
20241108;100242;103.63;400;11397699029;S
20241108;100242;103.63;1168;11397699030;S
20241108;100242;103.71;1;11397699070;B
20241108;100243;103.64;10;11397699522;S
20241108;100243;103.64;990;11397699523;S
20241108;100244;103.71;1;11397699560;B
20241108;100245;103.71;11;11397699887;B
20241108;100246;103.64;10;11397700049;S
20241108;100246;103.64;1446;11397700050;S
20241108;100246;103.63;136;11397700051;S
20241108;100246;103.62;9;11397700052;S
20241108;100246;103.61;1929;11397700053;S
20241108;100246;103.6;40;11397700054;S
20241108;100246;103.6;1200;11397700055;S
20241108;100246;103.6;1;11397700056;S
20241108;100246;103.6;1;11397700057;S
20241108;100246;103.6;100;11397700058;S
20241108;100246;103.6;4;11397700059;S
20241108;100246;103.6;700;11397700060;S
20241108;100246;103.6;1000;11397700061;S
20241108;100246;103.6;23;11397700062;S
20241108;100246;103.6;5;11397700063;S
20241108;100246;103.59;400;11397700064;S
20241108;100246;103.58;400;11397700065;S
20241108;100246;103.57;1;11397700066;S
20241108;100246;103.57;300;11397700067;S
20241108;100246;103.57;2;11397700068;S
20241108;100246;103.57;400;11397700069;S
20241108;100246;103.57;893;11397700070;S
20241108;100247;103.68;90;11397700376;B
20241108;100248;103.66;1;11397700627;S
20241108;100248;103.62;1447;11397700628;S
20241108;100248;103.61;897;11397700629;S
20241108;100248;103.61;136;11397700630;S
20241108;100248;103.58;1929;11397700631;S
20241108;100248;103.57;20;11397700632;S
20241108;100248;103.57;2200;11397700633;S
20241108;100248;103.57;10;11397700634;S
20241108;100248;103.56;5000;11397700635;S
20241108;100248;103.56;200;11397700636;S
20241108;100248;103.56;400;11397700637;S
20241108;100248;103.55;100;11397700638;S
20241108;100248;103.55;10;11397700639;S
20241108;100248;103.55;500;11397700640;S
20241108;100248;103.55;400;11397700641;S
20241108;100248;103.55;1500;11397700642;S
20241108;100248;103.54;1450;11397700643;S
20241108;100248;103.54;400;11397700644;S
20241108;100248;103.54;144;11397700645;S
20241108;100248;103.53;300;11397700646;S
20241108;100248;103.53;80;11397700647;S
20241108;100248;103.53;200;11397700648;S
20241108;100248;103.53;200;11397700649;S
20241108;100248;103.53;190;11397700650;S
20241108;100248;103.53;20;11397700651;S
20241108;100248;103.53;400;11397700652;S
20241108;100248;103.52;10;11397700653;S
20241108;100248;103.52;400;11397700654;S
20241108;100248;103.51;2000;11397700655;S
20241108;100248;103.51;1;11397700656;S
20241108;100248;103.51;400;11397700657;S
20241108;100248;103.51;208;11397700658;S
20241108;100248;103.5;10000;11397700659;S
20241108;100248;103.5;10;11397700660;S
20241108;100248;103.5;600;11397700661;S
20241108;100248;103.5;1;11397700662;S
20241108;100248;103.5;3;11397700663;S
20241108;100248;103.5;200;11397700664;S
20241108;100248;103.5;10;11397700665;S
20241108;100248;103.5;418;11397700666;S
20241108;100248;103.6;400;11397700676;B
20241108;100248;103.6;136;11397700677;B
20241108;100248;103.6;150;11397700746;S
20241108;100248;103.63;200;11397700824;B
20241108;100248;103.63;300;11397700825;B
20241108;100248;103.6;1346;11397700840;S
20241108;100249;103.62;76;11397701001;B
20241108;100249;103.62;6;11397701188;B
20241108;100250;103.62;38;11397701301;B
20241108;100250;103.62;1;11397701375;B
20241108;100250;103.62;62;11397701376;B
20241108;100250;103.62;10;11397701406;B
20241108;100250;103.61;460;11397701443;S
20241108;100250;103.62;207;11397701470;B
20241108;100251;103.62;1;11397701580;S
20241108;100251;103.63;300;11397701621;B
20241108;100252;103.66;50;11397701786;B
20241108;100252;103.66;67;11397701812;B
20241108;100252;103.65;400;11397701854;B
20241108;100254;103.65;16;11397702209;B
20241108;100254;103.65;384;11397702217;B
20241108;100254;103.66;248;11397702218;B
20241108;100254;103.66;10;11397702219;B
20241108;100254;103.66;400;11397702220;B
20241108;100255;103.7;400;11397702431;B
20241108;100255;103.71;50;11397702528;B
20241108;100256;103.71;42;11397702723;B
20241108;100256;103.68;136;11397702760;S
20241108;100256;103.68;264;11397702761;S
20241108;100256;103.68;166;11397702766;S
20241108;100256;103.71;76;11397702791;B
20241108;100257;103.67;1;11397702982;S
20241108;100257;103.7;5;11397703015;S
20241108;100257;103.7;811;11397703029;S
20241108;100257;103.7;400;11397703030;S
20241108;100257;103.7;400;11397703031;S
20241108;100257;103.7;400;11397703032;S
20241108;100257;103.7;400;11397703033;S
20241108;100257;103.7;400;11397703087;S
20241108;100258;103.71;232;11397703127;B
20241108;100258;103.71;2;11397703128;B
20241108;100258;103.72;400;11397703129;B
20241108;100258;103.73;1;11397703130;B
20241108;100258;103.73;389;11397703131;B
20241108;100258;103.7;7;11397703150;S
20241108;100258;103.7;75;11397703151;S
20241108;100258;103.71;50;11397703214;B
20241108;100259;103.71;50;11397703449;B
20241108;100300;103.7;2893;11397703559;S
20241108;100300;103.67;50;11397703561;S
20241108;100301;103.68;22;11397703783;S
20241108;100302;103.68;68;11397704123;S
20241108;100302;103.69;400;11397704125;B
20241108;100302;103.7;5;11397704126;B
20241108;100302;103.7;400;11397704127;B
20241108;100302;103.71;195;11397704128;B
20241108;100303;103.69;1157;11397704311;S
20241108;100303;103.68;2893;11397704312;S
20241108;100303;103.67;511;11397704313;S
20241108;100303;103.67;10;11397704314;S
20241108;100303;103.66;1;11397704315;S
20241108;100303;103.65;150;11397704390;S
20241108;100303;103.64;24;11397704413;B
20241108;100303;103.63;1929;11397704480;S
20241108;100303;103.63;136;11397704481;S
20241108;100303;103.62;935;11397704482;S
20241108;100303;103.65;38;11397704561;B
20241108;100304;103.65;33;11397704650;B
20241108;100304;103.63;1929;11397704727;S
20241108;100304;103.62;3071;11397704728;S
20241108;100305;103.65;62;11397704831;B
20241108;100305;103.65;267;11397704875;B
20241108;100305;103.66;400;11397704876;B
20241108;100305;103.66;425;11397704877;B
20241108;100305;103.67;400;11397704878;B
20241108;100305;103.67;425;11397704879;B
20241108;100305;103.68;400;11397704880;B
20241108;100305;103.68;136;11397704881;B
20241108;100305;103.69;400;11397704882;B
20241108;100305;103.69;2147;11397704883;B
20241108;100305;103.68;70;11397704887;B
20241108;100305;103.68;9;11397704925;B
20241108;100305;103.69;50;11397704991;B
20241108;100306;103.69;200;11397705206;B
20241108;100308;103.69;150;11397705526;B
20241108;100308;103.69;457;11397705527;B
20241108;100308;103.69;50;11397705528;B
20241108;100308;103.7;303;11397705529;B
20241108;100308;103.69;200;11397705611;B
20241108;100309;103.69;88;11397705887;B
20241108;100309;103.67;12;11397705939;B
20241108;100310;103.65;100;11397706281;S
20241108;100310;103.65;100;11397706290;S
20241108;100310;103.66;50;11397706341;B
20241108;100310;103.63;1000;11397706427;S
20241108;100311;103.63;50;11397706503;S
20241108;100311;103.63;50;11397706705;S
20241108;100311;103.63;1;11397706706;S
20241108;100311;103.63;129;11397706707;S
20241108;100313;103.66;350;11397707177;B
20241108;100313;103.66;280;11397707178;B
20241108;100313;103.66;55;11397707179;B
20241108;100313;103.66;225;11397707374;B
20241108;100313;103.66;257;11397707375;B
20241108;100314;103.66;10;11397707686;B
20241108;100314;103.67;388;11397707687;B
20241108;100314;103.68;400;11397707688;B
20241108;100314;103.68;1000;11397707689;B
20241108;100314;103.68;268;11397707690;B
20241108;100314;103.69;112;11397707691;B
20241108;100314;103.69;1447;11397707692;B
20241108;100314;103.69;268;11397707693;B
20241108;100314;103.7;1497;11397707694;B
20241108;100314;103.7;400;11397707695;B
20241108;100314;103.7;136;11397707696;B
20241108;100314;103.71;105;11397707697;B
20241108;100314;103.71;300;11397707698;B
20241108;100314;103.71;40;11397707699;B
20241108;100314;103.72;400;11397707700;B
20241108;100314;103.72;314;11397707701;B
20241108;100314;103.72;553;11397707702;B
20241108;100314;103.73;1909;11397707703;B
20241108;100315;103.68;50;11397707840;B
20241108;100316;103.68;100;11397708082;B
20241108;100316;103.65;10;11397708171;B
20241108;100316;103.65;300;11397708274;B
20241108;100317;103.65;35;11397708463;B
20241108;100317;103.65;5;11397708497;B
20241108;100317;103.67;161;11397708498;B
20241108;100317;103.67;134;11397708499;B
20241108;100317;103.68;50;11397708503;B
20241108;100318;103.66;45;11397708773;S
20241108;100318;103.64;30;11397708774;S
20241108;100318;103.64;100;11397708775;S
20241108;100318;103.63;25;11397708776;S
20241108;100319;103.63;75;11397709008;S
20241108;100319;103.63;1929;11397709009;S
20241108;100319;103.63;1157;11397709010;S
20241108;100319;103.63;125;11397709011;S
20241108;100319;103.62;5994;11397709012;S
20241108;100319;103.62;1;11397709013;S
20241108;100319;103.62;1;11397709014;S
20241108;100319;103.62;1;11397709015;S
20241108;100319;103.62;136;11397709016;S
20241108;100319;103.61;650;11397709017;S
20241108;100319;103.61;10000;11397709018;S
20241108;100319;103.61;10000;11397709019;S
20241108;100319;103.61;146;11397709020;S
20241108;100319;103.6;1000;11397709021;S
20241108;100319;103.6;2000;11397709022;S
20241108;100319;103.6;1;11397709023;S
20241108;100319;103.6;3221;11397709024;S
20241108;100319;103.59;10000;11397709025;S
20241108;100319;103.59;399;11397709026;S
20241108;100319;103.58;3164;11397709027;S
20241108;100319;103.63;1929;11397709035;S
20241108;100319;103.62;136;11397709040;B
20241108;100319;103.65;1447;11397709041;B
20241108;100319;103.65;346;11397709042;B
20241108;100320;103.6;300;11397709356;S
20241108;100320;103.59;1929;11397709357;S
20241108;100320;103.58;6836;11397709358;S
20241108;100320;103.57;1;11397709359;S
20241108;100320;103.57;372;11397709360;S
20241108;100320;103.57;372;11397709361;S
20241108;100320;103.56;700;11397709362;S
20241108;100320;103.54;479;11397709363;S
20241108;100320;103.53;400;11397709364;S
20241108;100320;103.53;1447;11397709365;S
20241108;100320;103.52;5;11397709366;S
20241108;100320;103.52;400;11397709367;S
20241108;100320;103.52;314;11397709368;S
20241108;100320;103.52;500;11397709369;S
20241108;100320;103.51;30;11397709370;S
20241108;100320;103.51;400;11397709371;S
20241108;100320;103.51;50;11397709372;S
20241108;100320;103.51;136;11397709373;S
20241108;100320;103.5;582;11397709374;S
20241108;100320;103.5;995;11397709375;S
20241108;100320;103.5;5;11397709376;S
20241108;100320;103.5;700;11397709377;S
20241108;100320;103.5;10;11397709378;S
20241108;100320;103.5;100;11397709379;S
20241108;100320;103.5;1;11397709380;S
20241108;100320;103.5;556;11397709381;S
20241108;100320;103.55;6;11397709423;S
20241108;100320;103.6;6;11397709431;B
20241108;100320;103.6;4;11397709449;B
20241108;100320;103.61;96;11397709450;B
20241108;100321;103.56;500;11397709611;B
20241108;100322;103.55;136;11397709802;S
20241108;100322;103.54;464;11397709803;S
20241108;100322;103.62;400;11397709933;B
20241108;100322;103.63;400;11397709934;B
20241108;100322;103.63;136;11397709935;B
20241108;100322;103.64;14;11397709936;B
20241108;100323;103.64;386;11397710090;B
20241108;100323;103.64;283;11397710091;B
20241108;100323;103.64;331;11397710092;B
20241108;100323;103.63;400;11397710120;B
20241108;100323;103.64;2369;11397710121;B
20241108;100323;103.64;136;11397710122;B
20241108;100323;103.64;400;11397710123;B
20241108;100323;103.65;400;11397710124;B
20241108;100323;103.65;314;11397710125;B
20241108;100323;103.65;136;11397710126;B
20241108;100323;103.66;400;11397710127;B
20241108;100323;103.66;1800;11397710128;B
20241108;100323;103.66;9750;11397710129;B
20241108;100323;103.65;2;11397710130;B
20241108;100323;103.65;10;11397710201;B
20241108;100323;103.65;50;11397710207;B
20241108;100324;103.65;50;11397710387;B
20241108;100327;103.57;1;11397711285;S
20241108;100327;103.64;20;11397711300;B
20241108;100328;103.64;80;11397711647;B
20241108;100328;103.65;288;11397711648;B
20241108;100328;103.66;400;11397711649;B
20241108;100328;103.66;136;11397711650;B
20241108;100328;103.67;400;11397711651;B
20241108;100328;103.68;400;11397711652;B
20241108;100328;103.68;132;11397711653;B
20241108;100328;103.69;875;11397711654;B
20241108;100328;103.68;136;11397711746;B
20241108;100328;103.69;125;11397711747;B
20241108;100328;103.69;39;11397711748;B
20241108;100329;103.6;1;11397711966;S
20241108;100330;103.64;100;11397712261;B
20241108;100330;103.58;10;11397712335;S
20241108;100330;103.64;900;11397712342;B
20241108;100331;103.69;50;11397712448;B
20241108;100331;103.69;86;11397712605;B
20241108;100331;103.7;400;11397712606;B
20241108;100331;103.71;400;11397712607;B
20241108;100331;103.72;400;11397712608;B
20241108;100331;103.72;300;11397712609;B
20241108;100331;103.72;414;11397712610;B
20241108;100332;103.71;20;11397712758;B
20241108;100333;103.71;100;11397712899;B
20241108;100333;103.7;22;11397713116;B
20241108;100334;103.7;66;11397713375;B
20241108;100334;103.65;900;11397713437;S
20241108;100334;103.61;100;11397713500;S
20241108;100334;103.61;10;11397713501;S
20241108;100334;103.6;690;11397713502;S
20241108;100334;103.66;19;11397713524;B
20241108;100335;103.66;1;11397713735;B
20241108;100335;103.69;136;11397713736;B
20241108;100335;103.7;1;11397713737;B
20241108;100335;103.71;26;11397713739;B
20241108;100335;103.68;50;11397713821;B
20241108;100335;103.69;81;11397713874;B
20241108;100335;103.7;83;11397714077;B
20241108;100336;103.7;20;11397714334;B
20241108;100336;103.71;374;11397714335;B
20241108;100336;103.71;136;11397714336;B
20241108;100336;103.72;400;11397714337;B
20241108;100336;103.73;70;11397714338;B
20241108;100338;103.63;1;11397714999;S
20241108;100338;103.62;100;11397715000;S
20241108;100338;103.62;1;11397715001;S
20241108;100338;103.62;20;11397715002;S
20241108;100338;103.61;878;11397715003;S
20241108;100339;103.65;1;11397715316;B
20241108;100339;103.69;100;11397715317;B
20241108;100339;103.69;85;11397715318;B
20241108;100340;103.69;51;11397715415;B
20241108;100340;103.69;128;11397715416;B
20241108;100340;103.71;21;11397715417;B
20241108;100340;103.7;136;11397715526;B
20241108;100340;103.7;12;11397715527;B
20241108;100340;103.7;20;11397715528;B
20241108;100340;103.71;379;11397715529;B
20241108;100340;103.72;400;11397715530;B
20241108;100340;103.73;253;11397715531;B
20241108;100340;103.61;2;11397715648;S
20241108;100341;103.7;100;11397715711;S
20241108;100341;103.7;29;11397715787;B
20241108;100342;103.7;107;11397715902;B
20241108;100342;103.7;28;11397715903;B
20241108;100342;103.7;30;11397716052;B
20241108;100343;103.7;100;11397716222;B
20241108;100344;103.7;22;11397716492;B
20241108;100344;103.68;200;11397716542;S
20241108;100344;103.64;146;11397716543;S
20241108;100344;103.69;136;11397716557;B
20241108;100344;103.7;493;11397716558;B
20241108;100344;103.71;139;11397716559;B
20241108;100344;103.72;36;11397716560;B
20241108;100344;103.73;77;11397716561;B
20241108;100344;103.73;119;11397716562;B
20241108;100344;103.71;59;11397716722;B
20241108;100344;103.71;50;11397716830;B
20241108;100345;103.71;8;11397717018;B
20241108;100345;103.62;100;11397717101;S
20241108;100345;103.62;1157;11397717102;S
20241108;100345;103.62;1929;11397717103;S
20241108;100345;103.61;400;11397717104;S
20241108;100345;103.61;2700;11397717105;S
20241108;100345;103.6;400;11397717106;S
20241108;100345;103.6;1446;11397717107;S
20241108;100345;103.59;400;11397717108;S
20241108;100345;103.58;400;11397717109;S
20241108;100345;103.58;136;11397717110;S
20241108;100345;103.57;400;11397717111;S
20241108;100345;103.57;532;11397717112;S
20241108;100345;103.71;73;11397717114;B
20241108;100346;103.67;136;11397717345;B
20241108;100346;103.69;64;11397717346;B
20241108;100346;103.59;350;11397717637;S
20241108;100346;103.68;136;11397717738;B
20241108;100346;103.69;28;11397717739;B
20241108;100346;103.59;800;11397717774;S
20241108;100346;103.66;120;11397717816;B
20241108;100347;103.67;84;11397718180;B
20241108;100347;103.58;178;11397718220;S
20241108;100348;103.61;53;11397718797;B
20241108;100349;103.6;86;11397719097;B
20241108;100350;103.6;78;11397719356;B
20241108;100350;103.6;4;11397719510;B
20241108;100350;103.6;32;11397719511;B
20241108;100350;103.6;145;11397719512;B
20241108;100351;103.61;47;11397719788;B
20241108;100351;103.64;2;11397719789;B
20241108;100351;103.66;27;11397719792;B
20241108;100351;103.67;16;11397719985;B
20241108;100351;103.68;34;11397719986;B
20241108;100351;103.68;66;11397720145;B
20241108;100351;103.68;16;11397720146;B
20241108;100351;103.68;20;11397720167;B
20241108;100353;103.66;82;11397720738;B
20241108;100353;103.69;121;11397720930;B
20241108;100354;103.69;14;11397721201;B
20241108;100354;103.69;2565;11397721221;B
20241108;100354;103.69;400;11397721222;B
20241108;100354;103.7;1000;11397721223;B
20241108;100354;103.7;400;11397721224;B
20241108;100354;103.7;2000;11397721225;B
20241108;100354;103.7;150;11397721226;B
20241108;100354;103.7;50;11397721282;S
20241108;100354;103.71;400;11397721332;B
20241108;100354;103.7;9;11397721409;S
20241108;100355;103.73;82;11397721506;B
20241108;100355;103.7;990;11397721537;S
20241108;100355;103.73;50;11397721544;B
20241108;100355;103.73;73;11397721616;B
20241108;100356;103.73;81;11397721875;B
20241108;100356;103.7;290;11397721914;S
20241108;100356;103.73;50;11397721928;B
20241108;100356;103.73;8;11397722084;B
20241108;100356;103.73;37;11397722087;B
20241108;100356;103.74;1;11397722088;B
20241108;100356;103.74;1;11397722089;B
20241108;100356;103.75;461;11397722090;B
20241108;100356;103.7;1;11397722135;S
20241108;100357;103.75;33;11397722224;B
20241108;100358;103.74;24;11397722643;B
20241108;100358;103.75;17;11397722644;B
20241108;100358;103.72;10;11397722725;S
20241108;100358;103.7;990;11397722726;S
20241108;100358;103.75;1;11397722802;B
20241108;100358;103.75;50;11397722821;B
20241108;100358;103.75;100;11397722843;B
20241108;100358;103.75;8;11397722892;B
20241108;100358;103.75;300;11397722947;B
20241108;100359;103.75;76;11397723028;B
20241108;100359;103.75;5;11397723205;B
20241108;100359;103.75;100;11397723225;B
20241108;100400;103.71;100;11397723428;S
20241108;100401;103.75;78;11397723765;B
20241108;100401;103.74;12;11397723840;B
20241108;100401;103.75;38;11397723841;B
20241108;100401;103.75;50;11397723944;B
20241108;100402;103.75;1808;11397724311;B
20241108;100402;103.75;3792;11397724312;B
20241108;100402;103.75;68;11397724340;B
20241108;100403;103.75;100;11397724381;B
20241108;100403;103.71;173;11397724556;S
20241108;100403;103.71;27;11397724557;S
20241108;100403;103.71;150;11397724634;S
20241108;100404;103.74;64;11397724898;B
20241108;100404;103.7;160;11397724938;S
20241108;100405;103.74;8;11397725114;B
20241108;100405;103.74;5;11397725179;B
20241108;100405;103.74;10;11397725254;B
20241108;100406;103.73;17;11397725667;B
20241108;100407;103.73;59;11397725831;B
20241108;100407;103.73;3;11397725909;B
20241108;100407;103.73;22;11397725989;B
20241108;100407;103.73;49;11397726016;B
20241108;100407;103.73;38;11397726115;B
20241108;100408;103.72;1;11397726217;S
20241108;100408;103.73;12;11397726224;B
20241108;100408;103.74;49;11397726225;B
20241108;100408;103.74;726;11397726226;B
20241108;100408;103.74;445;11397726227;B
20241108;100408;103.75;3768;11397726228;B
20241108;100408;103.73;222;11397726309;S
20241108;100408;103.75;8272;11397726314;B
20241108;100408;103.75;500;11397726315;B
20241108;100408;103.75;136;11397726316;B
20241108;100409;103.75;82;11397726668;B
20241108;100409;103.72;1;11397726681;S
20241108;100410;103.76;50;11397726825;B
20241108;100410;103.76;17;11397726992;B
20241108;100410;103.76;53;11397727020;B
20241108;100410;103.77;400;11397727021;B
20241108;100410;103.77;47;11397727022;B
20241108;100410;103.77;64;11397727164;B
20241108;100411;103.78;17;11397727301;B
20241108;100411;103.78;68;11397727466;B
20241108;100411;103.78;315;11397727503;B
20241108;100411;103.79;82;11397727627;B
20241108;100411;103.79;81;11397727728;B
20241108;100412;103.75;2;11397727753;S
20241108;100412;103.79;1;11397727786;B
20241108;100412;103.79;81;11397727919;B
20241108;100412;103.79;2432;11397727991;B
20241108;100412;103.76;154;11397727992;S
20241108;100412;103.79;1000;11397728018;B
20241108;100412;103.79;1;11397728073;B
20241108;100412;103.79;81;11397728196;B
20241108;100412;103.76;154;11397728227;B
20241108;100413;103.79;65;11397728364;B
20241108;100413;103.79;1791;11397728458;B
20241108;100413;103.79;2;11397728492;B
20241108;100413;103.79;185;11397728542;B
20241108;100413;103.79;50;11397728578;B
20241108;100413;103.79;50;11397728664;B
20241108;100414;103.79;81;11397728850;B
20241108;100415;103.79;557;11397729040;B
20241108;100415;103.79;1;11397729188;B
20241108;100415;103.79;80;11397729293;B
20241108;100415;103.79;2;11397729324;B
20241108;100416;103.78;100;11397729532;S
20241108;100416;103.77;200;11397729533;S
20241108;100417;103.79;1;11397729919;B
20241108;100417;103.79;500;11397729950;B
20241108;100417;103.76;3;11397729962;S
20241108;100417;103.79;59;11397730067;B
20241108;100417;103.76;1;11397730089;S
20241108;100417;103.76;100;11397730090;S
20241108;100417;103.75;4;11397730091;S
20241108;100417;103.75;56;11397730092;S
20241108;100418;103.79;300;11397730739;B
20241108;100419;103.79;23;11397731008;B
20241108;100419;103.79;94;11397731226;B
20241108;100420;103.79;50;11397731347;B
20241108;100420;103.79;21;11397731609;B
20241108;100421;103.79;16;11397731856;B
20241108;100421;103.79;6;11397732057;B
20241108;100422;103.79;450;11397732081;B
20241108;100422;103.79;125;11397732205;B
20241108;100422;103.79;72;11397732319;B
20241108;100423;103.76;1;11397732459;S
20241108;100424;103.79;20;11397732767;B
20241108;100425;103.78;6;11397732992;B
20241108;100425;103.79;283;11397733003;B
20241108;100425;103.79;30;11397733082;B
20241108;100425;103.79;249;11397733139;B
20241108;100426;103.79;22;11397733228;B
20241108;100426;103.79;1;11397733413;B
20241108;100426;103.79;49;11397733530;B
20241108;100427;103.76;1000;11397733673;S
20241108;100427;103.78;55;11397733866;B
20241108;100428;103.78;100;11397734123;B
20241108;100429;103.78;16;11397734277;B
20241108;100430;103.78;23;11397734565;B
20241108;100430;103.78;50;11397734592;B
20241108;100432;103.77;75;11397735313;S
20241108;100432;103.78;56;11397735422;B
20241108;100432;103.78;2;11397735423;B
20241108;100432;103.79;2942;11397735424;B
20241108;100432;103.77;4;11397735425;S
20241108;100433;103.79;1000;11397735648;B
20241108;100433;103.79;40;11397735667;B
20241108;100433;103.77;16;11397735793;S
20241108;100433;103.77;284;11397735794;S
20241108;100434;103.79;500;11397735894;B
20241108;100434;103.78;2;11397736112;S
20241108;100434;103.79;5;11397736169;B
20241108;100435;103.79;2000;11397736470;B
20241108;100435;103.79;6;11397736509;B
20241108;100436;103.79;513;11397736528;B
20241108;100436;103.79;50;11397736529;B
20241108;100436;103.79;1000;11397736530;B
20241108;100436;103.8;10;11397736531;B
20241108;100436;103.82;22;11397736532;B
20241108;100436;103.83;400;11397736533;B
20241108;100436;103.83;136;11397736534;B
20241108;100436;103.84;400;11397736535;B
20241108;100436;103.84;131;11397736536;B
20241108;100436;103.84;144;11397736537;B
20241108;100436;103.85;400;11397736538;B
20241108;100436;103.86;208;11397736539;B
20241108;100436;103.86;400;11397736540;B
20241108;100436;103.87;400;11397736541;B
20241108;100436;103.88;50;11397736542;B
20241108;100436;103.88;400;11397736543;B
20241108;100436;103.88;1;11397736544;B
20241108;100436;103.88;50;11397736545;B
20241108;100436;103.88;85;11397736546;B
20241108;100436;103.86;288;11397736698;B
20241108;100436;103.87;400;11397736699;B
20241108;100436;103.88;115;11397736700;B
20241108;100436;103.88;400;11397736701;B
20241108;100436;103.88;136;11397736702;B
20241108;100436;103.89;16000;11397736703;B
20241108;100436;103.89;1000;11397736704;B
20241108;100436;103.89;33;11397736705;B
20241108;100436;103.89;50;11397736706;B
20241108;100436;103.89;400;11397736707;B
20241108;100436;103.89;66;11397736708;B
20241108;100436;103.9;400;11397736709;B
20241108;100436;103.9;1445;11397736710;B
20241108;100436;103.91;2;11397736711;B
20241108;100436;103.91;400;11397736712;B
20241108;100436;103.92;10;11397736713;B
20241108;100436;103.92;400;11397736714;B
20241108;100436;103.93;400;11397736715;B
20241108;100436;103.94;5;11397736716;B
20241108;100436;103.94;400;11397736717;B
20241108;100436;103.95;10;11397736718;B
20241108;100436;103.95;500;11397736719;B
20241108;100436;103.95;400;11397736720;B
20241108;100436;103.96;400;11397736721;B
20241108;100436;103.97;11;11397736722;B
20241108;100436;103.97;10;11397736723;B
20241108;100436;103.98;500;11397736724;B
20241108;100436;103.98;1500;11397736725;B
20241108;100436;103.99;56;11397736726;B
20241108;100436;103.99;4263;11397736727;B
20241108;100436;103.96;1443;11397736914;B
20241108;100436;103.97;1224;11397736915;B
20241108;100436;103.99;2333;11397736916;B
20241108;100436;103.98;1443;11397736932;B
20241108;100436;103.98;72;11397736933;B
20241108;100436;103.99;985;11397736934;B
20241108;100437;103.99;10;11397737052;B
20241108;100437;103.99;8409;11397737070;B
20241108;100437;104;591;11397737071;B
20241108;100437;104;3000;11397737092;B
20241108;100437;104;12;11397737128;B
20241108;100437;104;35;11397737129;B
20241108;100437;104;1;11397737130;B
20241108;100437;104;1;11397737131;B
20241108;100437;104;700;11397737132;B
20241108;100437;104;23;11397737133;B
20241108;100437;104;50;11397737134;B
20241108;100437;104;290;11397737135;B
20241108;100437;104;1200;11397737136;B
20241108;100437;104;188;11397737137;B
20241108;100437;104;150;11397737144;B
20241108;100437;103.91;136;11397737176;S
20241108;100437;103.89;5;11397737177;S
20241108;100437;103.89;20;11397737178;S
20241108;100437;103.89;150;11397737179;S
20241108;100437;103.88;189;11397737180;S
20241108;100438;104;100;11397737355;B
20241108;100438;104;57;11397737375;B
20241108;100439;104;1564;11397737739;B
20241108;100439;103.96;160;11397737751;B
20241108;100439;103.93;3;11397737867;S
20241108;100439;103.93;2;11397737873;S
20241108;100439;103.93;18;11397737874;S
20241108;100440;103.95;54;11397738161;B
20241108;100440;103.96;149;11397738162;B
20241108;100441;103.93;1;11397738462;S
20241108;100441;103.93;117;11397738494;S
20241108;100441;103.88;168;11397738495;S
20241108;100441;103.88;215;11397738496;S
20241108;100442;103.95;300;11397738761;B
20241108;100442;103.96;434;11397738762;B
20241108;100442;103.96;266;11397738763;B
20241108;100442;103.89;54;11397738856;B
20241108;100442;103.9;272;11397738859;B
20241108;100442;103.9;25;11397738860;B
20241108;100443;103.93;1;11397739025;S
20241108;100443;103.91;7;11397739026;S
20241108;100445;103.95;100;11397739442;B
20241108;100445;103.96;234;11397739443;B
20241108;100445;103.99;1157;11397739444;B
20241108;100445;104;341;11397739445;B
20241108;100445;104;55;11397739446;B
20241108;100445;104;189;11397739447;B
20241108;100445;104;150;11397739448;B
20241108;100445;104.01;1929;11397739449;B
20241108;100445;104.01;5845;11397739450;B
20241108;100445;104;192;11397739541;B
20241108;100445;103.9;50;11397739630;S
20241108;100446;104;5;11397739781;B
20241108;100446;103.94;100;11397739827;S
20241108;100446;104;3;11397739938;B
20241108;100447;103.94;2;11397740096;S
20241108;100448;103.96;100;11397740200;B
20241108;100448;103.94;98;11397740270;S
20241108;100448;103.94;136;11397740271;S
20241108;100448;103.93;10;11397740272;S
20241108;100448;103.93;756;11397740283;B
20241108;100448;103.96;17;11397740284;B
20241108;100448;103.9;1500;11397740351;S
20241108;100448;103.9;136;11397740352;S
20241108;100448;103.88;10;11397740353;S
20241108;100448;103.88;1443;11397740354;S
20241108;100448;103.85;150;11397740355;S
20241108;100448;103.84;400;11397740356;S
20241108;100448;103.83;400;11397740357;S
20241108;100448;103.83;961;11397740358;S
20241108;100448;103.93;1157;11397740505;B
20241108;100448;103.94;400;11397740506;B
20241108;100448;103.95;400;11397740507;B
20241108;100448;103.96;32;11397740508;B
20241108;100448;103.96;400;11397740509;B
20241108;100448;103.97;400;11397740510;B
20241108;100448;103.98;400;11397740511;B
20241108;100448;103.98;961;11397740512;B
20241108;100448;103.98;850;11397740513;B
20241108;100449;103.94;136;11397740788;S
20241108;100449;103.93;400;11397740789;S
20241108;100449;103.92;400;11397740790;S
20241108;100449;103.91;26;11397740791;S
20241108;100450;103.96;200;11397740878;B
20241108;100451;103.92;400;11397741194;S
20241108;100451;103.92;136;11397741195;S
20241108;100451;103.91;400;11397741196;S
20241108;100451;103.9;64;11397741197;S
20241108;100452;103.96;15;11397741587;B
20241108;100454;103.9;400;11397742076;S
20241108;100454;103.9;99;11397742077;S
20241108;100455;103.93;23;11397742208;B
20241108;100455;103.93;54;11397742271;B
20241108;100456;103.93;100;11397742579;B
20241108;100456;103.93;320;11397742663;B
20241108;100457;103.93;2;11397742924;B
20241108;100458;103.9;100;11397743102;S
20241108;100458;103.89;400;11397743103;S
20241108;100458;103.89;1000;11397743104;S
20241108;100458;103.88;100;11397743105;S
20241108;100458;103.93;148;11397743142;B
20241108;100459;103.88;5;11397743396;S
20241108;100500;103.93;289;11397743428;B
20241108;100500;103.92;6;11397743659;B
20241108;100500;103.89;178;11397743758;S
20241108;100500;103.88;1365;11397743759;S
20241108;100500;103.92;71;11397743808;B
20241108;100501;103.9;450;11397744110;B
20241108;100503;103.89;54;11397744663;B
20241108;100503;103.9;446;11397744664;B
20241108;100504;103.86;50;11397744959;S
20241108;100504;103.86;350;11397744974;S
20241108;100504;103.86;1;11397744975;S
20241108;100504;103.85;400;11397744976;S
20241108;100504;103.85;136;11397744977;S
20241108;100504;103.84;113;11397744978;S
20241108;100505;103.86;111;11397745161;B
20241108;100505;103.87;17;11397745166;B
20241108;100505;103.88;100;11397745167;B
20241108;100505;103.89;1;11397745168;B
20241108;100505;103.9;382;11397745169;B
20241108;100506;103.84;20;11397745663;B
20241108;100506;103.85;20;11397745664;B
20241108;100507;103.84;19;11397745822;B
20241108;100507;103.85;789;11397745823;B
20241108;100507;103.84;1;11397745900;S
20241108;100507;103.84;14;11397745901;S
20241108;100507;103.85;125;11397745963;B
20241108;100507;103.86;225;11397745964;B
20241108;100508;103.85;10;11397746112;B
20241108;100508;103.85;73;11397746271;B
20241108;100508;103.85;9;11397746401;B
20241108;100508;103.84;100;11397746494;S
20241108;100509;103.86;34;11397746643;B
20241108;100509;103.86;82;11397746773;B
20241108;100509;103.86;657;11397746823;B
20241108;100509;103.86;37;11397746894;B
20241108;100510;103.86;11;11397747121;B
20241108;100510;103.86;8954;11397747126;B
20241108;100510;103.86;20;11397747127;B
20241108;100510;103.89;150;11397747132;B
20241108;100510;103.91;10000;11397747210;B
20241108;100510;103.92;123;11397747211;B
20241108;100510;103.92;1;11397747212;B
20241108;100510;103.94;2000;11397747213;B
20241108;100510;103.94;16;11397747236;B
20241108;100510;103.93;200;11397747261;S
20241108;100510;103.96;2;11397747266;B
20241108;100510;103.96;5;11397747267;B
20241108;100510;103.96;1;11397747268;B
20241108;100510;103.99;10;11397747269;B
20241108;100510;103.99;5;11397747270;B
20241108;100510;103.99;10;11397747271;B
20241108;100510;103.99;1;11397747272;B
20241108;100510;104;966;11397747273;B
20241108;100510;103.98;1801;11397747287;S
20241108;100510;103.97;136;11397747288;S
20241108;100510;103.96;2466;11397747289;S
20241108;100510;103.95;809;11397747290;S
20241108;100510;104;34;11397747382;B
20241108;100510;104;4;11397747383;B
20241108;100511;103.98;1;11397747497;S
20241108;100511;104;13;11397747498;B
20241108;100511;104.01;250;11397747499;B
20241108;100511;104.01;300;11397747540;B
20241108;100511;104.01;6;11397747584;B
20241108;100511;104;5;11397747690;B
20241108;100512;103.99;100;11397747749;S
20241108;100512;104.01;33;11397747813;B
20241108;100512;104;5;11397748021;B
20241108;100512;104;12;11397748178;B
20241108;100512;104.01;53;11397748180;B
20241108;100513;104;6;11397748306;B
20241108;100513;104.01;54;11397748437;B
20241108;100513;103.99;50;11397748501;S
20241108;100513;103.99;303;11397748550;S
20241108;100514;104;4;11397748781;B
20241108;100514;104;5;11397748782;B
20241108;100514;104;9;11397748783;B
20241108;100514;104.01;9;11397748784;B
20241108;100514;104.01;55;11397748945;B
20241108;100514;104;11;11397748953;B
20241108;100514;104;5;11397749127;B
20241108;100515;104.01;6;11397749271;B
20241108;100515;104.01;1835;11397749364;B
20241108;100515;104.01;16;11397749385;B
20241108;100515;104.01;11;11397749581;B
20241108;100516;104.01;5;11397749837;B
20241108;100516;104.01;44;11397749990;B
20241108;100516;104.01;272;11397750003;B
20241108;100517;104.01;16;11397750179;B
20241108;100517;104.01;5;11397750209;B
20241108;100517;104.01;1000;11397750311;B
20241108;100517;104.01;272;11397750312;B
20241108;100517;104.01;272;11397750315;B
20241108;100517;104.01;173;11397750323;B
20241108;100517;104.01;15;11397750324;B
20241108;100517;104.01;84;11397750325;B
20241108;100517;104.01;272;11397750331;B
20241108;100517;104.01;1;11397750333;B
20241108;100517;104.01;272;11397750334;B
20241108;100517;104.01;272;11397750339;B
20241108;100517;104.01;99;11397750342;B
20241108;100517;104.01;1;11397750343;B
20241108;100517;104.02;50;11397750382;B
20241108;100517;104.02;35;11397750383;B
20241108;100517;104.01;13;11397750386;S
20241108;100517;104.01;100;11397750399;S
20241108;100517;104.02;80;11397750400;B
20241108;100517;104.02;100;11397750432;B
20241108;100518;104.02;11;11397750751;B
20241108;100518;104.02;272;11397750829;B
20241108;100519;104.01;45;11397750927;S
20241108;100519;104.01;355;11397750937;S
20241108;100519;104.01;1640;11397750938;S
20241108;100519;104.01;136;11397750939;S
20241108;100519;104;400;11397750940;S
20241108;100519;104;1;11397750941;B
20241108;100520;104;83;11397751141;B
20241108;100520;104;17;11397751142;B
20241108;100520;104;4987;11397751350;B
20241108;100520;104;13;11397751351;B
20241108;100520;103.99;1;11397751417;S
20241108;100520;104;11;11397751444;B
20241108;100521;104;555;11397751641;B
20241108;100521;104;168;11397751718;B
20241108;100521;104;10;11397751719;B
20241108;100521;104;200;11397751727;B
20241108;100521;104;200;11397751746;B
20241108;100521;104;200;11397751759;B
20241108;100521;104;200;11397751767;B
20241108;100521;104;200;11397751776;B
