<DATE>;<TIME>;<LAST>;<VOL>;<ID>;<OPER>
20241023;095933;107.3;1;11328168844;S
20241023;095933;107.3;5;11328168845;B
20241023;095933;107.3;16;11328168846;B
20241023;095933;107.3;15;11328168847;B
20241023;095933;107.3;1;11328168848;S
20241023;095933;107.3;1;11328168849;S
20241023;095933;107.3;9;11328168850;S
20241023;095933;107.3;2;11328168851;S
20241023;095933;107.3;10;11328168852;S
20241023;095933;107.3;40;11328168853;S
20241023;095933;107.3;5;11328168854;S
20241023;095933;107.3;1;11328168855;S
20241023;095933;107.3;1;11328168856;S
20241023;095933;107.3;23;11328168857;S
20241023;095933;107.3;8;11328168858;S
20241023;095933;107.3;1;11328168859;S
20241023;095933;107.3;1;11328168860;S
20241023;095933;107.3;1;11328168861;S
20241023;095933;107.3;2;11328168862;S
20241023;095933;107.3;7;11328168863;S
20241023;095933;107.3;30;11328168864;S
20241023;095933;107.3;140;11328168865;S
20241023;095933;107.3;503;11328168866;S
20241023;095933;107.3;14;11328168867;S
20241023;095933;107.3;10;11328168868;S
20241023;095933;107.3;9;11328168869;S
20241023;095933;107.3;10;11328168870;S
20241023;095933;107.3;1;11328168871;S
20241023;095933;107.3;1;11328168872;S
20241023;095933;107.3;2;11328168873;B
20241023;095933;107.3;10;11328168874;B
20241023;095933;107.3;4;11328168875;B
20241023;095933;107.3;51;11328168876;B
20241023;095933;107.3;3;11328168877;B
20241023;095933;107.3;446;11328168878;B
20241023;095933;107.3;500;11328168879;B
20241023;095933;107.3;3;11328168880;S
20241023;095933;107.3;1;11328168881;S
20241023;095933;107.3;15;11328168882;S
20241023;095933;107.3;1;11328168883;S
20241023;095933;107.3;1;11328168884;S
20241023;095933;107.3;833;11328168885;S
20241023;095933;107.3;3;11328168886;S
20241023;095933;107.3;1;11328168887;S
20241023;095933;107.3;163;11328168888;S
20241023;095933;107.3;1;11328168889;S
20241023;095933;107.3;25;11328168890;S
20241023;095933;107.3;1;11328168891;S
20241023;095933;107.3;50;11328168892;S
20241023;095933;107.3;2;11328168893;S
20241023;095933;107.3;3;11328168894;S
20241023;095933;107.3;300;11328168895;S
20241023;095933;107.3;175;11328168896;S
20241023;095933;107.3;25;11328168897;S
20241023;095933;107.3;25;11328168898;S
20241023;095933;107.3;10;11328168899;S
20241023;095933;107.3;1;11328168900;S
20241023;095933;107.3;11;11328168901;S
20241023;095933;107.3;1;11328168902;S
20241023;095933;107.3;25;11328168903;S
20241023;095933;107.3;1;11328168904;S
20241023;095933;107.3;200;11328168905;S
20241023;095933;107.3;2;11328168906;S
20241023;095933;107.3;36;11328168907;S
20241023;095933;107.3;1;11328168908;S
20241023;095933;107.3;100;11328168909;S
20241023;095933;107.3;1000;11328168910;S
20241023;095933;107.3;3;11328168911;S
20241023;095933;107.3;25;11328168912;S
20241023;095933;107.3;14;11328168913;S
20241023;100000;107.42;1;11328177506;B
20241023;100000;107.32;20;11328177561;S
20241023;100000;107.32;20;11328177562;S
20241023;100000;107.31;177;11328177563;S
20241023;100000;107.3;21;11328177564;S
20241023;100000;107.3;39;11328177565;S
20241023;100000;107.3;15;11328177566;S
20241023;100000;107.3;888;11328177567;S
20241023;100000;107.3;177;11328177568;S
20241023;100000;107.29;100;11328177569;S
20241023;100000;107.26;1;11328177570;S
20241023;100000;107.26;100;11328177571;S
20241023;100000;107.24;161;11328177572;S
20241023;100000;107.24;2;11328177573;S
20241023;100000;107.24;300;11328177574;S
20241023;100000;107.24;223;11328177575;S
20241023;100000;107.23;300;11328177576;S
20241023;100000;107.22;1114;11328177577;S
20241023;100000;107.21;1;11328177578;S
20241023;100000;107.21;1;11328177579;S
20241023;100000;107.21;500;11328177580;S
20241023;100000;107.21;100;11328177581;S
20241023;100000;107.2;1;11328177582;S
20241023;100000;107.2;50;11328177583;S
20241023;100000;107.2;1;11328177584;S
20241023;100000;107.2;1;11328177585;S
20241023;100000;107.2;10;11328177586;S
20241023;100000;107.2;1;11328177587;S
20241023;100000;107.2;150;11328177588;S
20241023;100000;107.2;1;11328177589;S
20241023;100000;107.2;250;11328177590;S
20241023;100000;107.2;7;11328177591;S
20241023;100000;107.2;2;11328177592;S
20241023;100000;107.2;25;11328177593;S
20241023;100000;107.19;5;11328177594;S
20241023;100000;107.19;298;11328177595;S
20241023;100000;107.18;94;11328177596;S
20241023;100000;107.17;1;11328177597;S
20241023;100000;107.17;5;11328177598;S
20241023;100000;107.17;261;11328177599;S
20241023;100000;107.17;173;11328177600;S
20241023;100000;107.17;1301;11328177601;S
20241023;100000;107.16;286;11328177602;S
20241023;100000;107.16;1857;11328177603;S
20241023;100000;107.16;160;11328177604;S
20241023;100001;107.17;12;11328177766;S
20241023;100001;107.17;1102;11328177919;S
20241023;100001;107.17;1857;11328177920;S
20241023;100001;107.16;525;11328177921;S
20241023;100001;107.15;1;11328177922;S
20241023;100001;107.15;2000;11328177923;S
20241023;100001;107.15;525;11328177924;S
20241023;100001;107.14;25;11328177925;S
20241023;100001;107.13;1;11328177926;S
20241023;100001;107.13;1;11328177927;S
20241023;100001;107.12;97;11328177928;S
20241023;100001;107.12;2;11328177929;S
20241023;100001;107.11;1;11328177930;S
20241023;100001;107.11;100;11328177931;S
20241023;100001;107.11;2763;11328177932;S
20241023;100001;107.12;350;11328177976;S
20241023;100001;107.26;29;11328177978;B
20241023;100001;107.12;300;11328177994;S
20241023;100001;107.2;40;11328178075;S
20241023;100001;107.18;805;11328178076;S
20241023;100001;107.12;1114;11328178077;S
20241023;100001;107.11;41;11328178078;S
20241023;100001;107.2;80;11328178194;B
20241023;100002;107.21;20;11328178296;B
20241023;100002;107.15;20;11328178311;S
20241023;100002;107.21;2094;11328178402;B
20241023;100002;107.22;300;11328178722;S
20241023;100003;107.23;26;11328178729;B
20241023;100003;107.22;100;11328178863;S
20241023;100003;107.22;10;11328178864;S
20241023;100003;107.21;40;11328178865;S
20241023;100003;107.23;4;11328179061;B
20241023;100003;107.22;5;11328179213;S
20241023;100003;107.23;10;11328179269;B
20241023;100003;107.22;10;11328179335;S
20241023;100003;107.22;20;11328179528;S
20241023;100003;107.23;1;11328179659;B
20241023;100003;107.22;1;11328179665;S
20241023;100003;107.22;10;11328179666;S
20241023;100003;107.22;3;11328179742;S
20241023;100004;107.22;26;11328180070;S
20241023;100004;107.23;1;11328180264;B
20241023;100004;107.23;1;11328180265;B
20241023;100004;107.22;1;11328180266;S
20241023;100004;107.22;1;11328180267;S
20241023;100004;107.23;2;11328180439;B
20241023;100004;107.22;1;11328180441;S
20241023;100004;107.22;9;11328180443;S
20241023;100004;107.23;1;11328180551;B
20241023;100004;107.22;1;11328180554;S
20241023;100004;107.22;1;11328180555;S
20241023;100004;107.22;1;11328180571;S
20241023;100004;107.23;8;11328180573;B
20241023;100004;107.22;14;11328180764;S
20241023;100004;107.23;1;11328180948;B
20241023;100004;107.23;1;11328180952;B
20241023;100004;107.23;8;11328180954;B
20241023;100004;107.23;1;11328180962;B
20241023;100004;107.23;1;11328181339;B
20241023;100004;107.23;10;11328181342;B
20241023;100004;107.23;1;11328181671;B
20241023;100004;107.22;6;11328181739;S
20241023;100004;107.23;10;11328181743;B
20241023;100004;107.23;1;11328181745;B
20241023;100004;107.22;7;11328181748;S
20241023;100004;107.23;5;11328181754;B
20241023;100004;107.23;1;11328181756;B
20241023;100004;107.23;10;11328181935;B
20241023;100004;107.23;2;11328182126;B
20241023;100004;107.22;10;11328182185;S
20241023;100004;107.23;10;11328182187;B
20241023;100004;107.23;1;11328182194;B
20241023;100004;107.22;2;11328182195;S
20241023;100005;107.22;5;11328182245;S
20241023;100005;107.22;5;11328182247;S
20241023;100005;107.23;1;11328182249;B
20241023;100005;107.23;1;11328182253;B
20241023;100005;107.23;1;11328182324;B
20241023;100005;107.23;243;11328182326;B
20241023;100005;107.23;7;11328182534;B
20241023;100005;107.23;493;11328182605;B
20241023;100005;107.24;200;11328182606;B
20241023;100005;107.3;2307;11328182607;B
20241023;100005;107.33;2;11328182651;B
20241023;100005;107.24;80;11328182795;S
20241023;100005;107.24;1857;11328182796;S
20241023;100005;107.23;1114;11328182797;S
20241023;100005;107.23;400;11328182798;S
20241023;100005;107.22;261;11328182799;S
20241023;100005;107.22;3;11328182800;S
20241023;100005;107.22;2;11328182801;S
20241023;100005;107.22;29;11328182802;S
20241023;100005;107.22;1;11328182803;S
20241023;100005;107.22;4;11328182804;S
20241023;100005;107.21;400;11328182805;S
20241023;100005;107.2;849;11328182806;S
20241023;100005;107.29;1;11328182893;B
20241023;100005;107.28;20;11328182913;B
20241023;100005;107.28;20;11328182914;B
20241023;100005;107.29;28;11328182915;B
20241023;100005;107.3;32;11328182916;B
20241023;100005;107.22;15;11328183059;S
20241023;100005;107.34;1;11328183062;B
20241023;100005;107.3;1;11328183066;B
20241023;100005;107.3;1;11328183082;B
20241023;100005;107.22;300;11328183085;S
20241023;100005;107.22;799;11328183086;S
20241023;100005;107.22;201;11328183087;S
20241023;100005;107.22;199;11328183088;S
20241023;100005;107.21;1;11328183089;S
20241023;100005;107.22;200;11328183090;S
20241023;100005;107.3;4;11328183093;B
20241023;100005;107.21;399;11328183098;S
20241023;100005;107.2;1001;11328183099;S
20241023;100005;107.29;2;11328183237;B
20241023;100005;107.29;2;11328183275;B
20241023;100005;107.29;1;11328183350;B
20241023;100005;107.21;1;11328183352;S
20241023;100005;107.21;15;11328183357;S
20241023;100005;107.21;1;11328183360;S
20241023;100005;107.29;9;11328183364;B
20241023;100005;107.29;11;11328183461;B
20241023;100005;107.29;1;11328183578;B
20241023;100005;107.29;1;11328183580;B
20241023;100005;107.29;2;11328183581;B
20241023;100006;107.29;1;11328183817;B
20241023;100006;107.29;1;11328183821;B
20241023;100006;107.29;1;11328183849;B
20241023;100006;107.29;1;11328183851;B
20241023;100006;107.21;1;11328183854;S
20241023;100006;107.21;42;11328183857;S
20241023;100006;107.29;1;11328183860;B
20241023;100006;107.21;7;11328183862;S
20241023;100006;107.29;10;11328183863;B
20241023;100006;107.29;600;11328184085;B
20241023;100006;107.29;10;11328184295;B
20241023;100006;107.29;1;11328184442;B
20241023;100006;107.29;1;11328184446;B
20241023;100006;107.29;1;11328184453;B
20241023;100006;107.29;1;11328184454;B
20241023;100006;107.24;26;11328184458;S
20241023;100006;107.29;4;11328184524;B
20241023;100006;107.24;10;11328184528;S
20241023;100006;107.29;1;11328184790;B
20241023;100006;107.29;93;11328184791;B
20241023;100006;107.29;93;11328184792;B
20241023;100006;107.24;155;11328184793;S
20241023;100007;107.24;1;11328184960;S
20241023;100007;107.24;2;11328184961;S
20241023;100007;107.24;100;11328185054;S
20241023;100007;107.24;106;11328185076;S
20241023;100007;107.21;5;11328185435;S
20241023;100007;107.21;328;11328185438;S
20241023;100009;107.2;10;11328185823;S
20241023;100010;107.2;140;11328185942;S
20241023;100010;107.2;400;11328185943;S
20241023;100010;107.2;1;11328185944;S
20241023;100010;107.2;1;11328185945;S
20241023;100010;107.2;100;11328185946;S
20241023;100010;107.2;10;11328185947;S
20241023;100010;107.2;30;11328185948;S
20241023;100010;107.2;500;11328185949;S
20241023;100010;107.19;14;11328185960;S
20241023;100010;107.19;120;11328185963;S
20241023;100010;107.2;200;11328186047;B
20241023;100011;107.2;25;11328186263;B
20241023;100011;107.19;1;11328186267;S
20241023;100012;107.19;100;11328186364;S
20241023;100012;107.19;165;11328186589;S
20241023;100012;107.19;5;11328186590;S
20241023;100012;107.19;30;11328186591;S
20241023;100012;107.18;300;11328186592;S
20241023;100013;107.2;5;11328186659;B
20241023;100013;107.19;10;11328186692;S
20241023;100014;107.19;390;11328186847;S
20241023;100014;107.18;100;11328186848;S
20241023;100014;107.18;200;11328186849;S
20241023;100014;107.18;1310;11328186850;S
20241023;100015;107.2;200;11328186973;B
20241023;100015;107.19;105;11328187010;S
20241023;100016;107.2;20;11328187077;B
20241023;100017;107.2;10;11328187451;B
20241023;100019;107.19;139;11328187825;S
20241023;100019;107.2;250;11328187844;B
20241023;100019;107.2;108;11328187857;B
20241023;100020;107.21;12;11328187888;B
20241023;100020;107.21;60;11328187890;B
20241023;100020;107.19;3;11328187934;S
20241023;100020;107.23;127;11328187981;S
20241023;100020;107.24;5;11328188004;B
20241023;100021;107.27;5;11328188220;B
20241023;100021;107.28;700;11328188221;S
20241023;100021;107.3;1;11328188249;B
20241023;100021;107.31;5;11328188250;B
20241023;100021;107.31;50;11328188251;B
20241023;100021;107.32;150;11328188252;B
20241023;100021;107.33;200;11328188253;B
20241023;100021;107.34;286;11328188254;B
20241023;100021;107.35;2;11328188255;B
20241023;100021;107.35;400;11328188256;B
20241023;100021;107.36;400;11328188257;B
20241023;100021;107.37;201;11328188258;B
20241023;100021;107.29;50;11328188301;S
20241023;100022;107.28;3;11328188417;S
20241023;100022;107.28;100;11328188610;S
20241023;100023;107.32;100;11328188653;B
20241023;100023;107.32;1673;11328188680;B
20241023;100023;107.28;1;11328188692;S
20241023;100023;107.26;400;11328188693;S
20241023;100023;107.25;400;11328188694;S
20241023;100023;107.24;199;11328188695;S
20241023;100023;107.32;500;11328188709;B
20241023;100024;107.3;5;11328188819;S
20241023;100025;107.3;95;11328189059;S
20241023;100027;107.28;6;11328189650;S
20241023;100029;107.28;494;11328190350;S
20241023;100029;107.28;100;11328190351;S
20241023;100029;107.26;150;11328190352;S
20241023;100029;107.23;30;11328190353;S
20241023;100029;107.23;226;11328190354;S
20241023;100030;107.29;136;11328190883;B
20241023;100030;107.29;20;11328190884;B
20241023;100030;107.29;20;11328190885;B
20241023;100030;107.3;24;11328190886;B
20241023;100030;107.22;10;11328191018;S
20241023;100033;107.22;5;11328191880;S
20241023;100033;107.21;2;11328191881;S
20241023;100033;107.2;9;11328191882;S
20241023;100034;107.2;250;11328192135;S
20241023;100034;107.2;300;11328192136;S
20241023;100034;107.19;153;11328192137;S
20241023;100034;107.18;12;11328192138;S
20241023;100034;107.25;136;11328192158;B
20241023;100034;107.27;10;11328192159;B
20241023;100034;107.28;500;11328192160;B
20241023;100034;107.29;30;11328192161;B
20241023;100034;107.29;24;11328192162;B
20241023;100034;107.19;400;11328192163;S
20241023;100034;107.18;388;11328192164;S
20241023;100034;107.18;1212;11328192165;S
20241023;100037;107.18;1300;11328192819;S
20241023;100037;107.18;500;11328192951;S
20241023;100039;107.18;250;11328193446;S
20241023;100041;107.25;1;11328193862;B
20241023;100041;107.25;136;11328193863;B
20241023;100041;107.27;863;11328193864;B
20241023;100041;107.18;1;11328193869;S
20241023;100044;107.23;120;11328194463;S
20241023;100044;107.21;80;11328194464;S
20241023;100049;107.21;10;11328195912;S
20241023;100049;107.19;100;11328195913;S
20241023;100049;107.18;1890;11328195914;S
20241023;100049;107.25;2;11328196019;B
20241023;100049;107.25;136;11328196020;B
20241023;100049;107.27;862;11328196021;B
20241023;100051;107.22;1;11328196273;S
20241023;100051;107.22;999;11328196283;S
20241023;100051;107.21;1;11328196284;S
20241023;100052;107.23;5;11328196744;S
20241023;100052;107.23;145;11328196749;S
20241023;100052;107.23;100;11328196750;S
20241023;100052;107.22;16470;11328196751;S
20241023;100052;107.22;50;11328196755;S
20241023;100052;107.22;8;11328196756;S
20241023;100054;107.27;200;11328196950;B
20241023;100054;107.26;200;11328196951;B
20241023;100054;107.27;200;11328196969;S
20241023;100054;107.27;113;11328196980;S
20241023;100054;107.26;50;11328197124;B
20241023;100055;107.24;5;11328197158;S
20241023;100055;107.23;100;11328197159;S
20241023;100055;107.23;136;11328197160;S
20241023;100055;107.22;622;11328197161;S
20241023;100055;107.21;2999;11328197162;S
20241023;100055;107.2;1000;11328197163;S
20241023;100055;107.2;138;11328197164;S
20241023;100057;107.27;1;11328197609;B
20241023;100059;107.28;2;11328197937;B
20241023;100059;107.29;8;11328197938;B
20241023;100101;107.25;1;11328198405;S
20241023;100101;107.25;100;11328198406;S
20241023;100101;107.25;649;11328198407;S
20241023;100103;107.29;6;11328198781;B
20241023;100104;107.27;1571;11328199358;S
20241023;100107;107.28;100;11328200225;S
20241023;100107;107.27;429;11328200226;S
20241023;100107;107.27;127;11328200227;S
20241023;100107;107.26;102;11328200228;S
20241023;100107;107.25;451;11328200229;S
20241023;100107;107.25;100;11328200230;S
20241023;100107;107.25;102;11328200231;B
20241023;100107;107.25;50;11328200377;B
20241023;100108;107.24;10;11328200525;S
20241023;100111;107.24;490;11328200920;S
20241023;100111;107.24;100;11328200921;S
20241023;100111;107.23;160;11328200922;S
20241023;100111;107.22;5;11328200929;S
20241023;100114;107.25;50;11328201400;B
20241023;100115;107.25;150;11328201413;B
20241023;100115;107.25;239;11328201414;B
20241023;100115;107.26;2611;11328201415;B
20241023;100116;107.23;100;11328201617;S
20241023;100116;107.22;6;11328201618;S
20241023;100116;107.22;94;11328201619;S
20241023;100117;107.21;30;11328201709;S
20241023;100117;107.21;500;11328201710;S
20241023;100120;107.2;250;11328202400;B
20241023;100120;107.18;20;11328202405;S
20241023;100120;107.18;150;11328202406;S
20241023;100121;107.2;300;11328202495;B
20241023;100123;107.18;136;11328202756;S
20241023;100123;107.18;497;11328202757;S
20241023;100123;107.17;5300;11328202758;S
20241023;100123;107.17;200;11328202759;S
20241023;100123;107.17;2519;11328202760;S
20241023;100123;107.16;250;11328202761;S
20241023;100123;107.16;435;11328202762;S
20241023;100123;107.15;23;11328202763;S
20241023;100123;107.14;400;11328202764;S
20241023;100123;107.13;500;11328202765;S
20241023;100123;107.13;400;11328202766;S
20241023;100123;107.12;400;11328202767;S
20241023;100123;107.11;196;11328202768;S
20241023;100123;107.11;10;11328202769;S
20241023;100123;107.11;2;11328202770;S
20241023;100123;107.11;400;11328202771;S
20241023;100123;107.11;300;11328202772;S
20241023;100123;107.11;10;11328202773;S
20241023;100123;107.11;1114;11328202774;S
20241023;100123;107.1;50;11328202775;S
20241023;100123;107.1;1;11328202776;S
20241023;100123;107.1;400;11328202777;S
20241023;100123;107.1;1;11328202778;S
20241023;100123;107.1;10;11328202779;S
20241023;100123;107.1;1;11328202780;S
20241023;100123;107.1;1;11328202781;S
20241023;100123;107.1;1;11328202782;S
20241023;100123;107.1;2000;11328202783;S
20241023;100123;107.1;25;11328202784;S
20241023;100123;107.1;400;11328202785;S
20241023;100123;107.1;3;11328202786;S
20241023;100123;107.09;400;11328202787;S
20241023;100123;107.08;5;11328202788;S
20241023;100123;107.08;400;11328202789;S
20241023;100123;107.08;500;11328202790;S
20241023;100123;107.07;1;11328202791;S
20241023;100123;107.07;1;11328202792;S
20241023;100123;107.07;1000;11328202793;S
20241023;100123;107.07;1;11328202794;S
20241023;100123;107.07;400;11328202795;S
20241023;100123;107.07;2;11328202796;S
20241023;100123;107.07;200;11328202797;S
20241023;100123;107.07;1857;11328202798;S
20241023;100123;107.06;2;11328202799;S
20241023;100123;107.06;200;11328202800;S
20241023;100123;107.06;400;11328202801;S
20241023;100123;107.06;286;11328202802;S
20241023;100123;107.06;8575;11328202803;S
20241023;100123;107.05;12;11328202804;S
20241023;100123;107.05;5;11328202805;S
20241023;100123;107.05;180;11328202806;S
20241023;100123;107.05;300;11328202807;S
20241023;100123;107.05;15;11328202808;S
20241023;100123;107.05;100;11328202809;S
20241023;100123;107.05;2500;11328202810;S
20241023;100123;107.05;3000;11328202811;S
20241023;100123;107.05;400;11328202812;S
20241023;100123;107.05;1500;11328202813;S
20241023;100123;107.05;10;11328202814;S
20241023;100123;107.04;1;11328202815;S
20241023;100123;107.04;5000;11328202816;S
20241023;100123;107.04;10;11328202817;S
20241023;100123;107.03;1;11328202818;S
20241023;100123;107.03;934;11328202819;S
20241023;100123;107.03;10;11328202820;S
20241023;100123;107.02;2;11328202821;S
20241023;100123;107.02;2;11328202822;S
20241023;100123;107.02;500;11328202823;S
20241023;100123;107.02;1500;11328202824;S
20241023;100123;107.02;10;11328202825;S
20241023;100123;107.02;2;11328202826;S
20241023;100123;107.02;934;11328202827;S
20241023;100123;107.01;100;11328202828;S
20241023;100123;107.01;1000;11328202829;S
20241023;100123;107.01;1;11328202830;S
20241023;100123;107.01;3;11328202831;S
20241023;100123;107.01;10;11328202832;S
20241023;100123;107.01;1;11328202833;S
20241023;100123;107.01;1;11328202834;S
20241023;100123;107.01;3;11328202835;S
20241023;100123;107.01;12650;11328202836;S
20241023;100123;107.01;10;11328202837;S
20241023;100123;107;20;11328202838;S
20241023;100123;107;1;11328202839;S
20241023;100123;107;1;11328202840;S
20241023;100123;107;50;11328202841;S
20241023;100123;107;10;11328202842;S
20241023;100123;107;2;11328202843;S
20241023;100123;107;1;11328202844;S
20241023;100123;107;10;11328202845;S
20241023;100123;107;1;11328202846;S
20241023;100123;107;20;11328202847;S
20241023;100123;107;1;11328202848;S
20241023;100123;107;10;11328202849;S
20241023;100123;107;3;11328202850;S
20241023;100123;107;1;11328202851;S
20241023;100123;107;1;11328202852;S
20241023;100123;107;1;11328202853;S
20241023;100123;107;9;11328202854;S
20241023;100123;107;1;11328202855;S
20241023;100123;107;120;11328202856;S
20241023;100123;107;1;11328202857;S
20241023;100123;107;4;11328202858;S
20241023;100123;107;1;11328202859;S
20241023;100123;107;1;11328202860;S
20241023;100123;107;1;11328202861;S
20241023;100123;107;1;11328202862;S
20241023;100123;107;100;11328202863;S
20241023;100123;107;2274;11328202864;S
20241023;100123;107.04;500;11328202866;S
20241023;100123;107.04;500;11328202867;S
20241023;100123;107.04;286;11328202868;S
20241023;100123;107.04;29;11328202869;S
20241023;100123;107.03;1000;11328202870;S
20241023;100123;107.09;5;11328202909;B
20241023;100123;107.1;3;11328202910;S
20241023;100123;107.05;27;11328202911;S
20241023;100123;107.05;100;11328202918;S
20241023;100123;107.1;14;11328202930;S
20241023;100123;107.06;77;11328202931;S
20241023;100123;107.12;1;11328202976;B
20241023;100123;107.13;100;11328202982;B
20241023;100123;107.13;36;11328202983;B
20241023;100123;107.14;400;11328202984;B
20241023;100123;107.14;564;11328202985;B
20241023;100123;107.07;10;11328202987;S
20241023;100123;107.08;136;11328202988;S
20241023;100123;107.07;564;11328202989;S
20241023;100123;107.12;100;11328202990;B
20241023;100123;107.06;12;11328202991;S
20241023;100123;107.12;10;11328202993;B
20241023;100123;107.13;136;11328202999;B
20241023;100123;107.14;400;11328203000;B
20241023;100123;107.14;464;11328203001;B
20241023;100124;107.09;450;11328203030;S
20241023;100124;107.08;100;11328203031;S
20241023;100124;107.08;37;11328203033;S
20241023;100124;107.09;100;11328203038;S
20241023;100124;107.09;2421;11328203052;S
20241023;100124;107.08;363;11328203053;S
20241023;100124;107.08;136;11328203054;S
20241023;100124;107.06;1022;11328203055;S
20241023;100124;107.06;1114;11328203056;S
20241023;100124;107.05;10;11328203057;S
20241023;100124;107.05;716;11328203058;S
20241023;100124;107.05;4218;11328203059;S
20241023;100124;107.13;1;11328203066;B
20241023;100124;107.06;56;11328203071;S
20241023;100124;107.06;10;11328203072;S
20241023;100124;107.06;28;11328203087;S
20241023;100124;107.06;1250;11328203105;S
20241023;100124;107.06;10;11328203107;S
20241023;100124;107.06;13;11328203116;S
20241023;100127;107.11;2;11328203400;B
20241023;100127;107.12;198;11328203401;B
20241023;100128;107.12;228;11328203622;B
20241023;100128;107.07;500;11328203665;S
20241023;100128;107.07;100;11328203666;S
20241023;100130;107.12;1;11328203854;B
20241023;100130;107.1;50;11328203940;S
20241023;100130;107.09;70;11328203941;S
20241023;100130;107.12;23;11328203948;B
20241023;100130;107.14;477;11328203949;B
20241023;100131;107.12;400;11328204048;S
20241023;100131;107.1;1600;11328204049;S
20241023;100131;107.13;1114;11328204078;S
20241023;100131;107.12;886;11328204079;S
20241023;100132;107.16;10;11328204319;B
20241023;100134;107.16;50;11328204570;B
20241023;100135;107.16;2;11328204678;B
20241023;100135;107.17;123;11328204679;B
20241023;100136;107.17;10;11328204831;B
20241023;100136;107.17;60;11328204880;B
20241023;100137;107.16;10;11328204938;B
20241023;100137;107.17;207;11328204973;B
20241023;100137;107.17;200;11328204974;B
20241023;100137;107.18;400;11328204975;B
20241023;100139;107.19;400;11328205373;B
20241023;100139;107.19;500;11328205374;B
20241023;100139;107.2;200;11328205375;B
20241023;100140;107.18;50;11328205588;S
20241023;100140;107.19;100;11328205598;B
20241023;100140;107.2;100;11328205599;B
20241023;100140;107.18;1143;11328205671;S
20241023;100140;107.17;136;11328205672;S
20241023;100140;107.16;40;11328205673;S
20241023;100140;107.15;100;11328205674;S
20241023;100140;107.15;5;11328205675;S
20241023;100140;107.15;576;11328205676;S
20241023;100140;107.2;500;11328205715;B
20241023;100142;107.19;70;11328205963;S
20241023;100143;107.2;1;11328206279;B
20241023;100144;107.19;1;11328206439;S
20241023;100145;107.19;50;11328206736;S
20241023;100146;107.2;2;11328206903;B
20241023;100147;107.2;178;11328207344;B
20241023;100147;107.2;29;11328207345;B
20241023;100147;107.2;4000;11328207346;B
20241023;100147;107.2;11;11328207347;B
20241023;100147;107.2;5;11328207348;B
20241023;100147;107.21;10;11328207349;B
20241023;100147;107.22;3000;11328207350;B
20241023;100147;107.22;20;11328207351;B
20241023;100147;107.23;2047;11328207352;B
20241023;100147;107.23;136;11328207353;B
20241023;100147;107.24;500;11328207354;B
20241023;100147;107.24;64;11328207355;B
20241023;100149;107.22;300;11328207722;S
20241023;100149;107.22;100;11328207723;S
20241023;100150;107.22;20;11328207730;S
20241023;100150;107.23;1;11328207806;S
20241023;100151;107.25;1;11328207949;B
20241023;100152;107.23;149;11328208121;S
20241023;100152;107.22;136;11328208122;S
20241023;100152;107.22;5;11328208310;B
20241023;100153;107.2;500;11328208485;S
20241023;100154;107.21;300;11328208650;S
20241023;100154;107.2;614;11328208651;S
20241023;100154;107.2;87;11328208652;S
20241023;100155;107.21;300;11328208805;S
20241023;100157;107.21;750;11328209226;S
20241023;100158;107.22;4;11328209422;B
20241023;100158;107.22;3;11328209426;B
20241023;100200;107.21;20;11328209769;S
20241023;100200;107.22;9;11328209779;B
20241023;100202;107.22;50;11328210158;B
20241023;100202;107.21;1094;11328210170;S
20241023;100202;107.21;325;11328210171;S
20241023;100202;107.21;136;11328210172;S
20241023;100202;107.21;20;11328210173;S
20241023;100202;107.21;20;11328210174;S
20241023;100202;107.2;3405;11328210175;S
20241023;100203;107.22;100;11328210266;B
20241023;100203;107.21;668;11328210289;S
20241023;100203;107.2;1484;11328210290;S
20241023;100203;107.2;1;11328210314;S
20241023;100204;107.22;400;11328210445;B
20241023;100208;107.22;50;11328211280;B
20241023;100209;107.22;30;11328211492;B
20241023;100209;107.21;465;11328211620;S
20241023;100209;107.2;23;11328211621;S
20241023;100209;107.2;100;11328211622;S
20241023;100209;107.2;253;11328211623;S
20241023;100209;107.2;253;11328211624;S
20241023;100209;107.19;1;11328211625;S
20241023;100209;107.19;1000;11328211626;S
20241023;100209;107.19;136;11328211627;S
20241023;100209;107.18;400;11328211628;S
20241023;100209;107.18;2369;11328211629;S
20241023;100210;107.22;64;11328211817;B
20241023;100210;107.22;10;11328211818;B
20241023;100210;107.22;11;11328211819;B
20241023;100210;107.22;20;11328211820;S
20241023;100212;107.22;25;11328212163;S
20241023;100215;107.23;5;11328212727;B
20241023;100215;107.23;1;11328212728;B
20241023;100215;107.23;121;11328212729;B
20241023;100215;107.25;9;11328212730;B
20241023;100215;107.25;192;11328212731;B
20241023;100215;107.25;200;11328212732;B
20241023;100215;107.25;192;11328212733;B
20241023;100215;107.26;10;11328212734;B
20241023;100215;107.27;286;11328212735;B
20241023;100215;107.27;94;11328212736;B
20241023;100216;107.25;44;11328212903;B
20241023;100216;107.27;44;11328212906;B
20241023;100216;107.23;1;11328212955;S
20241023;100219;107.23;200;11328213585;B
20241023;100219;107.24;120;11328213586;B
20241023;100219;107.25;136;11328213587;B
20241023;100219;107.26;109;11328213588;B
20241023;100219;107.28;4;11328213589;B
20241023;100219;107.23;124;11328213619;S
20241023;100219;107.22;76;11328213620;S
20241023;100219;107.22;200;11328213647;S
20241023;100222;107.22;94;11328214167;S
20241023;100222;107.22;106;11328214168;S
20241023;100222;107.22;200;11328214170;S
20241023;100222;107.22;200;11328214174;S
20241023;100222;107.22;33;11328214177;S
20241023;100222;107.22;200;11328214181;S
20241023;100222;107.22;200;11328214190;S
20241023;100223;107.22;50;11328214359;S
20241023;100223;107.23;1;11328214419;B
20241023;100224;107.23;7;11328214599;B
20241023;100228;107.23;10;11328215220;B
20241023;100230;107.22;11;11328215675;S
20241023;100230;107.22;200;11328215676;S
20241023;100230;107.21;100;11328215677;S
20241023;100230;107.2;10;11328215678;S
20241023;100230;107.2;125;11328215679;S
20241023;100230;107.2;54;11328215680;S
20241023;100233;107.2;1;11328216083;S
20241023;100233;107.19;99;11328216084;S
20241023;100235;107.18;81;11328216499;S
20241023;100236;107.2;1;11328216736;B
20241023;100236;107.21;572;11328216737;B
20241023;100236;107.18;127;11328216771;S
20241023;100236;107.18;47;11328216772;S
20241023;100239;107.18;500;11328217175;S
20241023;100242;107.17;1000;11328217631;S
20241023;100242;107.17;5;11328217632;S
20241023;100242;107.17;956;11328217634;S
20241023;100243;107.16;25;11328217843;S
20241023;100243;107.16;68;11328217844;S
20241023;100244;107.19;150;11328217927;B
20241023;100244;107.19;20;11328217928;B
20241023;100244;107.19;20;11328217929;B
20241023;100244;107.2;50;11328217930;B
20241023;100244;107.2;150;11328217931;B
20241023;100246;107.2;250;11328218271;S
20241023;100248;107.2;90;11328218529;S
20241023;100249;107.21;213;11328218727;B
20241023;100251;107.2;270;11328219232;S
20241023;100251;107.2;159;11328219233;S
20241023;100251;107.2;1;11328219234;S
20241023;100251;107.2;20;11328219235;S
20241023;100251;107.2;20;11328219236;S
20241023;100251;107.2;40;11328219237;S
20241023;100251;107.18;159;11328219238;S
20241023;100251;107.18;131;11328219239;S
20241023;100251;107.2;1;11328219293;B
20241023;100254;107.2;92;11328219753;B
20241023;100254;107.21;500;11328219792;B
20241023;100254;107.18;200;11328219793;S
20241023;100254;107.18;155;11328219794;S
20241023;100254;107.18;155;11328219795;S
20241023;100254;107.18;20;11328219796;S
20241023;100254;107.17;25;11328219797;S
20241023;100254;107.21;715;11328219803;B
20241023;100254;107.23;93;11328219816;B
20241023;100254;107.23;407;11328219817;B
20241023;100255;107.23;93;11328219946;B
20241023;100255;107.24;10;11328219947;B
20241023;100255;107.25;237;11328219948;B
20241023;100255;107.25;10;11328219949;B
20241023;100255;107.25;93;11328219950;B
20241023;100255;107.25;57;11328219951;B
20241023;100257;107.26;11;11328220436;B
20241023;100257;107.27;11;11328220437;B
20241023;100257;107.27;478;11328220438;B
20241023;100258;107.22;30;11328220472;S
20241023;100258;107.21;150;11328220473;S
20241023;100258;107.21;20;11328220474;S
20241023;100259;107.21;1;11328220628;S
20241023;100259;107.2;11;11328220629;S
20241023;100300;107.25;50;11328220724;B
20241023;100300;107.26;50;11328220806;B
20241023;100301;107.2;500;11328220923;S
20241023;100308;107.27;272;11328222095;B
20241023;100308;107.27;93;11328222096;B
20241023;100308;107.27;100;11328222097;B
20241023;100311;107.27;500;11328222662;S
20241023;100318;107.27;2;11328223968;S
20241023;100319;107.27;1033;11328224240;S
20241023;100319;107.27;114;11328224241;S
20241023;100319;107.27;1;11328224242;S
20241023;100319;107.26;114;11328224243;S
20241023;100319;107.25;40;11328224244;S
20241023;100319;107.24;125;11328224245;S
20241023;100319;107.23;400;11328224246;S
20241023;100319;107.23;136;11328224247;S
20241023;100319;107.22;37;11328224248;S
20241023;100321;107.28;50;11328224679;B
20241023;100323;107.27;1;11328224936;S
20241023;100325;107.28;50;11328225363;B
20241023;100325;107.28;50;11328225364;B
20241023;100328;107.28;43;11328226203;B
20241023;100328;107.28;500;11328226204;B
20241023;100328;107.28;10;11328226205;B
20241023;100328;107.29;5;11328226206;B
20241023;100328;107.29;1;11328226207;B
20241023;100328;107.29;1;11328226208;B
20241023;100328;107.29;136;11328226209;B
20241023;100328;107.3;1;11328226210;B
20241023;100328;107.3;1;11328226211;B
20241023;100328;107.3;130;11328226212;B
20241023;100328;107.3;172;11328226213;B
20241023;100328;107.3;100;11328226225;B
20241023;100330;107.29;2795;11328226565;B
20241023;100331;107.3;500;11328226659;S
20241023;100333;107.31;10;11328227030;B
20241023;100337;107.32;5;11328227677;S
20241023;100337;107.31;40;11328227678;S
20241023;100337;107.3;455;11328227679;S
20241023;100337;107.34;12;11328227702;B
20241023;100338;107.32;100;11328227764;B
20241023;100338;107.35;10;11328227765;B
20241023;100338;107.35;93;11328227766;B
20241023;100338;107.35;648;11328227767;B
20241023;100338;107.36;400;11328227768;B
20241023;100338;107.36;100;11328227769;B
20241023;100338;107.37;400;11328227770;B
20241023;100338;107.37;2602;11328227771;B
20241023;100338;107.38;400;11328227772;B
20241023;100338;107.38;500;11328227773;B
20241023;100338;107.38;186;11328227774;B
20241023;100338;107.38;136;11328227775;B
20241023;100338;107.39;400;11328227776;B
20241023;100338;107.39;1025;11328227777;B
20241023;100338;107.32;136;11328227796;S
20241023;100338;107.31;1857;11328227797;S
20241023;100338;107.31;2602;11328227798;S
20241023;100338;107.3;2762;11328227799;S
20241023;100338;107.29;400;11328227800;S
20241023;100338;107.28;400;11328227801;S
20241023;100338;107.27;100;11328227802;S
20241023;100338;107.27;4;11328227803;S
20241023;100338;107.27;400;11328227804;S
20241023;100338;107.26;15;11328227805;S
20241023;100338;107.26;400;11328227806;S
20241023;100338;107.26;1025;11328227807;S
20241023;100338;107.25;400;11328227808;S
20241023;100338;107.24;400;11328227809;S
20241023;100338;107.23;400;11328227810;S
20241023;100338;107.23;5;11328227811;S
20241023;100338;107.22;363;11328227812;S
20241023;100338;107.22;831;11328227813;S
20241023;100338;107.26;250;11328227815;B
20241023;100338;107.3;500;11328227816;B
20241023;100344;107.29;135;11328228612;B
20241023;100344;107.31;228;11328228613;B
20241023;100344;107.32;228;11328228614;B
20241023;100344;107.32;2602;11328228615;B
20241023;100344;107.33;3000;11328228616;B
20241023;100344;107.34;250;11328228617;B
20241023;100344;107.34;532;11328228618;B
20241023;100344;107.35;400;11328228619;B
20241023;100344;107.35;136;11328228620;B
20241023;100344;107.36;400;11328228621;B
20241023;100344;107.37;400;11328228622;B
20241023;100344;107.38;400;11328228623;B
20241023;100344;107.38;173;11328228624;B
20241023;100344;107.38;500;11328228625;B
20241023;100344;107.38;2602;11328228626;B
20241023;100344;107.39;24;11328228627;B
20241023;100344;107.39;400;11328228628;B
20241023;100344;107.39;4000;11328228629;B
20241023;100344;107.4;600;11328228630;B
20241023;100344;107.4;3;11328228631;B
20241023;100344;107.4;250;11328228632;B
20241023;100344;107.4;400;11328228633;B
20241023;100344;107.41;1;11328228634;B
20241023;100344;107.41;400;11328228635;B
20241023;100344;107.41;93;11328228636;B
20241023;100344;107.41;400;11328228637;B
20241023;100344;107.41;772;11328228638;B
20241023;100348;107.38;1;11328229262;B
20241023;100348;107.39;4;11328229263;B
20241023;100349;107.34;245;11328229422;S
20241023;100351;107.35;30;11328229860;B
20241023;100352;107.34;4;11328229944;S
20241023;100352;107.34;50;11328230038;S
20241023;100353;107.35;4;11328230235;B
20241023;100355;107.34;70;11328230545;S
20241023;100355;107.32;5;11328230546;S
20241023;100356;107.35;100;11328230707;B
20241023;100357;107.29;400;11328230780;S
20241023;100357;107.29;50;11328230781;S
20241023;100357;107.29;50;11328230785;B
20241023;100358;107.29;5;11328230939;B
20241023;100400;107.29;30;11328231293;B
20241023;100402;107.29;151;11328231442;B
20241023;100403;107.29;1;11328231651;B
20241023;100404;107.29;320;11328231709;B
20241023;100405;107.29;6;11328231879;B
20241023;100405;107.28;5;11328231976;S
20241023;100408;107.29;1;11328232407;B
20241023;100409;107.28;2;11328232619;S
20241023;100409;107.28;28;11328232620;S
20241023;100412;107.29;1;11328232998;B
20241023;100413;107.29;5;11328233162;B
20241023;100414;107.28;22;11328233266;S
20241023;100414;107.28;178;11328233267;S
20241023;100415;107.28;1;11328233368;S
20241023;100416;107.28;5;11328233494;S
20241023;100423;107.29;5500;11328234483;B
20241023;100424;107.29;3480;11328234666;B
20241023;100424;107.29;3000;11328234667;B
20241023;100424;107.29;1000;11328234668;B
20241023;100424;107.29;300;11328234669;B
20241023;100426;107.33;1;11328234834;B
20241023;100429;107.33;5;11328235241;B
20241023;100429;107.32;5;11328235268;S
20241023;100429;107.33;1;11328235298;B
20241023;100432;107.32;45;11328235666;S
20241023;100432;107.3;255;11328235667;S
20241023;100434;107.3;20;11328235971;S
20241023;100435;107.33;20;11328236233;B
20241023;100437;107.33;23;11328236621;B
20241023;100437;107.34;500;11328236622;B
20241023;100437;107.35;239;11328236623;B
20241023;100437;107.35;50;11328236624;B
20241023;100437;107.36;3188;11328236625;B
20241023;100440;107.36;4;11328237056;B
20241023;100442;107.36;200;11328237363;B
20241023;100442;107.35;9;11328237386;S
20241023;100442;107.35;31;11328237390;S
20241023;100442;107.33;1;11328237391;S
20241023;100442;107.31;294;11328237392;S
20241023;100442;107.31;294;11328237393;S
20241023;100442;107.3;80;11328237394;S
20241023;100442;107.3;40;11328237395;S
20241023;100442;107.3;1000;11328237396;S
20241023;100442;107.29;11;11328237397;S
20241023;100442;107.29;136;11328237398;S
20241023;100442;107.29;774;11328237399;S
20241023;100446;107.29;2;11328237954;S
20241023;100446;107.28;3;11328237955;S
20241023;100446;107.28;6;11328237969;S
20241023;100446;107.27;1;11328237970;S
20241023;100446;107.27;1;11328237971;S
20241023;100446;107.27;100;11328237972;S
20241023;100446;107.27;22;11328237973;S
20241023;100446;107.27;70;11328237974;S
20241023;100447;107.27;59;11328238106;S
20241023;100449;107.26;1;11328238598;S
20241023;100450;107.29;3;11328238646;B
20241023;100451;107.3;3;11328238913;B
20241023;100453;107.27;182;11328239220;S
20241023;100453;107.27;24;11328239221;S
20241023;100453;107.26;6;11328239222;S
20241023;100453;107.26;136;11328239223;S
20241023;100453;107.25;100;11328239224;S
20241023;100453;107.25;1857;11328239225;S
20241023;100453;107.25;182;11328239226;S
20241023;100453;107.24;100;11328239227;S
20241023;100453;107.24;100;11328239228;S
20241023;100453;107.24;100;11328239229;S
20241023;100453;107.24;7;11328239230;S
20241023;100453;107.24;400;11328239231;S
20241023;100453;107.24;200;11328239232;S
20241023;100453;107.23;400;11328239233;S
20241023;100453;107.23;1;11328239234;S
20241023;100453;107.23;250;11328239235;S
20241023;100453;107.23;500;11328239236;S
20241023;100453;107.23;100;11328239237;S
20241023;100453;107.23;2516;11328239238;S
20241023;100453;107.22;400;11328239239;S
20241023;100453;107.22;1;11328239240;S
20241023;100453;107.22;500;11328239241;S
20241023;100453;107.22;250;11328239242;S
20241023;100453;107.21;400;11328239243;S
20241023;100453;107.21;200;11328239244;S
20241023;100453;107.21;1;11328239245;S
20241023;100453;107.21;2;11328239246;S
20241023;100453;107.21;150;11328239247;S
20241023;100453;107.21;3394;11328239248;S
20241023;100455;107.25;93;11328239497;S
20241023;100459;107.31;1;11328240092;B
20241023;100459;107.31;10;11328240093;B
20241023;100503;107.26;300;11328240845;S
20241023;100503;107.25;5;11328240846;S
20241023;100503;107.25;10;11328240847;S
20241023;100503;107.24;200;11328240848;S
20241023;100503;107.24;137;11328240849;S
20241023;100503;107.23;448;11328240850;S
20241023;100503;107.28;1;11328240853;B
20241023;100504;107.28;49;11328241121;B
20241023;100504;107.29;1;11328241122;B
20241023;100504;107.29;50;11328241123;B
20241023;100504;107.3;1;11328241124;B
20241023;100504;107.3;100;11328241125;B
20241023;100504;107.3;115;11328241126;B
20241023;100504;107.3;115;11328241127;B
20241023;100504;107.3;288;11328241128;B
20241023;100504;107.3;136;11328241129;B
20241023;100504;107.31;145;11328241130;B
20241023;100506;107.3;2435;11328241437;S
20241023;100506;107.3;7565;11328241438;S
20241023;100506;107.31;2;11328241476;B
20241023;100506;107.31;20;11328241477;B
20241023;100506;107.31;78;11328241478;B
20241023;100506;107.29;2;11328241494;B
20241023;100506;107.29;2;11328241505;B
20241023;100506;107.29;1;11328241517;B
20241023;100508;107.25;8;11328241806;S
20241023;100508;107.25;2;11328241807;S
20241023;100508;107.24;200;11328241808;S
20241023;100508;107.24;176;11328241809;S
20241023;100508;107.23;52;11328241810;S
20241023;100508;107.23;1520;11328241811;S
20241023;100509;107.25;200;11328242003;S
20241023;100509;107.22;200;11328242004;S
20241023;100509;107.22;10;11328242005;S
20241023;100509;107.22;10;11328242006;S
20241023;100509;107.21;1;11328242007;S
20241023;100509;107.21;1857;11328242008;S
20241023;100509;107.21;2591;11328242009;S
20241023;100509;107.21;6;11328242010;S
20241023;100509;107.2;1;11328242011;S
20241023;100509;107.2;124;11328242012;S
20241023;100510;107.25;150;11328242159;S
20241023;100510;107.2;431;11328242209;S
20241023;100510;107.2;4569;11328242210;S
20241023;100511;107.22;100;11328242475;B
20241023;100511;107.22;100;11328242476;B
20241023;100511;107.22;20;11328242481;B
20241023;100511;107.23;136;11328242482;B
20241023;100511;107.25;44;11328242483;B
20241023;100512;107.25;136;11328242536;B
20241023;100513;107.27;136;11328242827;B
20241023;100513;107.28;64;11328242828;B
20241023;100517;107.2;400;11328243421;S
20241023;100519;107.21;1;11328243782;S
20241023;100525;107.21;50;11328244881;S
20241023;100529;107.22;10;11328245750;B
20241023;100531;107.21;32;11328246177;S
20241023;100531;107.21;17;11328246178;S
20241023;100531;107.21;100;11328246179;S
20241023;100531;107.21;100;11328246180;S
20241023;100531;107.21;400;11328246181;S
20241023;100533;107.2;3935;11328246527;S
20241023;100533;107.2;1;11328246528;S
20241023;100533;107.2;1;11328246529;S
20241023;100533;107.2;2;11328246530;S
20241023;100533;107.2;50;11328246531;S
20241023;100533;107.2;2;11328246532;S
20241023;100533;107.2;2;11328246533;S
20241023;100533;107.2;11;11328246534;S
20241023;100533;107.19;100;11328246535;S
20241023;100533;107.2;1;11328246690;B
20241023;100534;107.18;100;11328246723;S
20241023;100534;107.17;5678;11328246724;S
20241023;100534;107.17;1695;11328246743;S
20241023;100534;107.17;1;11328246751;S
20241023;100534;107.17;120;11328246761;S
20241023;100534;107.18;87;11328246780;B
20241023;100534;107.17;390;11328246787;S
20241023;100535;107.17;1000;11328246886;S
20241023;100535;107.17;40;11328246996;S
20241023;100536;107.17;1076;11328247209;S
20241023;100536;107.17;1;11328247210;S
20241023;100536;107.17;3;11328247211;S
20241023;100539;107.16;932;11328247759;S
20241023;100539;107.15;30;11328247760;S
20241023;100539;107.15;1000;11328247761;S
20241023;100539;107.15;249;11328247762;S
20241023;100540;107.16;50;11328247902;B
20241023;100540;107.16;10;11328247959;B
20241023;100541;107.15;11;11328248040;S
20241023;100542;107.15;1;11328248273;S
20241023;100542;107.15;739;11328248498;S
20241023;100542;107.15;1;11328248499;S
20241023;100543;107.14;500;11328248528;S
20241023;100543;107.13;10;11328248529;S
20241023;100543;107.13;1;11328248530;S
20241023;100543;107.13;1;11328248531;S
20241023;100543;107.12;286;11328248532;S
20241023;100543;107.12;5;11328248533;S
20241023;100543;107.11;1;11328248534;S
20241023;100543;107.11;15;11328248535;S
20241023;100543;107.11;100;11328248536;S
20241023;100543;107.1;100;11328248537;S
20241023;100543;107.1;5;11328248538;S
20241023;100543;107.1;976;11328248539;S
20241023;100543;107.14;10;11328248632;B
20241023;100544;107.1;24;11328248846;S
20241023;100544;107.1;1;11328248847;S
20241023;100544;107.1;3;11328248848;S
20241023;100544;107.1;600;11328248849;S
20241023;100544;107.1;20;11328248850;S
20241023;100544;107.1;50;11328248851;S
20241023;100544;107.09;1000;11328248852;S
20241023;100544;107.08;1;11328248853;S
20241023;100544;107.08;200;11328248854;S
20241023;100544;107.08;100;11328248855;S
20241023;100544;107.08;4;11328248856;S
20241023;100544;107.07;5;11328248857;S
20241023;100544;107.07;2000;11328248858;S
20241023;100544;107.07;1;11328248859;S
20241023;100544;107.07;1;11328248860;S
20241023;100544;107.07;1;11328248861;S
20241023;100544;107.07;1;11328248862;S
20241023;100544;107.07;5000;11328248863;S
20241023;100544;107.06;5;11328248864;S
20241023;100544;107.06;10;11328248865;S
20241023;100544;107.06;100;11328248866;S
20241023;100544;107.06;400;11328248867;S
20241023;100544;107.06;4;11328248868;S
20241023;100544;107.06;136;11328248869;S
20241023;100544;107.06;1295;11328248870;S
20241023;100544;107.05;4782;11328248871;S
20241023;100544;107.05;500;11328248872;S
20241023;100544;107.05;1956;11328248873;S
20241023;100545;107.05;50;11328249062;S
20241023;100545;107.08;50;11328249118;B
20241023;100546;107.08;1;11328249280;B
20241023;100546;107.08;500;11328249323;B
20241023;100546;107.06;100;11328249353;S
20241023;100546;107.06;20;11328249354;S
20241023;100546;107.06;87;11328249355;S
20241023;100546;107.05;293;11328249356;S
20241023;100547;107.05;999;11328249497;S
20241023;100548;107.08;50;11328249878;B
20241023;100550;107.07;300;11328250406;S
20241023;100550;107.06;500;11328250407;S
20241023;100550;107.06;100;11328250408;S
20241023;100550;107.05;4702;11328250409;S
20241023;100550;107.05;1000;11328250410;S
20241023;100550;107.05;50;11328250411;S
20241023;100550;107.05;1;11328250412;S
20241023;100550;107.05;200;11328250413;S
20241023;100550;107.05;635;11328250414;S
20241023;100550;107.04;100;11328250415;S
20241023;100550;107.04;192;11328250416;S
20241023;100550;107.08;1;11328250431;B
20241023;100550;107.04;5;11328250442;S
20241023;100551;107.04;3;11328250556;S
20241023;100551;107.02;2;11328250557;S
20241023;100551;107.02;240;11328250558;S
20241023;100551;107.06;1;11328250633;B
20241023;100552;107.06;224;11328250890;B
20241023;100552;107.08;398;11328250891;B
20241023;100552;107.08;224;11328250892;B
20241023;100552;107.08;136;11328250893;B
20241023;100552;107.11;218;11328250894;B
20241023;100552;107.04;1;11328250906;S
20241023;100552;107.03;12;11328250907;S
20241023;100552;107.03;1;11328250908;S
20241023;100552;107.09;136;11328250917;B
20241023;100552;107.1;314;11328250918;B
20241023;100554;107.08;76;11328251436;B
20241023;100555;107.06;247;11328251645;S
20241023;100555;107.05;300;11328251646;S
20241023;100555;107.05;219;11328251647;S
20241023;100556;107.04;1;11328251824;S
20241023;100558;107.03;1;11328252231;S
20241023;100558;107.03;250;11328252232;S
20241023;100558;107.03;264;11328252233;S
20241023;100558;107.03;20;11328252234;S
20241023;100558;107.03;100;11328252235;S
20241023;100558;107.02;160;11328252236;S
20241023;100558;107.02;1;11328252237;S
20241023;100558;107.02;5;11328252238;S
20241023;100558;107.02;10;11328252239;S
20241023;100558;107.02;100;11328252240;S
20241023;100558;107.02;648;11328252241;S
20241023;100558;107.02;3;11328252242;S
20241023;100558;107.02;1;11328252243;S
20241023;100558;107.02;264;11328252244;S
20241023;100558;107.02;3;11328252245;S
20241023;100558;107.01;5;11328252246;S
20241023;100558;107.01;1000;11328252247;S
20241023;100558;107.01;1;11328252248;S
20241023;100558;107.01;1450;11328252249;S
20241023;100558;107.01;2;11328252250;S
20241023;100558;107.01;1;11328252251;S
20241023;100558;107.01;10;11328252252;S
20241023;100558;107.01;500;11328252253;S
20241023;100558;107.01;50;11328252254;S
20241023;100558;107.01;1504;11328252255;S
20241023;100558;107.01;1;11328252256;S
20241023;100558;107.01;3;11328252257;S
20241023;100558;107.01;1;11328252258;S
20241023;100558;107.01;2522;11328252259;S
20241023;100558;107.01;262;11328252260;B
20241023;100559;107;740;11328252411;S
20241023;100559;107;925;11328252444;S
20241023;100559;107;50;11328252538;S
20241023;100559;107;20;11328252547;S
20241023;100600;107;50;11328252602;S
20241023;100600;107;13;11328252658;S
20241023;100601;107;7;11328252822;S
20241023;100601;107;50;11328252876;S
20241023;100601;107;300;11328252880;S
20241023;100602;107;1;11328253012;S
20241023;100602;107.01;1;11328253014;B
20241023;100602;107.01;100;11328253016;B
20241023;100602;107.01;2;11328253022;B
20241023;100603;107;200;11328253225;S
20241023;100604;107.01;1000;11328253508;B
20241023;100604;107;592;11328253509;S
20241023;100604;107;26;11328253515;S
20241023;100604;107.01;3;11328253542;B
20241023;100605;107;1;11328253699;S
20241023;100605;107;5;11328253757;S
20241023;100607;107;476;11328254113;S
20241023;100607;107;50;11328254121;S
20241023;100607;107;24;11328254147;S
20241023;100609;107;2365;11328254560;S
20241023;100609;107;10;11328254561;S
20241023;100609;107;1;11328254562;S
20241023;100609;107;3;11328254563;S
20241023;100609;107;30;11328254564;S
20241023;100609;107;7;11328254565;S
20241023;100609;107;1;11328254566;S
20241023;100609;107;10;11328254567;S
20241023;100609;107;1;11328254568;S
20241023;100609;107;2;11328254569;S
20241023;100609;107;1;11328254570;S
20241023;100609;107;6;11328254571;S
20241023;100609;107;100;11328254572;S
20241023;100609;107;10;11328254573;S
20241023;100609;107;1;11328254574;S
20241023;100609;107;10;11328254575;S
20241023;100609;107;2;11328254576;S
20241023;100609;107;50;11328254577;S
20241023;100609;107;100;11328254578;S
20241023;100609;107;1;11328254579;S
20241023;100609;107;20;11328254580;S
20241023;100609;107;1;11328254581;S
20241023;100609;107;1;11328254582;S
20241023;100609;107;1;11328254583;S
20241023;100609;107;100;11328254584;S
20241023;100609;107;1;11328254585;S
20241023;100609;107;1;11328254586;S
20241023;100609;107;3;11328254587;S
20241023;100609;107;3;11328254588;S
20241023;100609;107;51;11328254589;S
20241023;100609;107;1;11328254590;S
20241023;100609;107;1;11328254591;S
20241023;100609;107;50;11328254592;S
20241023;100609;107;1;11328254593;S
20241023;100609;107;2;11328254594;S
20241023;100609;107;10;11328254595;S
20241023;100609;107;1;11328254596;S
20241023;100609;107;1;11328254597;S
20241023;100609;107;5;11328254598;S
20241023;100609;107;500;11328254599;S
20241023;100609;107;1;11328254600;S
20241023;100609;107;100;11328254601;S
20241023;100609;107;3;11328254602;S
20241023;100609;107;5;11328254603;S
20241023;100609;107;50;11328254604;S
20241023;100609;107;2000;11328254605;S
20241023;100609;107;1;11328254606;S
20241023;100609;107;1;11328254607;S
20241023;100609;107;900;11328254608;S
20241023;100609;107;10;11328254609;S
20241023;100609;107;1000;11328254610;S
20241023;100609;107;1;11328254611;S
20241023;100609;107;176;11328254612;S
20241023;100609;107;229;11328254613;S
20241023;100609;107;20;11328254614;S
20241023;100609;107;1000;11328254615;S
20241023;100609;107;2;11328254616;S
20241023;100609;107;50;11328254617;S
20241023;100609;107;11;11328254618;S
20241023;100609;107;2400;11328254619;S
20241023;100609;107;66;11328254620;S
20241023;100609;107;40;11328254621;S
20241023;100609;106.99;10;11328254624;S
20241023;100609;106.99;1;11328254625;S
20241023;100609;106.99;2;11328254626;S
20241023;100609;106.99;1;11328254627;S
20241023;100609;106.99;2;11328254628;S
20241023;100609;106.99;1;11328254629;S
20241023;100609;106.99;1;11328254630;S
20241023;100609;106.99;1;11328254631;S
20241023;100609;106.99;1;11328254632;S
20241023;100609;106.99;1;11328254633;S
20241023;100609;106.99;1;11328254634;S
20241023;100609;106.99;1;11328254635;S
20241023;100609;106.99;2;11328254636;S
20241023;100609;106.99;1;11328254637;S
20241023;100609;106.99;1;11328254638;S
20241023;100609;106.99;10;11328254639;S
20241023;100609;106.99;2;11328254640;S
20241023;100609;106.99;1;11328254641;S
20241023;100609;106.99;1;11328254642;S
20241023;100609;106.99;1;11328254643;S
20241023;100609;106.99;1;11328254644;S
20241023;100609;106.99;1;11328254645;S
20241023;100609;106.99;1;11328254646;S
20241023;100609;106.99;10;11328254647;S
20241023;100609;106.99;1;11328254648;S
20241023;100609;106.99;5;11328254649;S
20241023;100609;106.99;5;11328254650;S
20241023;100609;106.99;10;11328254651;S
20241023;100609;106.99;2;11328254652;S
20241023;100609;106.99;168;11328254653;S
20241023;100609;106.99;3;11328254654;S
20241023;100609;106.99;40;11328254655;S
20241023;100609;106.99;10;11328254656;S
20241023;100609;106.99;1;11328254657;S
20241023;100609;106.99;2;11328254658;S
20241023;100609;106.99;314;11328254659;S
20241023;100609;106.99;1;11328254660;S
20241023;100609;106.99;10;11328254661;S
20241023;100609;106.98;1459;11328254679;S
20241023;100609;106.98;272;11328254680;S
20241023;100609;106.98;269;11328254684;S
20241023;100609;106.98;4;11328254685;S
20241023;100609;106.98;82;11328254686;S
20241023;100609;106.97;4;11328254693;S
20241023;100609;106.97;200;11328254694;S
20241023;100609;106.97;68;11328254695;S
20241023;100609;106.97;2932;11328254696;S
20241023;100609;106.97;100;11328254697;S
20241023;100609;106.96;54;11328254701;S
20241023;100609;106.96;2;11328254702;S
20241023;100609;106.96;20;11328254703;S
20241023;100609;106.96;218;11328254704;S
20241023;100609;106.96;3;11328254705;S
20241023;100609;106.95;2000;11328254708;S
20241023;100609;106.95;1;11328254709;S
20241023;100609;106.94;1;11328254714;S
20241023;100609;106.94;1;11328254715;S
20241023;100609;106.94;1;11328254716;S
20241023;100609;106.94;66;11328254717;S
20241023;100609;106.93;250;11328254718;S
20241023;100609;106.93;2;11328254719;S
20241023;100609;106.92;44;11328254741;S
20241023;100609;106.92;2;11328254742;S
20241023;100609;106.91;10;11328254743;S
20241023;100609;106.91;1;11328254744;S
20241023;100609;106.91;1;11328254745;S
20241023;100609;106.91;407;11328254746;S
20241023;100609;106.9;20;11328254762;S
20241023;100609;106.9;1;11328254763;S
20241023;100609;106.9;1;11328254764;S
20241023;100609;106.9;1;11328254765;S
20241023;100609;106.9;1;11328254766;S
20241023;100609;106.9;2;11328254767;S
20241023;100609;106.9;2019;11328254768;S
20241023;100609;106.92;388;11328254784;B
20241023;100609;106.92;136;11328254785;B
20241023;100609;106.92;1114;11328254786;B
20241023;100609;106.92;388;11328254787;B
20241023;100609;106.93;1994;11328254788;B
20241023;100609;106.95;2807;11328254789;B
20241023;100609;106.96;1857;11328254790;B
20241023;100609;106.97;3138;11328254791;B
20241023;100609;106.98;2524;11328254792;B
20241023;100609;106.99;2429;11328254793;B
20241023;100609;106.99;200;11328254794;B
20241023;100609;106.99;250;11328254795;B
20241023;100609;107;12775;11328254796;B
20241023;100609;106.96;100;11328254836;B
20241023;100610;106.95;1;11328255046;S
20241023;100610;106.91;25;11328255047;S
20241023;100610;106.91;25;11328255054;S
20241023;100610;106.9;75;11328255055;S
20241023;100610;106.9;106;11328255102;S
20241023;100610;106.89;5;11328255103;S
20241023;100610;106.89;889;11328255104;S
20241023;100610;106.97;1;11328255107;B
20241023;100610;106.97;135;11328255108;B
20241023;100610;106.99;1114;11328255109;B
20241023;100610;106.99;1857;11328255110;B
20241023;100610;106.99;1362;11328255111;B
20241023;100610;107;132;11328255112;B
20241023;100610;106.95;75;11328255173;S
20241023;100610;106.91;100;11328255194;S
20241023;100610;106.95;1;11328255203;B
20241023;100610;106.92;7;11328255238;S
20241023;100610;106.92;5;11328255242;S
20241023;100610;106.95;50;11328255243;B
20241023;100610;106.95;4;11328255314;B
20241023;100611;106.95;70;11328255550;B
20241023;100611;106.96;136;11328255551;B
20241023;100611;106.97;10;11328255552;B
20241023;100611;106.99;140;11328255553;B
20241023;100611;106.99;1644;11328255554;B
20241023;100611;106.93;500;11328255583;S
20241023;100611;106.92;88;11328255584;S
20241023;100611;106.92;500;11328255585;S
20241023;100611;106.92;100;11328255586;S
20241023;100611;106.91;5;11328255587;S
20241023;100611;106.91;2;11328255588;S
20241023;100611;106.91;645;11328255589;S
20241023;100611;106.9;2602;11328255590;S
20241023;100611;106.9;100;11328255591;S
20241023;100611;106.89;425;11328255592;S
20241023;100611;106.89;2602;11328255593;S
20241023;100611;106.89;136;11328255594;S
20241023;100611;106.89;1857;11328255595;S
20241023;100611;106.88;9;11328255596;S
20241023;100611;106.88;429;11328255597;S
20241023;100614;106.95;40;11328256122;B
20241023;100614;106.95;136;11328256123;B
20241023;100614;106.98;2;11328256124;B
20241023;100614;106.98;50;11328256125;B
20241023;100614;106.99;272;11328256126;B
20241023;100614;106.95;1;11328256187;S
20241023;100615;106.91;679;11328256461;S
20241023;100617;106.94;1;11328256995;S
20241023;100617;106.91;9;11328256996;S
20241023;100618;106.97;100;11328257032;B
20241023;100618;106.97;136;11328257033;B
20241023;100618;106.97;20;11328257034;B
20241023;100618;106.99;1;11328257035;B
20241023;100618;106.99;743;11328257036;B
20241023;100618;106.98;100;11328257198;B
20241023;100618;106.91;200;11328257240;S
20241023;100619;106.94;30;11328257510;B
20241023;100620;106.94;1970;11328257643;B
20241023;100620;106.94;30;11328257644;B
20241023;100620;106.98;25;11328257866;B
20241023;100622;106.96;5;11328258237;B
20241023;100623;106.93;10;11328258388;S
20241023;100623;106.91;112;11328258510;S
20241023;100623;106.91;5;11328258511;S
20241023;100623;106.91;1;11328258512;S
20241023;100623;106.91;200;11328258513;S
20241023;100623;106.91;114;11328258514;S
20241023;100624;106.9;1;11328258642;S
20241023;100624;106.9;1;11328258643;S
20241023;100624;106.9;5;11328258644;S
20241023;100624;106.9;6;11328258645;S
20241023;100624;106.92;1;11328258650;B
20241023;100625;106.9;10;11328259222;S
20241023;100625;106.9;24;11328259242;S
20241023;100625;106.9;100;11328259243;S
20241023;100625;106.9;400;11328259244;S
20241023;100625;106.9;247;11328259245;S
20241023;100625;106.9;1;11328259246;S
20241023;100625;106.89;1;11328259247;S
20241023;100625;106.89;227;11328259248;S
20241023;100625;106.92;50;11328259264;S
20241023;100626;106.93;83;11328259328;B
20241023;100626;106.94;136;11328259329;B
20241023;100626;106.94;295;11328259330;B
20241023;100626;106.97;486;11328259331;B
20241023;100626;106.91;30;11328259388;S
20241023;100626;106.9;94;11328259389;S
20241023;100626;106.9;131;11328259390;S
20241023;100626;106.89;23;11328259391;S
20241023;100626;106.89;200;11328259392;S
20241023;100626;106.89;22;11328259393;S
20241023;100629;106.93;30;11328260161;S
20241023;100629;106.92;1;11328260162;S
20241023;100629;106.91;50;11328260163;S
20241023;100629;106.9;11;11328260164;S
20241023;100629;106.9;172;11328260165;S
20241023;100629;106.89;78;11328260166;S
20241023;100629;106.89;50;11328260167;S
20241023;100629;106.89;1015;11328260168;S
20241023;100629;106.89;172;11328260169;S
20241023;100629;106.89;1857;11328260170;S
20241023;100629;106.88;571;11328260171;S
20241023;100629;106.88;2564;11328260172;S
20241023;100629;106.88;100;11328260227;S
20241023;100629;106.93;50;11328260291;B
20241023;100630;106.91;1;11328260336;S
20241023;100630;106.91;22;11328260407;S
20241023;100630;106.91;40;11328260479;S
20241023;100631;106.94;50;11328260617;B
20241023;100631;106.92;30;11328260726;S
20241023;100631;106.91;37;11328260727;S
20241023;100631;106.91;1;11328260728;S
20241023;100631;106.89;6;11328260729;S
20241023;100631;106.89;1;11328260730;S
20241023;100631;106.88;925;11328260731;S
20241023;100631;106.94;60;11328260765;B
20241023;100634;106.91;1;11328261278;S
20241023;100634;106.91;25;11328261279;S
20241023;100634;106.9;1;11328261280;S
20241023;100634;106.9;50;11328261281;S
20241023;100634;106.9;50;11328261282;S
20241023;100634;106.89;281;11328261283;S
20241023;100634;106.89;92;11328261284;S
20241023;100634;106.91;50;11328261423;B
20241023;100634;106.92;100;11328261424;B
20241023;100634;106.92;457;11328261425;B
20241023;100634;106.93;1000;11328261426;B
20241023;100634;106.93;136;11328261427;B
20241023;100634;106.95;9;11328261517;B
20241023;100636;106.93;257;11328262019;S
20241023;100636;106.92;543;11328262020;S
20241023;100638;106.93;30;11328262427;S
20241023;100638;106.92;466;11328262428;S
20241023;100638;106.92;1;11328262429;S
20241023;100638;106.91;503;11328262430;S
20241023;100639;106.91;1;11328262607;S
20241023;100639;106.93;9;11328262740;B
20241023;100640;106.92;1;11328262805;B
20241023;100640;106.92;1;11328262877;S
20241023;100641;106.92;1800;11328262997;S
20241023;100642;106.92;1000;11328263156;S
20241023;100642;106.93;41;11328263214;B
20241023;100642;106.93;459;11328263215;B
20241023;100644;106.93;30;11328263505;B
20241023;100644;106.93;20;11328263506;B
20241023;100644;106.94;30;11328263507;B
20241023;100644;106.93;50;11328263555;S
20241023;100645;106.94;1000;11328263700;S
20241023;100647;106.95;16;11328264112;B
20241023;100647;106.95;34;11328264113;B
20241023;100650;106.94;2;11328264402;S
20241023;100651;106.94;1;11328264536;S
20241023;100652;106.95;66;11328264829;B
20241023;100652;106.95;14;11328264830;B
20241023;100655;106.95;25;11328265098;B
20241023;100655;106.95;25;11328265099;B
20241023;100656;106.95;5;11328265284;B
20241023;100656;106.95;595;11328265285;B
20241023;100657;106.96;50;11328265380;B
20241023;100658;106.95;1;11328265611;S
20241023;100658;106.95;20;11328265612;S
20241023;100658;106.94;7;11328265613;S
20241023;100658;106.94;500;11328265614;S
20241023;100658;106.94;1857;11328265615;S
20241023;100658;106.94;271;11328265616;S
20241023;100658;106.94;15;11328265718;S
20241023;100659;106.94;1750;11328265832;S
20241023;100659;106.93;160;11328265838;S
20241023;100659;106.96;50;11328265854;B
20241023;100659;106.96;450;11328265855;B
20241023;100659;106.93;1000;11328265975;S
20241023;100700;106.93;840;11328266032;S
20241023;100700;106.93;353;11328266033;S
20241023;100700;106.92;1307;11328266034;S
20241023;100700;106.96;50;11328266082;B
20241023;100703;106.94;50;11328266513;S
20241023;100703;106.94;40;11328266566;S
20241023;100703;106.94;5;11328266567;S
20241023;100704;106.94;5;11328266644;B
20241023;100704;106.94;45;11328266645;B
20241023;100704;106.92;200;11328266651;S
20241023;100704;106.94;5;11328266687;B
20241023;100704;106.94;136;11328266688;B
20241023;100704;106.96;1159;11328266689;B
20241023;100705;106.96;50;11328266868;B
20241023;100706;106.93;100;11328267020;S
20241023;100706;106.93;24;11328267021;S
20241023;100709;106.94;1;11328267624;S
20241023;100710;106.94;4;11328267841;S
20241023;100710;106.94;5;11328267851;S
20241023;100710;106.94;50;11328267852;S
20241023;100710;106.93;126;11328267853;S
20241023;100710;106.93;399;11328267854;S
20241023;100710;106.93;1;11328267855;S
20241023;100710;106.93;139;11328267856;S
20241023;100711;106.96;791;11328267975;B
20241023;100711;106.96;15;11328267976;B
20241023;100711;106.96;353;11328267977;B
20241023;100711;106.96;6;11328267978;B
20241023;100711;106.96;136;11328267979;B
20241023;100712;106.97;10;11328268130;B
20241023;100712;106.96;99;11328268181;S
20241023;100712;106.94;51;11328268190;B
20241023;100713;106.95;12;11328268535;S
20241023;100714;106.97;1000;11328268628;B
20241023;100714;106.95;100;11328268632;S
20241023;100715;106.95;5;11328268723;S
20241023;100716;106.97;25;11328268951;B
20241023;100717;106.97;5;11328269014;B
20241023;100717;106.96;11;11328269078;S
20241023;100717;106.96;24;11328269079;S
20241023;100719;106.97;500;11328269332;B
20241023;100719;106.96;50;11328269428;S
20241023;100720;106.96;287;11328269490;S
20241023;100720;106.96;1;11328269496;S
20241023;100722;106.97;100;11328269746;B
20241023;100722;106.97;200;11328269757;B
20241023;100722;106.97;1000;11328269870;B
20241023;100723;106.96;80;11328270149;S
20241023;100723;106.96;758;11328270351;S
20241023;100723;106.96;1;11328270352;S
20241023;100723;106.96;1114;11328270353;S
20241023;100723;106.96;1;11328270354;S
20241023;100723;106.96;30;11328270355;S
20241023;100723;106.95;96;11328270356;S
20241023;100724;106.95;50;11328270381;S
20241023;100724;106.96;667;11328270394;B
20241023;100724;106.96;250;11328270395;B
20241023;100724;106.97;2083;11328270396;B
20241023;100724;106.96;261;11328270407;S
20241023;100724;106.96;334;11328270408;S
20241023;100724;106.96;1;11328270504;S
20241023;100724;106.96;80;11328270557;S
20241023;100724;106.96;30;11328270558;S
20241023;100724;106.95;8000;11328270559;S
20241023;100724;106.94;100;11328270560;S
20241023;100724;106.94;100;11328270561;S
20241023;100724;106.94;690;11328270562;S
20241023;100725;106.96;100;11328270599;S
20241023;100725;106.97;2;11328270613;B
20241023;100726;106.97;500;11328271126;B
20241023;100728;106.97;6963;11328271621;B
20241023;100728;106.97;1;11328271622;B
20241023;100728;106.97;5;11328271623;B
20241023;100728;106.97;5;11328271624;B
20241023;100728;106.97;546;11328271625;B
20241023;100728;106.97;54;11328271626;B
20241023;100728;106.97;136;11328271627;B
20241023;100728;106.97;769;11328271628;B
20241023;100728;106.98;5;11328271629;B
20241023;100728;106.98;5;11328271630;B
20241023;100728;106.99;400;11328271631;B
20241023;100728;106.99;1;11328271632;B
20241023;100728;106.99;5;11328271633;B
20241023;100728;107;20562;11328271634;B
20241023;100728;107;400;11328271635;B
20241023;100728;107;1500;11328271636;B
20241023;100728;107;145;11328271637;B
20241023;100728;107;24;11328271638;B
20241023;100728;107.01;400;11328271639;B
20241023;100728;107.02;400;11328271640;B
20241023;100728;107.02;1;11328271641;B
20241023;100728;107.03;400;11328271642;B
20241023;100728;107.04;400;11328271643;B
20241023;100728;107.04;1873;11328271644;S
20241023;100728;107.02;48;11328271680;B
20241023;100728;107.05;952;11328271681;B
20241023;100728;107.04;24;11328271684;B
20241023;100728;107.06;400;11328271685;B
20241023;100728;107.06;260;11328271686;B
20241023;100728;107.07;316;11328271687;B
20241023;100729;107.08;30;11328272008;B
20241023;100729;107.08;1;11328272019;B
20241023;100729;107.08;10;11328272073;B
20241023;100730;107.08;100;11328272256;B
20241023;100730;107.08;51;11328272404;B
20241023;100730;107.08;49;11328272405;B
20241023;100731;107.08;5;11328272438;B
20241023;100732;107.07;2;11328272744;S
20241023;100732;107.08;50;11328272857;B
20241023;100733;107.09;1;11328272876;B
20241023;100733;107.09;4;11328272877;B
20241023;100733;107.09;1;11328272946;B
20241023;100733;107.1;50;11328272947;B
20241023;100733;107.1;84;11328272948;B
20241023;100733;107.11;500;11328272949;B
20241023;100733;107.11;400;11328272950;B
20241023;100733;107.11;43;11328272951;B
20241023;100733;107.12;50;11328272952;B
20241023;100733;107.12;400;11328272953;B
20241023;100733;107.12;43;11328272954;B
20241023;100733;107.13;1;11328272955;B
20241023;100733;107.13;400;11328272956;B
20241023;100733;107.14;1000;11328272957;B
20241023;100733;107.14;500;11328272958;B
20241023;100733;107.14;400;11328272959;B
20241023;100733;107.14;136;11328272960;B
20241023;100733;107.15;400;11328272961;B
20241023;100733;107.15;2224;11328272962;B
20241023;100733;107.14;74;11328273037;B
20241023;100734;107.14;142;11328273093;B
20241023;100734;107.15;58;11328273094;B
20241023;100734;107.16;500;11328273122;B
20241023;100734;107.16;84;11328273123;B
20241023;100734;107.17;1903;11328273124;B
20241023;100734;107.13;1;11328273196;S
20241023;100734;107.17;36;11328273229;B
20241023;100734;107.18;500;11328273230;B
20241023;100734;107.19;1;11328273231;B
20241023;100734;107.19;132;11328273232;B
20241023;100734;107.19;400;11328273233;B
20241023;100734;107.19;200;11328273234;B
20241023;100734;107.19;1;11328273235;B
20241023;100734;107.2;400;11328273236;B
20241023;100734;107.2;1592;11328273237;B
20241023;100734;107.21;400;11328273238;B
20241023;100734;107.21;2260;11328273239;B
20241023;100736;107.13;29;11328273763;S
20241023;100736;107.12;55;11328273764;S
20241023;100736;107.12;50;11328273765;S
20241023;100736;107.11;266;11328273766;S
20241023;100736;107.15;50;11328273784;B
20241023;100738;107.11;1;11328273968;S
20241023;100738;107.08;30;11328274034;S
20241023;100738;107.07;20;11328274141;S
20241023;100739;107.07;8;11328274317;S
20241023;100739;107.07;55;11328274318;S
20241023;100739;107.06;30;11328274319;S
20241023;100739;107.05;7;11328274320;S
20241023;100740;107.05;48;11328274402;S
20241023;100740;107.04;7;11328274403;S
20241023;100741;107.04;130;11328274602;S
20241023;100741;107.04;13;11328274694;S
20241023;100741;107.03;2;11328274695;S
20241023;100741;107.03;85;11328274696;S
20241023;100742;107.04;369;11328274881;S
20241023;100743;107.03;160;11328275016;S
20241023;100743;107.05;25;11328275073;B
20241023;100743;107.05;143;11328275074;B
20241023;100743;107.05;136;11328275075;B
20241023;100743;107.06;25;11328275076;B
20241023;100743;107.06;57;11328275077;B
20241023;100743;107.07;1114;11328275078;B
20241023;100743;107.07;57;11328275079;B
20241023;100743;107.07;293;11328275080;B
20241023;100743;107.06;500;11328275102;B
20241023;100744;107.03;255;11328275317;S
20241023;100744;107.03;200;11328275318;S
20241023;100744;107.02;55;11328275319;S
20241023;100744;107.02;86;11328275320;S
20241023;100744;107.01;1;11328275321;S
20241023;100744;107.01;86;11328275322;S
20241023;100744;107;400;11328275323;S
20241023;100744;107;2;11328275324;S
20241023;100744;107;324;11328275325;S
20241023;100744;107;100;11328275326;S
20241023;100744;107;3;11328275327;S
20241023;100744;107;136;11328275328;S
20241023;100745;107;50;11328275469;B
20241023;100747;106.99;100;11328276028;B
20241023;100747;106.98;444;11328276107;B
20241023;100748;106.97;1;11328276189;S
20241023;100749;106.97;24;11328276359;S
20241023;100749;106.97;1;11328276360;S
20241023;100749;106.97;50;11328276361;S
20241023;100749;106.96;1000;11328276491;S
20241023;100749;106.96;24;11328276492;S
20241023;100749;106.95;500;11328276493;S
20241023;100749;106.94;310;11328276494;S
20241023;100749;106.94;400;11328276495;S
20241023;100749;106.94;2523;11328276496;S
20241023;100749;106.93;243;11328276497;S
20241023;100750;106.93;1000;11328276507;S
20241023;100750;106.93;1524;11328276580;S
20241023;100750;106.93;162;11328276581;S
20241023;100750;106.92;3314;11328276582;S
20241023;100750;106.93;500;11328276657;S
20241023;100751;106.96;1;11328276791;B
20241023;100751;106.96;24;11328276846;B
20241023;100751;106.96;20;11328276847;B
20241023;100751;106.97;7;11328276848;B
20241023;100752;106.93;2024;11328276873;S
20241023;100752;106.93;140;11328276874;S
20241023;100752;106.92;2377;11328276875;S
20241023;100752;106.92;459;11328276876;S
20241023;100752;106.98;1;11328276986;B
20241023;100754;106.98;55;11328277243;B
20241023;100754;106.98;136;11328277244;B
20241023;100754;106.98;15;11328277245;B
20241023;100754;106.99;1114;11328277246;B
20241023;100754;106.99;1857;11328277247;B
20241023;100754;107;310;11328277248;B
20241023;100754;107;2093;11328277249;B
20241023;100754;106.94;50;11328277317;S
20241023;100754;106.93;950;11328277318;S
20241023;100757;106.94;50;11328277964;S
20241023;100758;106.99;50;11328278049;B
20241023;100759;106.95;60;11328278222;S
20241023;100759;106.94;380;11328278223;S
20241023;100759;106.93;460;11328278224;S
20241023;100800;106.99;1000;11328278457;B
20241023;100802;106.99;1300;11328278940;B
20241023;100806;106.97;1000;11328279875;S
20241023;100806;106.96;50;11328279876;S
20241023;100806;106.95;150;11328279877;S
20241023;100806;106.94;50;11328279878;S
20241023;100806;106.94;400;11328279882;B
20241023;100807;106.94;1000;11328280037;B
20241023;100807;106.94;10;11328280169;B
20241023;100809;106.93;5;11328280462;S
20241023;100811;106.93;6;11328280762;S
20241023;100811;106.93;3;11328280763;S
20241023;100811;106.93;300;11328280764;S
20241023;100811;106.93;46;11328280834;B
20241023;100813;106.92;10;11328281281;S
20241023;100814;106.92;260;11328281455;S
20241023;100817;106.92;10;11328281749;S
20241023;100818;106.92;2;11328282073;S
20241023;100818;106.92;25;11328282074;S
20241023;100818;106.92;1;11328282075;S
20241023;100818;106.92;50;11328282076;S
20241023;100818;106.92;4;11328282077;S
20241023;100818;106.92;134;11328282078;S
20241023;100818;106.92;177;11328282079;S
20241023;100818;106.92;100;11328282080;S
20241023;100818;106.92;1000;11328282081;S
20241023;100819;106.92;1;11328282096;B
20241023;100819;106.91;1;11328282106;S
20241023;100820;106.91;101;11328282432;S
20241023;100820;106.91;49;11328282655;S
20241023;100820;106.92;993;11328282762;B
20241023;100821;106.92;7;11328282826;S
20241023;100824;106.92;4;11328283468;S
20241023;100825;106.93;15;11328283716;B
20241023;100826;106.92;16;11328283821;S
20241023;100826;106.91;45;11328283822;S
20241023;100827;106.93;50;11328284013;B
20241023;100828;106.92;25;11328284223;B
20241023;100828;106.92;356;11328284224;B
20241023;100828;106.92;25;11328284225;B
20241023;100828;106.93;1049;11328284226;B
20241023;100828;106.93;25;11328284227;B
20241023;100828;106.93;3300;11328284228;B
20241023;100828;106.93;25;11328284229;B
20241023;100828;106.93;222;11328284230;B
20241023;100829;106.93;29;11328284331;B
20241023;100829;106.93;11;11328284332;B
20241023;100830;106.91;10;11328284580;S
20241023;100831;106.91;1;11328284676;S
20241023;100832;106.92;100;11328284738;B
20241023;100832;106.92;18;11328284770;B
20241023;100832;106.93;189;11328284771;B
20241023;100832;106.93;1114;11328284772;B
20241023;100832;106.93;1;11328284773;B
20241023;100832;106.93;1191;11328284774;B
20241023;100834;106.92;10;11328285100;B
20241023;100834;106.92;328;11328285101;B
20241023;100834;106.93;919;11328285102;B
20241023;100834;106.91;10;11328285185;S
20241023;100834;106.91;10;11328285203;S
20241023;100835;106.92;1000;11328285247;B
20241023;100835;106.91;335;11328285259;S
20241023;100835;106.91;1;11328285260;S
20241023;100835;106.91;1;11328285261;S
20241023;100835;106.91;1;11328285262;S
20241023;100835;106.91;1;11328285263;S
20241023;100835;106.91;1;11328285264;S
20241023;100835;106.91;1;11328285265;S
20241023;100835;106.91;1;11328285266;S
20241023;100835;106.91;1;11328285267;S
20241023;100835;106.91;1;11328285268;S
20241023;100835;106.91;1;11328285269;S
20241023;100835;106.91;1;11328285270;S
20241023;100835;106.91;1;11328285271;S
20241023;100835;106.91;1;11328285272;S
20241023;100835;106.91;1;11328285273;S
20241023;100835;106.91;1;11328285274;S
20241023;100835;106.91;1;11328285275;S
20241023;100835;106.91;1;11328285276;S
20241023;100835;106.91;1;11328285277;S
20241023;100835;106.91;1;11328285278;S
20241023;100835;106.91;1;11328285279;S
20241023;100835;106.91;500;11328285280;S
20241023;100835;106.91;50;11328285281;S
20241023;100835;106.91;1;11328285282;S
20241023;100835;106.91;50;11328285354;B
20241023;100836;106.91;628;11328285432;B
20241023;100836;106.91;27;11328285440;B
20241023;100836;106.91;2679;11328285456;B
20241023;100836;106.92;100;11328285524;B
20241023;100837;106.93;1;11328285559;B
20241023;100837;106.93;314;11328285665;B
20241023;100839;106.92;10;11328285805;S
20241023;100839;106.92;50;11328285825;S
20241023;100839;106.93;157;11328285917;B
20241023;100840;106.92;50;11328285935;S
20241023;100840;106.92;6;11328286049;S
20241023;100840;106.91;44;11328286050;S
20241023;100841;106.91;50;11328286306;S
20241023;100842;106.92;1;11328286353;B
20241023;100842;106.92;79;11328286358;B
20241023;100842;106.91;50;11328286509;S
20241023;100843;106.91;50;11328286685;S
20241023;100844;106.91;50;11328286836;S
20241023;100844;106.91;10;11328286950;S
20241023;100845;106.92;56;11328287002;B
20241023;100845;106.91;50;11328287042;S
20241023;100845;106.91;1;11328287046;S
20241023;100846;106.91;50;11328287113;S
20241023;100846;106.91;50;11328287312;S
20241023;100847;106.92;1;11328287356;B
20241023;100847;106.91;50;11328287441;S
20241023;100847;106.91;50;11328287571;S
20241023;100848;106.91;931;11328287644;S
20241023;100848;106.91;50;11328287794;S
20241023;100849;106.91;10;11328287827;S
20241023;100849;106.92;10;11328287862;B
20241023;100849;106.91;50;11328287885;S
20241023;100850;106.91;50;11328287988;S
20241023;100850;106.92;1;11328287997;B
20241023;100850;106.92;1;11328288025;B
20241023;100851;106.92;19;11328288103;B
20241023;100852;106.92;5;11328288350;B
20241023;100853;106.91;10;11328288417;S
20241023;100853;106.92;39;11328288551;B
20241023;100853;106.91;1750;11328288554;S
20241023;100855;106.92;50;11328288748;B
20241023;100856;106.92;20;11328288884;B
20241023;100856;106.91;1000;11328288947;S
20241023;100857;106.91;140;11328289171;S
20241023;100858;106.91;150;11328289222;S
20241023;100858;106.91;10;11328289331;S
20241023;100858;106.91;150;11328289350;S
20241023;100858;106.91;2515;11328289352;S
20241023;100858;106.91;50;11328289353;S
20241023;100858;106.91;30;11328289354;S
20241023;100858;106.91;5;11328289355;S
20241023;100858;106.91;1;11328289356;S
20241023;100858;106.91;1;11328289357;S
20241023;100858;106.91;3;11328289358;S
20241023;100858;106.91;1;11328289359;S
20241023;100858;106.91;1;11328289360;S
20241023;100858;106.91;30;11328289361;S
20241023;100858;106.91;1000;11328289362;S
20241023;100858;106.91;100;11328289363;S
20241023;100858;106.91;30;11328289364;S
20241023;100858;106.9;4000;11328289365;S
20241023;100858;106.9;1000;11328289366;S
20241023;100858;106.9;500;11328289367;S
20241023;100858;106.9;1;11328289368;S
20241023;100858;106.9;10;11328289369;S
20241023;100858;106.9;1;11328289370;S
20241023;100858;106.9;5;11328289371;S
20241023;100858;106.9;5;11328289372;S
20241023;100858;106.9;1000;11328289373;S
20241023;100858;106.9;11;11328289374;S
20241023;100858;106.9;1;11328289375;S
20241023;100858;106.9;1;11328289376;S
20241023;100858;106.9;1;11328289377;S
20241023;100858;106.9;658;11328289378;S
20241023;100858;106.9;1;11328289379;S
20241023;100858;106.9;100;11328289380;S
20241023;100858;106.89;50;11328289381;S
20241023;100858;106.89;400;11328289382;S
20241023;100858;106.89;1000;11328289383;S
20241023;100858;106.89;600;11328289384;S
20241023;100858;106.89;500;11328289385;S
20241023;100858;106.89;4000;11328289386;S
20241023;100858;106.88;1411;11328289387;S
20241023;100858;106.88;1000;11328289388;S
20241023;100858;106.88;1;11328289389;S
20241023;100858;106.88;5;11328289390;S
20241023;100858;106.88;400;11328289391;S
20241023;100858;106.88;100;11328289392;S
20241023;100858;106.88;10;11328289393;S
20241023;100858;106.88;2;11328289394;S
20241023;100858;106.88;776;11328289395;S
20241023;100858;106.88;136;11328289396;S
20241023;100858;106.87;10;11328289397;S
20241023;100858;106.87;100;11328289398;S
20241023;100858;106.87;50;11328289399;S
20241023;100858;106.87;10000;11328289400;S
20241023;100858;106.87;400;11328289401;S
20241023;100858;106.86;1;11328289402;S
20241023;100858;106.86;400;11328289403;S
20241023;100858;106.86;100;11328289404;S
20241023;100858;106.85;4;11328289405;S
20241023;100858;106.85;200;11328289406;S
20241023;100858;106.85;1;11328289407;S
20241023;100858;106.85;300;11328289408;S
20241023;100858;106.85;1;11328289409;S
20241023;100858;106.85;1000;11328289410;S
20241023;100858;106.85;1;11328289411;S
20241023;100858;106.85;1000;11328289412;S
20241023;100858;106.85;400;11328289413;S
20241023;100858;106.84;1;11328289414;S
20241023;100858;106.84;500;11328289415;S
20241023;100858;106.84;261;11328289416;S
20241023;100858;106.84;400;11328289417;S
20241023;100858;106.84;250;11328289418;S
20241023;100858;106.84;100;11328289419;S
20241023;100858;106.84;3000;11328289420;S
20241023;100858;106.83;1000;11328289421;S
20241023;100858;106.83;2;11328289422;S
20241023;100858;106.83;2;11328289423;S
20241023;100858;106.83;2000;11328289424;S
20241023;100858;106.83;400;11328289425;S
20241023;100858;106.83;6663;11328289426;S
20241023;100859;106.86;1;11328289455;B
20241023;100859;106.86;2;11328289506;B
20241023;100859;106.86;1;11328289507;B
20241023;100859;106.86;500;11328289516;B
20241023;100859;106.86;1;11328289520;B
20241023;100859;106.87;1;11328289561;B
20241023;100859;106.88;1;11328289574;B
20241023;100859;106.88;1;11328289598;B
20241023;100859;106.88;1;11328289621;B
20241023;100900;106.86;3;11328289657;B
20241023;100900;106.85;310;11328289678;S
20241023;100900;106.85;50;11328289679;S
20241023;100900;106.84;50;11328289680;S
20241023;100900;106.83;590;11328289681;S
20241023;100900;106.85;1;11328289700;B
20241023;100900;106.85;10;11328289737;B
20241023;100900;106.85;1;11328289805;B
20241023;100900;106.85;1;11328289813;B
20241023;100900;106.85;1;11328289816;B
20241023;100900;106.85;1;11328289819;B
20241023;100900;106.85;1;11328289839;B
20241023;100901;106.85;1;11328289864;B
20241023;100901;106.85;1;11328290083;B
20241023;100902;106.85;1;11328290235;B
20241023;100902;106.85;1;11328290236;B
20241023;100902;106.85;1;11328290237;B
20241023;100902;106.85;1;11328290239;B
20241023;100902;106.85;1;11328290248;B
20241023;100902;106.85;1;11328290249;B
20241023;100902;106.84;58;11328290284;S
20241023;100902;106.84;942;11328290285;S
20241023;100902;106.85;1;11328290314;B
20241023;100902;106.84;58;11328290397;S
20241023;100902;106.83;52;11328290398;S
20241023;100903;106.84;1;11328290517;B
20241023;100903;106.83;2695;11328290563;S
20241023;100903;106.83;136;11328290564;S
20241023;100903;106.83;2000;11328290565;S
20241023;100903;106.82;1;11328290566;S
20241023;100903;106.82;1;11328290567;S
20241023;100903;106.82;97;11328290568;S
20241023;100903;106.82;70;11328290569;S
20241023;100904;106.81;1;11328290649;S
20241023;100904;106.81;9;11328290650;S
20241023;100904;106.84;10;11328290663;S
20241023;100904;106.81;990;11328290664;S
20241023;100904;106.85;1089;11328290670;B
20241023;100904;106.85;26;11328290671;B
20241023;100904;106.85;457;11328290672;B
20241023;100904;106.85;1857;11328290673;B
20241023;100904;106.86;1571;11328290674;B
20241023;100904;106.85;100;11328290675;B
20241023;100904;106.81;1000;11328290754;S
20241023;100905;106.85;1;11328290826;B
20241023;100905;106.84;74;11328290893;S
20241023;100906;106.84;100;11328291346;S
20241023;100907;106.85;1;11328291480;B
20241023;100907;106.84;10;11328291680;S
20241023;100908;106.84;316;11328291862;S
20241023;100909;106.84;1;11328292017;B
20241023;100909;106.84;50;11328292026;B
20241023;100909;106.82;25;11328292059;S
20241023;100909;106.82;175;11328292060;S
20241023;100910;106.81;1000;11328292322;S
20241023;100910;106.81;10;11328292354;S
20241023;100911;106.83;300;11328292516;B
20241023;100911;106.82;5;11328292582;S
20241023;100911;106.81;1991;11328292583;S
20241023;100911;106.81;100;11328292584;S
20241023;100911;106.81;10;11328292585;S
20241023;100911;106.81;1;11328292586;S
20241023;100911;106.81;200;11328292587;S
20241023;100911;106.81;500;11328292588;S
20241023;100911;106.81;3;11328292589;S
20241023;100911;106.81;36;11328292590;S
20241023;100911;106.81;136;11328292591;S
20241023;100911;106.81;1000;11328292592;S
20241023;100911;106.8;2;11328292593;S
20241023;100911;106.8;1;11328292594;S
20241023;100911;106.8;1;11328292595;S
20241023;100911;106.8;2000;11328292596;S
20241023;100911;106.8;2;11328292597;S
20241023;100911;106.8;50;11328292598;S
20241023;100911;106.8;1000;11328292599;S
20241023;100911;106.8;5;11328292600;S
20241023;100911;106.8;20;11328292601;S
20241023;100911;106.8;1;11328292602;S
20241023;100911;106.8;400;11328292603;S
20241023;100911;106.8;500;11328292604;S
20241023;100911;106.8;36;11328292605;S
20241023;100911;106.79;1;11328292608;S
20241023;100911;106.79;99;11328292609;S
20241023;100912;106.81;150;11328292661;S
20241023;100912;106.79;50;11328292662;S
20241023;100912;106.82;1;11328292712;B
20241023;100912;106.83;1;11328292715;B
20241023;100912;106.79;555;11328292739;S
20241023;100912;106.8;500;11328292741;S
20241023;100912;106.83;5;11328292968;B
20241023;100912;106.8;200;11328292992;S
20241023;100912;106.8;500;11328292993;S
20241023;100913;106.83;1;11328293164;B
20241023;100913;106.8;200;11328293176;S
20241023;100913;106.83;100;11328293273;B
20241023;100913;106.8;40;11328293556;S
20241023;100913;106.8;560;11328293594;S
20241023;100913;106.8;1;11328293595;S
20241023;100913;106.8;100;11328293596;S
20241023;100913;106.8;1;11328293597;S
20241023;100913;106.8;300;11328293598;S
20241023;100913;106.8;38;11328293599;S
20241023;100913;106.82;1;11328293607;B
20241023;100914;106.82;1;11328293937;B
20241023;100914;106.82;48;11328293955;B
20241023;100914;106.82;295;11328293956;B
20241023;100914;106.83;1;11328294322;B
20241023;100915;106.81;10;11328294421;S
20241023;100915;106.82;10;11328294510;S
20241023;100916;106.82;4;11328294824;S
20241023;100916;106.83;1;11328295031;S
20241023;100917;106.84;1;11328295045;B
20241023;100917;106.84;132;11328295192;B
20241023;100917;106.84;368;11328295193;B
20241023;100917;106.83;10;11328295212;S
20241023;100917;106.82;386;11328295213;S
20241023;100917;106.82;1;11328295214;S
20241023;100917;106.81;50;11328295215;S
20241023;100917;106.8;3;11328295216;S
20241023;100917;106.79;550;11328295217;S
20241023;100918;106.8;615;11328295257;B
20241023;100918;106.79;1465;11328295344;S
20241023;100918;106.8;2;11328295360;B
20241023;100919;106.79;7281;11328295390;S
20241023;100919;106.79;15;11328295391;S
20241023;100919;106.79;136;11328295392;S
20241023;100919;106.79;50;11328295393;S
20241023;100919;106.79;18;11328295394;S
20241023;100919;106.8;1;11328295405;B
20241023;100919;106.8;382;11328295449;B
20241023;100919;106.83;443;11328295450;B
20241023;100919;106.83;136;11328295451;B
20241023;100919;106.84;39;11328295452;B
20241023;100919;106.79;10;11328295563;S
20241023;100920;106.79;10;11328295593;S
20241023;100920;106.84;93;11328295663;B
20241023;100920;106.84;907;11328295664;B
20241023;100921;106.81;2;11328295741;S
20241023;100921;106.82;10;11328295762;B
20241023;100921;106.82;1;11328295878;B
20241023;100921;106.81;5;11328295920;S
20241023;100921;106.79;7;11328295921;S
20241023;100922;106.79;7;11328295946;S
20241023;100922;106.82;50;11328296034;B
20241023;100923;106.82;39;11328296139;B
20241023;100923;106.84;1114;11328296140;B
20241023;100923;106.84;140;11328296141;B
20241023;100923;106.85;17;11328296142;B
20241023;100923;106.85;500;11328296143;B
20241023;100923;106.85;190;11328296144;B
20241023;100923;106.85;700;11328296145;B
20241023;100923;106.8;10;11328296283;S
20241023;100924;106.85;1;11328296461;B
20241023;100924;106.8;15;11328296566;S
20241023;100924;106.79;948;11328296567;S
20241023;100924;106.78;400;11328296568;S
20241023;100924;106.78;120;11328296569;S
20241023;100924;106.78;136;11328296570;S
20241023;100924;106.77;1;11328296571;S
20241023;100924;106.77;5;11328296572;S
20241023;100924;106.77;45;11328296573;S
20241023;100924;106.77;330;11328296574;S
20241023;100924;106.79;20;11328296603;S
20241023;100924;106.82;47;11328296740;S
20241023;100925;106.85;95;11328296864;B
20241023;100926;106.85;200;11328297080;B
20241023;100926;106.82;1;11328297088;S
20241023;100926;106.86;1;11328297101;B
20241023;100927;106.82;2;11328297264;S
20241023;100927;106.81;8;11328297265;S
20241023;100928;106.85;1;11328297542;B
20241023;100929;106.81;2;11328297741;S
20241023;100929;106.81;50;11328297742;S
20241023;100929;106.81;5;11328297743;S
20241023;100929;106.8;179;11328297744;S
20241023;100929;106.8;1000;11328297745;S
20241023;100929;106.8;140;11328297746;S
20241023;100929;106.8;200;11328297747;S
20241023;100929;106.8;2527;11328297748;S
20241023;100929;106.79;50;11328297749;S
20241023;100929;106.79;136;11328297750;S
20241023;100929;106.79;179;11328297751;S
20241023;100929;106.79;25;11328297752;S
20241023;100929;106.78;2;11328297753;S
20241023;100929;106.78;5;11328297754;S
20241023;100929;106.78;10;11328297755;S
20241023;100929;106.77;50;11328297756;S
20241023;100929;106.77;3;11328297757;S
20241023;100929;106.77;100;11328297758;S
20241023;100929;106.77;3000;11328297759;S
20241023;100929;106.76;2000;11328297760;S
20241023;100929;106.76;1000;11328297761;S
20241023;100929;106.76;10;11328297762;S
20241023;100929;106.76;1;11328297763;S
20241023;100929;106.76;100;11328297764;S
20241023;100929;106.75;1;11328297765;S
20241023;100929;106.75;6;11328297766;S
20241023;100929;106.75;500;11328297767;S
20241023;100929;106.75;3000;11328297768;S
20241023;100929;106.75;500;11328297769;S
20241023;100929;106.75;50;11328297770;S
20241023;100929;106.75;10;11328297771;S
20241023;100929;106.74;1;11328297772;S
20241023;100929;106.74;4;11328297773;S
20241023;100929;106.74;1;11328297774;S
20241023;100929;106.74;1;11328297775;S
20241023;100929;106.74;10;11328297776;S
20241023;100929;106.74;400;11328297777;S
20241023;100929;106.74;100;11328297778;S
20241023;100929;106.74;156;11328297779;S
20241023;100929;106.74;3000;11328297780;S
20241023;100929;106.73;816;11328297781;S
20241023;100929;106.73;3000;11328297782;S
20241023;100929;106.73;400;11328297783;S
20241023;100929;106.73;1;11328297784;S
20241023;100929;106.72;1;11328297785;S
20241023;100929;106.72;10;11328297786;S
20241023;100929;106.72;4;11328297787;S
20241023;100929;106.72;400;11328297788;S
20241023;100929;106.72;100;11328297789;S
20241023;100929;106.72;500;11328297790;S
20241023;100929;106.72;1000;11328297791;S
20241023;100929;106.71;100;11328297792;S
20241023;100929;106.71;1;11328297793;S
20241023;100929;106.71;1;11328297794;S
20241023;100929;106.71;3;11328297795;S
20241023;100929;106.71;400;11328297796;S
20241023;100929;106.71;173;11328297797;S
20241023;100929;106.7;1;11328297798;S
20241023;100929;106.7;1;11328297799;S
20241023;100929;106.7;3;11328297800;S
20241023;100929;106.7;25;11328297801;S
20241023;100929;106.7;20;11328297802;S
20241023;100929;106.7;1;11328297803;S
20241023;100929;106.7;500;11328297804;S
20241023;100929;106.7;1;11328297805;S
20241023;100929;106.7;3000;11328297806;S
20241023;100929;106.7;7700;11328297807;S
20241023;100929;106.7;10;11328297808;S
20241023;100929;106.7;400;11328297809;S
20241023;100929;106.7;1;11328297810;S
20241023;100929;106.69;75;11328297811;S
20241023;100929;106.69;36;11328297812;S
20241023;100929;106.69;400;11328297813;S
20241023;100929;106.68;1;11328297814;S
20241023;100929;106.68;8606;11328297815;S
20241023;100929;106.68;29;11328297816;S
20241023;100929;106.68;400;11328297817;S
20241023;100929;106.67;3000;11328297818;S
20241023;100929;106.67;1;11328297819;S
20241023;100929;106.67;1;11328297820;S
20241023;100929;106.67;1;11328297821;S
20241023;100929;106.67;1;11328297822;S
20241023;100929;106.67;1;11328297823;S
20241023;100929;106.67;1;11328297824;S
20241023;100929;106.67;400;11328297825;S
20241023;100929;106.67;1;11328297826;S
20241023;100929;106.67;1;11328297827;S
20241023;100929;106.67;1;11328297828;S
20241023;100929;106.67;1;11328297829;S
20241023;100929;106.67;1;11328297830;S
20241023;100929;106.67;1;11328297831;S
20241023;100929;106.67;1;11328297832;S
20241023;100929;106.66;200;11328297833;S
20241023;100929;106.66;100;11328297834;S
20241023;100929;106.66;22;11328297835;S
20241023;100929;106.66;286;11328297836;S
20241023;100929;106.66;400;11328297837;S
20241023;100929;106.66;1500;11328297838;S
20241023;100929;106.65;200;11328297839;S
20241023;100929;106.65;300;11328297840;S
20241023;100929;106.65;100;11328297841;S
20241023;100929;106.65;3;11328297842;S
20241023;100929;106.65;10;11328297843;S
20241023;100929;106.65;400;11328297844;S
20241023;100929;106.64;1;11328297845;S
20241023;100929;106.64;10;11328297846;S
20241023;100929;106.64;50;11328297847;S
20241023;100929;106.64;50;11328297848;S
20241023;100929;106.64;1;11328297849;S
20241023;100929;106.63;1;11328297850;S
20241023;100929;106.63;1;11328297851;S
20241023;100929;106.63;400;11328297852;S
20241023;100929;106.63;10;11328297853;S
20241023;100929;106.63;668;11328297854;S
20241023;100929;106.74;200;11328297863;B
20241023;100929;106.71;94;11328297869;S
20241023;100929;106.71;1280;11328297871;S
20241023;100929;106.71;100;11328297872;S
20241023;100930;106.74;11;11328297884;B
20241023;100930;106.7;700;11328297891;S
20241023;100930;106.7;750;11328297902;S
20241023;100930;106.7;1079;11328297939;S
20241023;100930;106.7;2;11328297940;S
20241023;100930;106.73;30;11328297942;B
20241023;100930;106.72;65;11328297947;B
20241023;100930;106.72;1;11328297949;B
20241023;100930;106.7;94;11328297952;S
20241023;100930;106.7;906;11328297953;S
20241023;100930;106.7;1;11328297954;S
20241023;100930;106.7;1622;11328297955;S
20241023;100930;106.69;281;11328297956;S
20241023;100930;106.67;1;11328297957;S
20241023;100930;106.67;1;11328297958;S
20241023;100930;106.65;136;11328297959;S
20241023;100930;106.64;59;11328297960;S
20241023;100930;106.64;22;11328297961;S
20241023;100930;106.63;356;11328297962;S
20241023;100930;106.65;94;11328297980;S
20241023;100930;106.64;606;11328297981;S
20241023;100930;106.69;10;11328298034;B
20241023;100930;106.67;1;11328298052;S
20241023;100930;106.66;1;11328298053;S
20241023;100930;106.66;48;11328298054;S
20241023;100930;106.69;100;11328298055;B
20241023;100930;106.69;558;11328298095;B
20241023;100930;106.71;142;11328298096;B
20241023;100930;106.71;258;11328298098;B
20241023;100930;106.71;42;11328298099;B
20241023;100931;106.72;1;11328298104;B
20241023;100931;106.67;1;11328298133;S
20241023;100931;106.67;1;11328298134;S
20241023;100931;106.67;8;11328298135;S
20241023;100931;106.7;1;11328298136;B
20241023;100931;106.67;12;11328298139;S
20241023;100931;106.67;1;11328298140;S
20241023;100931;106.67;1;11328298141;S
20241023;100931;106.66;36;11328298142;S
20241023;100931;106.66;5;11328298143;S
20241023;100931;106.65;945;11328298144;S
20241023;100931;106.7;1;11328298205;B
20241023;100931;106.71;1114;11328298206;B
20241023;100931;106.72;333;11328298207;B
20241023;100931;106.72;1857;11328298208;B
20241023;100931;106.72;136;11328298209;B
20241023;100931;106.72;356;11328298210;B
20241023;100931;106.73;400;11328298211;B
20241023;100931;106.73;700;11328298212;B
20241023;100931;106.74;389;11328298213;B
20241023;100931;106.75;400;11328298214;B
20241023;100931;106.75;261;11328298215;B
20241023;100931;106.76;53;11328298216;B
20241023;100931;106.67;94;11328298222;S
20241023;100931;106.67;281;11328298223;S
20241023;100931;106.66;625;11328298224;S
20241023;100932;106.68;10;11328298342;S
20241023;100932;106.69;10;11328298499;S
20241023;100932;106.68;30;11328298500;S
20241023;100932;106.67;136;11328298501;S
20241023;100932;106.66;824;11328298502;S
20241023;100933;106.7;100;11328298638;S
20241023;100933;106.68;2000;11328298679;S
20241023;100933;106.68;1;11328298680;S
20241023;100933;106.67;50;11328298681;S
20241023;100933;106.67;10;11328298682;S
20241023;100933;106.67;2400;11328298683;S
20241023;100933;106.67;2400;11328298684;S
20241023;100933;106.66;136;11328298685;S
20241023;100933;106.65;3003;11328298686;S
20241023;100933;106.73;1;11328298704;B
20241023;100933;106.73;135;11328298711;B
20241023;100933;106.74;400;11328298712;B
20241023;100933;106.74;50;11328298713;B
20241023;100933;106.75;400;11328298714;B
20241023;100933;106.76;347;11328298715;B
20241023;100933;106.77;400;11328298716;B
20241023;100933;106.77;1449;11328298717;B
20241023;100933;106.77;2602;11328298718;B
20241023;100933;106.78;400;11328298719;B
20241023;100933;106.78;2530;11328298720;B
20241023;100933;106.79;400;11328298721;B
20241023;100933;106.79;286;11328298722;B
20241023;100933;106.79;1;11328298723;B
20241023;100933;106.8;400;11328298724;B
20241023;100933;106.8;200;11328298725;B
20241023;100934;106.78;136;11328298758;B
20241023;100934;106.78;20;11328298759;B
20241023;100934;106.79;400;11328298760;B
20241023;100934;106.8;400;11328298761;B
20241023;100934;106.81;400;11328298762;B
20241023;100934;106.81;250;11328298763;B
20241023;100934;106.82;394;11328298764;B
20241023;100934;106.8;100;11328298996;B
20241023;100934;106.73;3;11328299010;S
20241023;100934;106.73;7;11328299011;S
20241023;100936;106.78;2;11328299367;S
20241023;100936;106.78;1;11328299441;S
20241023;100937;106.8;1;11328299561;B
20241023;100937;106.8;89;11328299562;B
20241023;100938;106.8;10;11328299906;B
20241023;100938;106.8;400;11328299958;B
20241023;100938;106.8;100;11328299959;B
20241023;100939;106.78;10;11328299987;S
20241023;100939;106.78;272;11328299988;S
20241023;100939;106.78;215;11328300020;S
20241023;100940;106.78;50;11328300176;B
20241023;100940;106.78;90;11328300177;B
20241023;100940;106.79;1;11328300186;B
20241023;100942;106.79;50;11328300585;B
20241023;100942;106.77;1;11328300724;S
20241023;100942;106.76;50;11328300725;S
20241023;100942;106.76;3;11328300726;S
20241023;100942;106.74;25;11328300727;S
20241023;100942;106.74;1;11328300728;S
20241023;100942;106.72;200;11328300729;S
20241023;100942;106.71;10;11328300730;S
20241023;100942;106.71;1;11328300731;S
20241023;100942;106.71;709;11328300732;S
20241023;100943;106.72;10;11328300794;S
20241023;100944;106.72;6;11328301231;S
20241023;100944;106.74;136;11328301302;B
20241023;100944;106.75;289;11328301303;B
20241023;100944;106.76;26;11328301304;B
20241023;100945;106.76;1;11328301399;B
20241023;100946;106.72;9;11328301960;S
20241023;100946;106.7;5;11328301969;S
20241023;100946;106.7;2;11328301970;S
20241023;100946;106.7;100;11328301971;S
20241023;100946;106.7;600;11328301972;S
20241023;100946;106.7;9;11328301973;S
20241023;100946;106.68;284;11328301974;S
20241023;100947;106.71;136;11328302056;B
20241023;100947;106.71;64;11328302057;B
20241023;100947;106.71;136;11328302130;B
20241023;100947;106.72;194;11328302131;B
20241023;100947;106.73;21;11328302132;B
20241023;100948;106.69;30;11328302196;S
20241023;100948;106.68;216;11328302197;S
20241023;100948;106.68;229;11328302198;S
20241023;100948;106.68;1;11328302199;S
20241023;100948;106.66;200;11328302200;S
20241023;100948;106.66;500;11328302201;S
20241023;100948;106.66;5;11328302202;S
20241023;100948;106.66;1893;11328302203;S
20241023;100948;106.65;1052;11328302204;S
20241023;100948;106.65;1000;11328302205;S
20241023;100948;106.65;23;11328302206;S
20241023;100948;106.64;100;11328302207;S
20241023;100948;106.64;500;11328302208;S
20241023;100948;106.63;200;11328302209;S
20241023;100948;106.63;400;11328302210;S
20241023;100948;106.63;200;11328302211;S
20241023;100948;106.63;136;11328302212;S
20241023;100948;106.63;250;11328302213;S
20241023;100948;106.62;1;11328302214;S
20241023;100948;106.62;1;11328302215;S
20241023;100948;106.62;400;11328302216;S
20241023;100948;106.62;800;11328302217;S
20241023;100948;106.62;5;11328302218;S
20241023;100948;106.62;1;11328302219;S
20241023;100948;106.62;66;11328302220;S
20241023;100948;106.62;40;11328302221;S
20241023;100948;106.61;100;11328302222;S
20241023;100948;106.61;1;11328302223;S
20241023;100948;106.61;10;11328302224;S
20241023;100948;106.61;500;11328302225;S
20241023;100948;106.61;736;11328302226;S
20241023;100948;106.72;1114;11328302229;B
20241023;100948;106.72;136;11328302230;B
20241023;100948;106.73;89;11328302231;B
20241023;100948;106.73;2529;11328302232;B
20241023;100948;106.73;1132;11328302233;B
20241023;100948;106.65;10;11328302270;S
20241023;100949;106.69;136;11328302660;B
20241023;100949;106.69;164;11328302661;B
20241023;100950;106.68;1;11328302789;B
20241023;100950;106.68;1;11328302897;B
20241023;100950;106.68;10;11328302914;B
20241023;100952;106.65;50;11328303256;S
20241023;100952;106.64;500;11328303257;S
