<DATE>;<TIME>;<LAST>;<VOL>;<ID>;<OPER>
20241024;095932;103.5;7;11333317550;S
20241024;095932;103.5;2;11333317551;B
20241024;095932;103.5;5;11333317552;B
20241024;095932;103.5;1;11333317553;B
20241024;095932;103.5;100;11333317554;B
20241024;095932;103.5;1;11333317555;S
20241024;095932;103.5;1;11333317556;B
20241024;095932;103.5;1;11333317557;S
20241024;095932;103.5;1;11333317558;S
20241024;095932;103.5;1;11333317559;S
20241024;095932;103.5;1;11333317560;S
20241024;095932;103.5;1;11333317561;S
20241024;095932;103.5;1;11333317562;S
20241024;095932;103.5;1;11333317563;S
20241024;095932;103.5;1;11333317564;S
20241024;095932;103.5;1;11333317565;S
20241024;095932;103.5;1;11333317566;S
20241024;095932;103.5;1;11333317567;S
20241024;095932;103.5;1;11333317568;S
20241024;095932;103.5;1;11333317569;S
20241024;095932;103.5;1;11333317570;S
20241024;095932;103.5;1;11333317571;S
20241024;095932;103.5;2;11333317572;B
20241024;095932;103.5;9866;11333317573;B
20241024;095932;103.5;134;11333317574;B
20241024;095932;103.5;450;11333317575;S
20241024;095932;103.5;10;11333317576;S
20241024;095932;103.5;1;11333317577;S
20241024;095932;103.5;4;11333317578;S
20241024;095932;103.5;401;11333317579;B
20241024;095932;103.5;367;11333317580;B
20241024;095932;103.5;20;11333317581;B
20241024;095932;103.5;1;11333317582;S
20241024;095932;103.5;1;11333317583;S
20241024;095932;103.5;1;11333317584;S
20241024;095932;103.5;5;11333317585;S
20241024;095932;103.5;10;11333317586;S
20241024;095932;103.5;1;11333317587;S
20241024;095932;103.5;1;11333317588;S
20241024;095932;103.5;1;11333317589;S
20241024;095932;103.5;1;11333317590;S
20241024;095932;103.5;1;11333317591;S
20241024;095932;103.5;1;11333317592;S
20241024;095932;103.5;1;11333317593;S
20241024;095932;103.5;1;11333317594;S
20241024;095932;103.5;1;11333317595;S
20241024;095932;103.5;1;11333317596;S
20241024;095932;103.5;18;11333317597;S
20241024;095932;103.5;1;11333317598;S
20241024;095932;103.5;1;11333317599;S
20241024;095932;103.5;1;11333317600;S
20241024;095932;103.5;1;11333317601;S
20241024;095932;103.5;1;11333317602;S
20241024;095932;103.5;10;11333317603;S
20241024;095932;103.5;1;11333317604;S
20241024;095932;103.5;10;11333317605;S
20241024;095932;103.5;1;11333317606;S
20241024;095932;103.5;2;11333317607;S
20241024;095932;103.5;1;11333317608;S
20241024;095932;103.5;1;11333317609;S
20241024;095932;103.5;1;11333317610;S
20241024;095932;103.5;1;11333317611;S
20241024;095932;103.5;1;11333317612;S
20241024;095932;103.5;27;11333317613;S
20241024;095932;103.5;1;11333317614;S
20241024;095932;103.5;1;11333317615;S
20241024;095932;103.5;1;11333317616;S
20241024;095932;103.5;1;11333317617;S
20241024;095932;103.5;1;11333317618;S
20241024;095932;103.5;1;11333317619;S
20241024;095932;103.5;1;11333317620;S
20241024;095932;103.5;1;11333317621;S
20241024;095932;103.5;4;11333317622;S
20241024;095932;103.5;1;11333317623;S
20241024;095932;103.5;1;11333317624;S
20241024;095932;103.5;2;11333317625;S
20241024;095932;103.5;1;11333317626;S
20241024;095932;103.5;30;11333317627;S
20241024;095932;103.5;10;11333317628;S
20241024;095932;103.5;1;11333317629;S
20241024;095932;103.5;1;11333317630;S
20241024;095932;103.5;1;11333317631;S
20241024;095932;103.5;6;11333317632;S
20241024;095932;103.5;1;11333317633;S
20241024;095932;103.5;1;11333317634;S
20241024;095932;103.5;5;11333317635;S
20241024;095932;103.5;1;11333317636;S
20241024;095932;103.5;4;11333317637;S
20241024;095932;103.5;1;11333317638;S
20241024;095932;103.5;11;11333317639;S
20241024;095932;103.5;2;11333317640;S
20241024;095932;103.5;15;11333317641;S
20241024;095932;103.5;2;11333317642;S
20241024;095932;103.5;3;11333317643;S
20241024;095932;103.5;10;11333317644;S
20241024;095932;103.5;1;11333317645;S
20241024;095932;103.5;100;11333317646;S
20241024;095932;103.5;2;11333317647;B
20241024;095932;103.5;19;11333317648;B
20241024;095932;103.5;2;11333317649;S
20241024;095932;103.5;3;11333317650;S
20241024;095932;103.5;250;11333317651;S
20241024;095932;103.5;1;11333317652;S
20241024;095932;103.5;50;11333317653;B
20241024;095932;103.5;1456;11333317654;S
20241024;095932;103.5;941;11333317655;S
20241024;095932;103.5;1;11333317656;S
20241024;095932;103.5;24;11333317657;S
20241024;095932;103.5;54;11333317658;S
20241024;095932;103.5;3648;11333317659;S
20241024;095932;103.5;1;11333317660;B
20241024;095932;103.5;1;11333317661;S
20241024;095932;103.5;100;11333317662;S
20241024;095932;103.5;10;11333317663;S
20241024;095932;103.5;1;11333317664;S
20241024;095932;103.5;10;11333317665;S
20241024;095932;103.5;1;11333317666;S
20241024;095932;103.5;10;11333317667;S
20241024;095932;103.5;10;11333317668;S
20241024;095932;103.5;408;11333317669;S
20241024;095932;103.5;7;11333317670;S
20241024;095932;103.5;1900;11333317671;S
20241024;095932;103.5;5;11333317672;S
20241024;095932;103.5;5;11333317673;S
20241024;095932;103.5;100;11333317674;S
20241024;095932;103.5;2023;11333317675;S
20241024;095932;103.5;1585;11333317676;S
20241024;095932;103.5;436;11333317677;S
20241024;095932;103.5;1531;11333317678;S
20241024;095932;103.5;5369;11333317679;S
20241024;095932;103.5;222;11333317680;B
20241024;095932;103.5;500;11333317681;S
20241024;095932;103.5;575;11333317682;S
20241024;095932;103.5;2925;11333317683;S
20241024;095932;103.5;50;11333317684;S
20241024;095932;103.5;101;11333317685;S
20241024;095932;103.5;1500;11333317686;S
20241024;095932;103.5;979;11333317687;S
20241024;095932;103.5;21;11333317688;S
20241024;095932;103.5;29;11333317689;S
20241024;095932;103.5;1;11333317690;S
20241024;095932;103.5;1;11333317691;S
20241024;095932;103.5;8;11333317692;S
20241024;095932;103.5;1;11333317693;S
20241024;095932;103.5;1;11333317694;S
20241024;095932;103.5;35;11333317695;S
20241024;095932;103.5;5;11333317696;S
20241024;095932;103.5;1;11333317697;S
20241024;095932;103.5;100;11333317698;S
20241024;095932;103.5;500;11333317699;S
20241024;095932;103.5;1;11333317700;S
20241024;095932;103.5;300;11333317701;S
20241024;095932;103.5;17;11333317702;B
20241024;095932;103.5;300;11333317703;S
20241024;095932;103.5;100;11333317704;B
20241024;095932;103.5;83;11333317705;S
20241024;095932;103.5;316;11333317706;S
20241024;095932;103.5;211;11333317707;B
20241024;095932;103.5;3000;11333317708;B
20241024;095932;103.5;3000;11333317709;B
20241024;095932;103.5;372;11333317710;B
20241024;095932;103.5;9000;11333317711;B
20241024;095932;103.5;2500;11333317712;B
20241024;095932;103.5;1400;11333317713;B
20241024;095932;103.5;10;11333317714;B
20241024;095932;103.5;507;11333317715;B
20241024;095932;103.5;5;11333317716;S
20241024;095932;103.5;1;11333317717;S
20241024;095932;103.5;387;11333317718;S
20241024;100000;103.51;3;11333322971;B
20241024;100000;103.5;3798;11333323076;S
20241024;100000;103.51;4997;11333323077;B
20241024;100000;103.51;400;11333323078;B
20241024;100000;103.51;501;11333323079;B
20241024;100000;103.51;1;11333323080;B
20241024;100000;103.51;4000;11333323081;B
20241024;100000;103.52;1000;11333323082;B
20241024;100000;103.52;3751;11333323083;B
20241024;100000;103.53;3751;11333323084;B
20241024;100000;103.55;457;11333323085;B
20241024;100000;103.58;1000;11333323086;B
20241024;100000;103.58;500;11333323087;B
20241024;100000;103.58;50;11333323088;B
20241024;100000;103.58;500;11333323089;B
20241024;100000;103.58;15;11333323090;B
20241024;100000;103.58;2608;11333323091;B
20241024;100000;103.59;1000;11333323092;B
20241024;100000;103.6;3000;11333323093;B
20241024;100000;103.63;3;11333323094;B
20241024;100000;103.65;10;11333323095;B
20241024;100000;103.65;1000;11333323096;B
20241024;100000;103.66;165;11333323097;B
20241024;100000;103.67;1;11333323098;B
20241024;100000;103.69;1000;11333323099;B
20241024;100000;103.7;1000;11333323100;B
20241024;100000;103.7;50;11333323101;B
20241024;100000;103.7;2000;11333323102;B
20241024;100000;103.7;500;11333323103;B
20241024;100000;103.71;20;11333323104;B
20241024;100000;103.73;500;11333323105;B
20241024;100000;103.75;650;11333323106;B
20241024;100000;103.77;60;11333323107;B
20241024;100000;103.77;5;11333323108;B
20241024;100000;103.78;6300;11333323109;B
20241024;100000;103.8;20;11333323110;B
20241024;100000;103.8;2;11333323111;B
20241024;100000;103.8;300;11333323112;B
20241024;100000;103.8;150;11333323113;B
20241024;100000;103.81;6;11333323114;B
20241024;100000;103.81;1;11333323115;B
20241024;100000;103.81;4;11333323116;B
20241024;100000;103.81;1;11333323117;B
20241024;100000;103.81;100;11333323118;B
20241024;100000;103.81;1;11333323119;B
20241024;100000;103.81;1;11333323120;B
20241024;100000;103.81;1;11333323121;B
20241024;100000;103.81;12;11333323122;B
20241024;100000;103.81;455;11333323123;B
20241024;100000;103.81;5;11333323124;B
20241024;100000;103.81;768;11333323125;B
20241024;100000;103.82;110;11333323126;B
20241024;100000;103.89;130;11333323127;B
20241024;100000;103.89;1000;11333323128;B
20241024;100000;103.9;250;11333323129;B
20241024;100000;103.9;4;11333323130;B
20241024;100000;103.96;1000;11333323131;B
20241024;100000;103.96;4500;11333323136;S
20241024;100000;103.96;19154;11333323137;S
20241024;100000;103.96;2448;11333323138;S
20241024;100000;103.97;999;11333323153;S
20241024;100000;103.97;960;11333323154;S
20241024;100000;103.96;1496;11333323155;S
20241024;100000;103.98;1;11333323162;B
20241024;100000;103.97;489;11333323163;S
20241024;100000;103.96;11;11333323164;S
20241024;100000;103.96;100;11333323170;S
20241024;100000;103.96;90;11333323382;S
20241024;100000;103.96;1000;11333323386;S
20241024;100000;103.99;10;11333323460;B
20241024;100000;103.97;50;11333323490;S
20241024;100001;103.97;20;11333323593;S
20241024;100001;103.96;230;11333323594;S
20241024;100001;103.98;40;11333323635;B
20241024;100001;103.96;5;11333323638;S
20241024;100001;103.96;250;11333323741;S
20241024;100001;103.98;8;11333323743;B
20241024;100001;103.99;92;11333323744;B
20241024;100001;103.96;253;11333323998;S
20241024;100001;103.96;20;11333324040;S
20241024;100001;103.96;50;11333324047;S
20241024;100001;103.96;1;11333324077;S
20241024;100002;103.96;500;11333324141;S
20241024;100002;103.98;1;11333324158;B
20241024;100002;103.98;10;11333324159;B
20241024;100002;103.96;3;11333324192;S
20241024;100002;103.96;100;11333324201;S
20241024;100002;103.96;1500;11333324204;S
20241024;100002;103.96;1500;11333324222;S
20241024;100002;103.96;2000;11333324244;S
20241024;100002;103.96;250;11333324253;S
20241024;100002;103.96;900;11333324279;S
20241024;100002;103.96;100;11333324305;S
20241024;100002;103.97;1065;11333324315;S
20241024;100002;103.97;1500;11333324350;S
20241024;100002;103.96;115;11333324451;S
20241024;100002;103.96;2500;11333324511;S
20241024;100002;103.96;1000;11333324555;S
20241024;100002;103.96;1000;11333324556;S
20241024;100002;103.96;968;11333324560;S
20241024;100002;103.97;30;11333324572;B
20241024;100002;103.96;1000;11333324610;S
20241024;100002;103.96;2000;11333324612;S
20241024;100002;103.96;120;11333324652;S
20241024;100002;103.96;1000;11333324654;S
20241024;100002;103.96;58;11333324660;S
20241024;100003;103.96;12240;11333324860;S
20241024;100003;103.96;2000;11333324974;S
20241024;100003;103.96;24;11333325036;S
20241024;100003;103.96;12;11333325047;S
20241024;100003;103.97;20;11333325095;B
20241024;100003;103.96;2000;11333325128;S
20241024;100003;103.96;200;11333325314;S
20241024;100003;103.97;1;11333325528;B
20241024;100003;103.97;1;11333325531;B
20241024;100003;103.97;1;11333325538;B
20241024;100003;103.97;1;11333325539;B
20241024;100003;103.97;1;11333325541;B
20241024;100003;103.97;1;11333325543;B
20241024;100003;103.97;1;11333325545;B
20241024;100003;103.96;50;11333325550;S
20241024;100003;103.96;1;11333325551;S
20241024;100003;103.97;1;11333325552;B
20241024;100003;103.97;1;11333325555;B
20241024;100003;103.97;1;11333325557;B
20241024;100003;103.96;10;11333325558;S
20241024;100003;103.97;1096;11333325559;B
20241024;100003;103.97;20;11333325560;B
20241024;100003;103.97;384;11333325561;B
20241024;100003;103.97;10;11333325569;B
20241024;100003;103.97;1;11333325572;B
20241024;100003;103.97;8;11333325579;B
20241024;100003;103.97;1;11333325581;B
20241024;100003;103.97;1;11333325584;B
20241024;100003;103.97;7;11333325598;B
20241024;100003;103.97;1;11333325601;B
20241024;100003;103.97;1;11333325613;B
20241024;100003;103.97;1;11333325616;B
20241024;100003;103.97;1;11333325618;B
20241024;100003;103.97;1;11333325621;B
20241024;100003;103.97;1;11333325626;B
20241024;100003;103.97;1;11333325632;B
20241024;100003;103.97;1;11333325639;B
20241024;100003;103.96;200;11333325806;S
20241024;100003;103.96;2000;11333325840;S
20241024;100003;103.96;1;11333325957;S
20241024;100003;103.97;1;11333325958;B
20241024;100003;103.97;1;11333325963;B
20241024;100003;103.97;1;11333325969;B
20241024;100003;103.97;1;11333325971;B
20241024;100003;103.97;1;11333325973;B
20241024;100003;103.97;1;11333325979;B
20241024;100003;103.97;10;11333325981;B
20241024;100003;103.97;2;11333325989;B
20241024;100003;103.97;1;11333325996;B
20241024;100004;103.97;1;11333326106;B
20241024;100004;103.97;1;11333326108;B
20241024;100004;103.97;1;11333326110;B
20241024;100004;103.97;1;11333326111;B
20241024;100004;103.97;1;11333326115;B
20241024;100004;103.96;4;11333326116;S
20241024;100004;103.97;1;11333326117;B
20241024;100004;103.97;1;11333326118;B
20241024;100004;103.96;5000;11333326124;S
20241024;100004;103.96;50;11333326326;S
20241024;100004;103.97;1;11333326582;B
20241024;100004;103.97;1;11333326590;B
20241024;100004;103.97;1;11333326595;B
20241024;100004;103.97;1;11333326601;B
20241024;100004;103.97;1;11333326606;B
20241024;100004;103.96;23;11333326609;S
20241024;100004;103.97;1;11333326661;B
20241024;100004;103.97;1;11333326669;B
20241024;100004;103.97;1;11333326677;B
20241024;100004;103.97;1;11333326681;B
20241024;100004;103.97;1;11333326701;B
20241024;100004;103.96;6000;11333326703;S
20241024;100004;103.97;1;11333326708;B
20241024;100004;103.96;225;11333326789;S
20241024;100004;103.96;5000;11333326910;S
20241024;100004;103.97;1;11333327272;B
20241024;100004;103.97;1;11333327274;B
20241024;100004;103.97;1;11333327290;B
20241024;100004;103.97;1;11333327293;B
20241024;100004;103.97;1;11333327295;B
20241024;100004;103.97;1;11333327299;B
20241024;100004;103.97;1;11333327301;B
20241024;100004;103.97;1;11333327308;B
20241024;100004;103.97;1;11333327314;B
20241024;100004;103.97;1;11333327320;B
20241024;100004;103.97;10;11333327321;B
20241024;100004;103.97;1;11333327325;B
20241024;100004;103.97;1;11333327330;B
20241024;100004;103.97;1;11333327338;B
20241024;100004;103.97;10;11333327361;B
20241024;100004;103.96;1;11333327366;S
20241024;100004;103.97;1;11333327372;B
20241024;100004;103.97;1;11333327382;B
20241024;100004;103.96;1000;11333327545;S
20241024;100004;103.97;1;11333327595;B
20241024;100004;103.97;1;11333327602;B
20241024;100004;103.97;1;11333327608;B
20241024;100004;103.97;10;11333327613;B
20241024;100004;103.97;1;11333327616;B
20241024;100004;103.97;1;11333327621;B
20241024;100004;103.97;1;11333327623;B
20241024;100004;103.97;1;11333327628;B
20241024;100004;103.97;1;11333327629;B
20241024;100004;103.97;1;11333327642;B
20241024;100004;103.97;1;11333327643;B
20241024;100004;103.97;1;11333327646;B
20241024;100004;103.97;1;11333327648;B
20241024;100004;103.97;1;11333327649;B
20241024;100004;103.97;1;11333327652;B
20241024;100004;103.97;10;11333327657;B
20241024;100004;103.97;1;11333327659;B
20241024;100004;103.97;1;11333327661;B
20241024;100004;103.97;1;11333327664;B
20241024;100004;103.97;1;11333327668;B
20241024;100004;103.96;10;11333327672;S
20241024;100004;103.96;62;11333327678;S
20241024;100004;103.97;1;11333327681;B
20241024;100004;103.97;1;11333327685;B
20241024;100004;103.97;1;11333327708;B
20241024;100004;103.97;1;11333327715;B
20241024;100004;103.97;1;11333328092;B
20241024;100004;103.97;1;11333328102;B
20241024;100004;103.97;1;11333328105;B
20241024;100004;103.97;1;11333328107;B
20241024;100004;103.97;1;11333328111;B
20241024;100004;103.97;1;11333328114;B
20241024;100004;103.97;1;11333328119;B
20241024;100004;103.97;1;11333328126;B
20241024;100004;103.97;1;11333328140;B
20241024;100004;103.97;1;11333328141;B
20241024;100004;103.96;1;11333328146;S
20241024;100004;103.97;1;11333328151;B
20241024;100004;103.97;1;11333328157;B
20241024;100004;103.97;10;11333328160;B
20241024;100004;103.97;1;11333328325;B
20241024;100004;103.97;1;11333328328;B
20241024;100004;103.97;1;11333328336;B
20241024;100004;103.97;1;11333328351;B
20241024;100004;103.97;1;11333328360;B
20241024;100004;103.97;1;11333328381;B
20241024;100004;103.97;1;11333328388;B
20241024;100004;103.96;1;11333328396;S
20241024;100004;103.97;1;11333328533;B
20241024;100004;103.97;1;11333328538;B
20241024;100004;103.97;1;11333328546;B
20241024;100004;103.97;1;11333328553;B
20241024;100004;103.97;1;11333328557;B
20241024;100004;103.97;1;11333328565;B
20241024;100004;103.97;1;11333328575;B
20241024;100004;103.97;1;11333328592;B
20241024;100004;103.97;1;11333328594;B
20241024;100004;103.97;1;11333328598;B
20241024;100004;103.96;1;11333328603;S
20241024;100004;103.97;1;11333328605;B
20241024;100004;103.97;1;11333328612;B
20241024;100004;103.97;1;11333328626;B
20241024;100004;103.97;1;11333328628;B
20241024;100004;103.97;1;11333328631;B
20241024;100004;103.96;3;11333328635;S
20241024;100004;103.97;1;11333328638;B
20241024;100004;103.97;1;11333328639;B
20241024;100004;103.97;1;11333328641;B
20241024;100004;103.97;1;11333328642;B
20241024;100004;103.97;1;11333328643;B
20241024;100004;103.97;1;11333328646;B
20241024;100004;103.97;1;11333328647;B
20241024;100004;103.97;10;11333328648;B
20241024;100004;103.96;1;11333328653;S
20241024;100004;103.96;4;11333328655;S
20241024;100004;103.97;1;11333328656;B
20241024;100004;103.97;1;11333328662;B
20241024;100004;103.97;1;11333328663;B
20241024;100004;103.96;1;11333328670;S
20241024;100004;103.96;9;11333328671;S
20241024;100004;103.97;1;11333328676;B
20241024;100004;103.97;1;11333328683;B
20241024;100004;103.97;1;11333328688;B
20241024;100004;103.97;1;11333328800;B
20241024;100004;103.97;1;11333328841;B
20241024;100005;103.97;1;11333329136;B
20241024;100005;103.97;1;11333329140;B
20241024;100005;103.97;1;11333329142;B
20241024;100005;103.97;4;11333329146;B
20241024;100005;103.97;1;11333329152;B
20241024;100005;103.96;4;11333329155;S
20241024;100005;103.96;10;11333329159;S
20241024;100005;103.97;1;11333329161;B
20241024;100005;103.97;1;11333329165;B
20241024;100005;103.96;290;11333329167;S
20241024;100005;103.97;1;11333329168;B
20241024;100005;103.97;1;11333329306;B
20241024;100005;103.97;1;11333329307;B
20241024;100005;103.97;11;11333329308;B
20241024;100005;103.97;1;11333329309;B
20241024;100005;103.97;1;11333329311;B
20241024;100005;103.96;1;11333329313;S
20241024;100005;103.96;10;11333329314;S
20241024;100005;103.96;1673;11333329315;S
20241024;100005;103.85;173;11333329316;S
20241024;100005;103.85;1154;11333329317;S
20241024;100005;103.97;1;11333329318;B
20241024;100005;103.97;61;11333329319;B
20241024;100005;103.88;10;11333329569;B
20241024;100005;103.87;1;11333329660;B
20241024;100005;103.87;1;11333329662;B
20241024;100005;103.87;1;11333329665;B
20241024;100005;103.87;1;11333329667;B
20241024;100005;103.87;1;11333329669;B
20241024;100005;103.87;1;11333329675;B
20241024;100005;103.87;1;11333329681;B
20241024;100005;103.87;1;11333329686;B
20241024;100005;103.87;1;11333329689;B
20241024;100005;103.85;2;11333329706;S
20241024;100005;103.85;248;11333329799;S
20241024;100005;103.81;199;11333329800;S
20241024;100005;103.8;30;11333329801;S
20241024;100005;103.8;5;11333329802;S
20241024;100005;103.8;199;11333329803;S
20241024;100005;103.78;69;11333329804;S
20241024;100005;103.85;1;11333330221;B
20241024;100005;103.85;1;11333330222;B
20241024;100005;103.85;1;11333330224;B
20241024;100005;103.85;1;11333330226;B
20241024;100005;103.85;1;11333330228;B
20241024;100005;103.78;1;11333330229;S
20241024;100005;103.85;1;11333330231;B
20241024;100005;103.85;1;11333330233;B
20241024;100005;103.85;4;11333330235;B
20241024;100005;103.88;6;11333330236;B
20241024;100005;103.88;1;11333330241;B
20241024;100006;103.87;1;11333330581;B
20241024;100006;103.87;1;11333330582;B
20241024;100006;103.87;1;11333330583;B
20241024;100006;103.87;1;11333330584;B
20241024;100006;103.87;1;11333330585;B
20241024;100006;103.87;1;11333330586;B
20241024;100006;103.87;1;11333330587;B
20241024;100006;103.87;1;11333330588;B
20241024;100006;103.87;1;11333330589;B
20241024;100006;103.87;1;11333330590;B
20241024;100006;103.87;1;11333330591;B
20241024;100006;103.87;1;11333330592;B
20241024;100006;103.83;3;11333330593;S
20241024;100006;103.77;250;11333331082;S
20241024;100006;103.86;1;11333331479;B
20241024;100006;103.86;1;11333331480;B
20241024;100006;103.86;1;11333331481;B
20241024;100006;103.86;1;11333331482;B
20241024;100006;103.86;1;11333331485;B
20241024;100006;103.87;1;11333331486;B
20241024;100006;103.88;1;11333331488;B
20241024;100006;103.88;1;11333331489;B
20241024;100006;103.88;1;11333331490;B
20241024;100007;103.88;1;11333331799;B
20241024;100007;103.88;1;11333331803;B
20241024;100007;103.88;1;11333331804;B
20241024;100007;103.88;1;11333331806;B
20241024;100007;103.88;1;11333331808;B
20241024;100007;103.88;1;11333331810;B
20241024;100007;103.88;1;11333331814;B
20241024;100007;103.88;1;11333331815;B
20241024;100007;103.88;1;11333331816;B
20241024;100007;103.81;10;11333331817;S
20241024;100007;103.88;1;11333331818;B
20241024;100007;103.81;9;11333331826;S
20241024;100007;103.88;1;11333331827;B
20241024;100007;103.88;1;11333331830;B
20241024;100007;103.88;1;11333331836;B
20241024;100007;103.83;1;11333331856;B
20241024;100007;103.83;1;11333331858;B
20241024;100007;103.83;1;11333331862;B
20241024;100007;103.81;1;11333331863;S
20241024;100007;103.83;1;11333331866;B
20241024;100007;103.83;1;11333331868;B
20241024;100007;103.83;1;11333331869;B
20241024;100007;103.81;1;11333332035;S
20241024;100007;103.83;1;11333332036;B
20241024;100007;103.83;1;11333332037;B
20241024;100007;103.83;1;11333332038;B
20241024;100007;103.83;1;11333332039;B
20241024;100007;103.83;1;11333332040;B
20241024;100007;103.83;1;11333332041;B
20241024;100007;103.83;1;11333332042;B
20241024;100007;103.83;1;11333332044;B
20241024;100007;103.81;5;11333332170;S
20241024;100007;103.81;150;11333332222;S
20241024;100007;103.82;150;11333332362;S
20241024;100007;103.8;12;11333332363;S
20241024;100007;103.79;400;11333332364;S
20241024;100007;103.78;308;11333332365;S
20241024;100008;103.79;10;11333332475;S
20241024;100008;103.78;48;11333332494;S
20241024;100008;103.78;152;11333332495;S
20241024;100009;103.76;50;11333332769;S
20241024;100009;103.76;150;11333332770;S
20241024;100009;103.76;800;11333332771;S
20241024;100010;103.76;50;11333332921;B
20241024;100010;103.77;20;11333332922;B
20241024;100010;103.79;4;11333332923;B
20241024;100010;103.77;1;11333332996;S
20241024;100010;103.77;1;11333333013;S
20241024;100010;103.77;1;11333333032;S
20241024;100010;103.79;1;11333333051;B
20241024;100010;103.79;200;11333333303;B
20241024;100011;103.79;200;11333333347;B
20241024;100011;103.79;173;11333333368;B
20241024;100011;103.81;20;11333333369;B
20241024;100011;103.81;2;11333333370;B
20241024;100011;103.81;5;11333333371;B
20241024;100011;103.81;5;11333333379;B
20241024;100011;103.83;195;11333333380;B
20241024;100011;103.78;100;11333333411;S
20241024;100011;103.83;16;11333333459;B
20241024;100011;103.83;41;11333333460;B
20241024;100011;103.83;9;11333333461;B
20241024;100011;103.84;1;11333333462;B
20241024;100011;103.84;133;11333333463;B
20241024;100012;103.81;2600;11333333567;S
20241024;100012;103.8;150;11333333568;S
20241024;100012;103.8;50;11333333569;S
20241024;100012;103.77;50;11333333570;S
20241024;100012;103.76;3;11333333571;S
20241024;100012;103.75;50;11333333572;S
20241024;100012;103.75;2500;11333333573;S
20241024;100012;103.74;131;11333333574;S
20241024;100012;103.73;400;11333333575;S
20241024;100012;103.72;400;11333333576;S
20241024;100012;103.71;400;11333333577;S
20241024;100012;103.71;28;11333333578;S
20241024;100012;103.7;400;11333333579;S
20241024;100012;103.7;286;11333333580;S
20241024;100012;103.69;400;11333333581;S
20241024;100012;103.69;4000;11333333582;S
20241024;100012;103.68;400;11333333583;S
20241024;100012;103.68;261;11333333584;S
20241024;100012;103.67;500;11333333585;S
20241024;100012;103.67;400;11333333586;S
20241024;100012;103.66;40;11333333587;S
20241024;100012;103.66;400;11333333588;S
20241024;100012;103.65;400;11333333589;S
20241024;100012;103.64;400;11333333590;S
20241024;100012;103.63;6;11333333591;S
20241024;100012;103.62;5;11333333592;S
20241024;100012;103.6;12;11333333593;S
20241024;100012;103.6;3;11333333594;S
20241024;100012;103.6;4;11333333595;S
20241024;100012;103.59;50;11333333596;S
20241024;100012;103.58;30;11333333597;S
20241024;100012;103.57;10;11333333598;S
20241024;100012;103.56;30;11333333599;S
20241024;100012;103.56;1;11333333600;S
20241024;100012;103.56;202;11333333601;S
20241024;100012;103.56;1156;11333333602;S
20241024;100012;103.55;1349;11333333603;S
20241024;100012;103.55;2493;11333333604;S
20241024;100012;103.75;1;11333333764;S
20241024;100013;103.67;1525;11333334045;S
20241024;100013;103.71;300;11333334184;B
20241024;100014;103.63;2604;11333334281;S
20241024;100014;103.62;500;11333334282;S
20241024;100014;103.6;408;11333334283;S
20241024;100014;103.6;7;11333334284;S
20241024;100014;103.58;400;11333334285;S
20241024;100014;103.57;400;11333334286;S
20241024;100014;103.56;400;11333334287;S
20241024;100014;103.55;281;11333334288;S
20241024;100014;103.58;1;11333334312;S
20241024;100015;103.69;60;11333334455;B
20241024;100016;103.67;10;11333334826;S
20241024;100016;103.61;1000;11333334834;S
20241024;100016;103.68;100;11333335012;B
20241024;100016;103.68;300;11333335013;B
20241024;100016;103.68;240;11333335014;B
20241024;100016;103.68;160;11333335015;B
20241024;100016;103.67;100;11333335016;B
20241024;100017;103.65;2605;11333335229;S
20241024;100017;103.6;144;11333335230;S
20241024;100017;103.59;1;11333335231;S
20241024;100017;103.55;100;11333335232;S
20241024;100017;103.62;75;11333335256;S
20241024;100018;103.67;1;11333335487;B
20241024;100018;103.56;1;11333335489;S
20241024;100018;103.6;545;11333335625;S
20241024;100019;103.6;25;11333335682;S
20241024;100019;103.67;399;11333335686;B
20241024;100019;103.68;50;11333335687;B
20241024;100019;103.68;400;11333335688;B
20241024;100019;103.69;340;11333335689;B
20241024;100019;103.69;286;11333335690;B
20241024;100019;103.69;1751;11333335691;B
20241024;100020;103.69;22;11333335888;B
20241024;100020;103.66;2605;11333336007;S
20241024;100020;103.65;1;11333336008;S
20241024;100020;103.59;20;11333336009;S
20241024;100020;103.57;374;11333336010;S
20241024;100020;103.64;1;11333336166;B
20241024;100021;103.64;1;11333336267;B
20241024;100021;103.6;17;11333336321;S
20241024;100021;103.61;30;11333336379;S
20241024;100021;103.6;136;11333336380;S
20241024;100021;103.56;72;11333336381;S
20241024;100021;103.55;1377;11333336382;S
20241024;100021;103.54;1000;11333336383;S
20241024;100021;103.54;250;11333336384;S
20241024;100021;103.53;400;11333336385;S
20241024;100021;103.52;2;11333336386;S
20241024;100021;103.52;1;11333336387;S
20241024;100021;103.52;400;11333336388;S
20241024;100021;103.52;286;11333336389;S
20241024;100021;103.52;1046;11333336390;S
20241024;100021;103.6;20;11333336507;B
20241024;100021;103.6;18;11333336508;B
20241024;100021;103.64;262;11333336509;B
20241024;100022;103.56;20;11333336600;S
20241024;100022;103.61;50;11333336888;S
20241024;100023;103.6;1;11333336923;S
20241024;100023;103.61;1;11333336940;B
20241024;100023;103.6;800;11333336965;S
20241024;100023;103.6;729;11333337129;S
20241024;100024;103.61;51;11333337164;B
20241024;100024;103.6;25;11333337178;S
20241024;100024;103.6;200;11333337207;S
20241024;100024;103.61;10;11333337236;B
20241024;100024;103.61;82;11333337237;B
20241024;100024;103.62;50;11333337238;B
20241024;100024;103.63;36;11333337239;B
20241024;100024;103.64;33;11333337240;B
20241024;100025;103.67;1;11333337445;B
20241024;100025;103.66;100;11333337455;B
20241024;100025;103.67;399;11333337456;B
20241024;100025;103.68;1;11333337457;B
20241024;100025;103.67;1;11333337463;B
20241024;100025;103.67;230;11333337484;B
20241024;100025;103.66;2536;11333337568;B
20241024;100025;103.67;169;11333337569;B
20241024;100025;103.68;399;11333337570;B
20241024;100025;103.68;250;11333337571;B
20241024;100025;103.68;136;11333337572;B
20241024;100025;103.69;378;11333337573;B
20241024;100025;103.69;286;11333337574;B
20241024;100025;103.7;400;11333337575;B
20241024;100025;103.7;446;11333337576;B
20241024;100025;103.61;140;11333337596;S
20241024;100026;103.7;50;11333337733;B
20241024;100027;103.7;45;11333337883;B
20241024;100027;103.7;1;11333337980;B
20241024;100027;103.7;5000;11333338069;B
20241024;100028;103.68;3;11333338120;S
20241024;100028;103.68;1;11333338123;S
20241024;100029;103.68;5;11333338416;S
20241024;100029;103.7;458;11333338419;B
20241024;100029;103.7;1000;11333338420;B
20241024;100029;103.7;2;11333338421;B
20241024;100029;103.69;1;11333338435;S
20241024;100029;103.71;100;11333338478;B
20241024;100029;103.74;98;11333338567;B
20241024;100030;103.71;3;11333338611;S
20241024;100030;103.71;1000;11333338629;S
20241024;100030;103.74;1;11333338660;B
20241024;100030;103.72;10;11333338684;S
20241024;100030;103.72;300;11333338855;S
20241024;100031;103.72;3;11333338910;S
20241024;100031;103.72;25;11333338930;S
20241024;100031;103.72;54;11333338987;S
20241024;100032;103.74;1;11333339371;B
20241024;100033;103.74;250;11333339397;B
20241024;100033;103.74;1;11333339619;B
20241024;100034;103.72;25;11333339830;S
20241024;100035;103.74;1;11333339955;B
20241024;100036;103.72;25;11333340111;S
20241024;100036;103.72;3;11333340112;S
20241024;100036;103.72;10;11333340113;S
20241024;100036;103.72;300;11333340114;S
20241024;100036;103.7;1462;11333340115;S
20241024;100036;103.71;15;11333340324;B
20241024;100037;103.71;1;11333340411;B
20241024;100038;103.71;1;11333340524;B
20241024;100038;103.71;1;11333340577;B
20241024;100039;103.71;500;11333340876;B
20241024;100041;103.71;3;11333341325;B
20241024;100042;103.7;200;11333341546;S
20241024;100042;103.7;1;11333341591;S
20241024;100042;103.7;199;11333341592;S
20241024;100042;103.7;200;11333341627;S
20241024;100043;103.7;1;11333341786;S
20241024;100043;103.7;199;11333341787;S
20241024;100043;103.71;1;11333341789;B
20241024;100043;103.7;1;11333341790;S
20241024;100043;103.7;1;11333341791;S
20241024;100043;103.7;1;11333341792;S
20241024;100043;103.7;197;11333341793;S
20241024;100043;103.7;200;11333341815;S
20241024;100043;103.7;3;11333341834;S
20241024;100043;103.69;197;11333341835;S
20241024;100043;103.7;200;11333341843;S
20241024;100043;103.7;200;11333341862;S
20241024;100043;103.71;494;11333341874;B
20241024;100043;103.71;50;11333341875;B
20241024;100043;103.71;50;11333341876;B
20241024;100043;103.71;3;11333341877;B
20241024;100043;103.72;392;11333341878;B
20241024;100043;103.73;1;11333341879;B
20241024;100043;103.74;10;11333341880;B
20241024;100044;103.69;200;11333341960;S
20241024;100044;103.7;1;11333342076;B
20241024;100045;103.69;1;11333342276;S
20241024;100045;103.68;300;11333342277;S
20241024;100045;103.68;1;11333342278;S
20241024;100045;103.67;258;11333342279;S
20241024;100045;103.7;23;11333342285;B
20241024;100045;103.68;20;11333342325;S
20241024;100045;103.7;1;11333342370;B
20241024;100045;103.68;891;11333342567;S
20241024;100047;103.7;15;11333342900;B
20241024;100047;103.71;35;11333342906;S
20241024;100047;103.69;15;11333343027;B
20241024;100047;103.69;50;11333343028;B
20241024;100047;103.71;35;11333343031;S
20241024;100048;103.67;50;11333343066;S
20241024;100048;103.68;1;11333343118;B
20241024;100048;103.67;20;11333343236;S
20241024;100049;103.67;894;11333343395;S
20241024;100049;103.67;30;11333343396;S
20241024;100049;103.66;50;11333343397;S
20241024;100049;103.66;1;11333343398;S
20241024;100049;103.63;275;11333343399;S
20241024;100049;103.68;14;11333343583;B
20241024;100049;103.68;236;11333343584;B
20241024;100049;103.61;20;11333343636;S
20241024;100050;103.67;25;11333343655;B
20241024;100050;103.69;767;11333343662;B
20241024;100050;103.69;136;11333343663;B
20241024;100050;103.7;97;11333343664;B
20241024;100050;103.63;25;11333343732;S
20241024;100050;103.69;136;11333343746;B
20241024;100050;103.7;364;11333343747;B
20241024;100050;103.65;195;11333343909;S
20241024;100050;103.63;553;11333343910;S
20241024;100050;103.61;1;11333343911;S
20241024;100050;103.61;400;11333343912;S
20241024;100050;103.61;50;11333343913;S
20241024;100050;103.6;300;11333343914;S
20241024;100050;103.6;400;11333343915;S
20241024;100050;103.6;200;11333343916;S
20241024;100050;103.6;2604;11333343917;S
20241024;100050;103.59;100;11333343918;S
20241024;100050;103.59;400;11333343919;S
20241024;100050;103.59;136;11333343920;S
20241024;100050;103.58;400;11333343921;S
20241024;100050;103.57;400;11333343922;S
20241024;100050;103.57;250;11333343923;S
20241024;100050;103.56;400;11333343924;S
20241024;100050;103.55;400;11333343925;S
20241024;100050;103.54;400;11333343926;S
20241024;100050;103.53;400;11333343927;S
20241024;100050;103.53;46;11333343928;S
20241024;100051;103.6;200;11333343964;S
20241024;100051;103.57;1050;11333343965;S
20241024;100052;103.64;50;11333344476;B
20241024;100052;103.64;50;11333344477;B
20241024;100052;103.64;136;11333344478;B
20241024;100052;103.65;400;11333344479;B
20241024;100052;103.65;1914;11333344480;B
20241024;100052;103.63;972;11333344519;S
20241024;100052;103.63;1;11333344525;S
20241024;100053;103.63;1027;11333344633;S
20241024;100053;103.6;1;11333344634;S
20241024;100053;103.58;222;11333344635;S
20241024;100054;103.66;1;11333344788;B
20241024;100054;103.62;200;11333345050;S
20241024;100054;103.58;2605;11333345051;S
20241024;100054;103.55;136;11333345052;S
20241024;100054;103.54;1;11333345053;S
20241024;100054;103.53;400;11333345054;S
20241024;100054;103.53;200;11333345055;S
20241024;100054;103.52;400;11333345056;S
20241024;100054;103.52;1911;11333345057;S
20241024;100054;103.51;2845;11333345058;S
20241024;100054;103.51;100;11333345059;S
20241024;100054;103.51;400;11333345060;S
20241024;100054;103.5;802;11333345061;S
20241024;100054;103.59;200;11333345077;B
20241024;100054;103.59;200;11333345082;B
20241024;100055;103.6;136;11333345108;B
20241024;100055;103.61;64;11333345109;B
20241024;100055;103.61;25;11333345128;S
20241024;100055;103.62;400;11333345131;B
20241024;100055;103.62;50;11333345132;B
20241024;100055;103.63;400;11333345133;B
20241024;100055;103.64;261;11333345134;B
20241024;100055;103.58;200;11333345153;S
20241024;100055;103.55;203;11333345154;S
20241024;100055;103.55;64;11333345155;S
20241024;100055;103.54;1233;11333345156;S
20241024;100055;103.61;200;11333345163;B
20241024;100055;103.59;200;11333345189;S
20241024;100055;103.6;1;11333345191;B
20241024;100055;103.6;400;11333345269;B
20241024;100055;103.61;400;11333345270;B
20241024;100055;103.61;136;11333345271;B
20241024;100055;103.62;400;11333345272;B
20241024;100055;103.62;548;11333345273;B
20241024;100056;103.6;10;11333345375;B
20241024;100056;103.62;10;11333345376;B
20241024;100056;103.57;361;11333345392;S
20241024;100056;103.56;39;11333345393;S
20241024;100058;103.6;1;11333345951;B
20241024;100058;103.58;2606;11333346065;S
20241024;100058;103.57;10;11333346066;S
20241024;100058;103.56;11;11333346067;S
20241024;100058;103.56;136;11333346068;S
20241024;100058;103.53;20;11333346069;S
20241024;100058;103.53;902;11333346070;S
20241024;100100;103.54;100;11333346416;S
20241024;100100;103.6;1;11333346499;B
20241024;100101;103.56;7;11333347370;S
20241024;100101;103.56;478;11333347403;S
20241024;100101;103.55;70;11333347404;S
20241024;100101;103.55;146;11333347405;S
20241024;100101;103.55;1;11333347418;B
20241024;100101;103.55;14;11333347545;B
20241024;100102;103.53;10;11333347635;S
20241024;100102;103.52;990;11333347636;S
20241024;100103;103.54;1;11333347863;B
20241024;100103;103.52;1000;11333347897;S
20241024;100103;103.53;2;11333347934;S
20241024;100103;103.52;8;11333347935;S
20241024;100104;103.52;10;11333348135;S
20241024;100104;103.54;999;11333348341;B
20241024;100104;103.54;4001;11333348342;B
20241024;100104;103.54;10;11333348350;B
20241024;100105;103.54;4969;11333348393;B
20241024;100105;103.55;400;11333348406;B
20241024;100105;103.54;31;11333348433;S
20241024;100105;103.54;100;11333348434;S
20241024;100105;103.53;1147;11333348435;S
20241024;100105;103.53;1927;11333348436;S
20241024;100105;103.53;21;11333348437;S
20241024;100105;103.55;1;11333348600;B
20241024;100106;103.52;1;11333348697;S
20241024;100107;103.52;25;11333348832;S
20241024;100108;103.55;1;11333349080;B
20241024;100110;103.54;1;11333349720;B
20241024;100110;103.54;1;11333349844;B
20241024;100110;103.54;18;11333349877;B
20241024;100111;103.53;10;11333349910;S
20241024;100111;103.52;90;11333349911;S
20241024;100111;103.54;380;11333349922;B
20241024;100111;103.55;6089;11333349923;B
20241024;100111;103.55;500;11333349924;B
20241024;100111;103.55;10;11333349925;B
20241024;100111;103.55;400;11333349926;B
20241024;100112;103.56;1;11333350299;B
20241024;100112;103.56;400;11333350324;B
20241024;100112;103.57;326;11333350325;B
20241024;100113;103.56;25;11333350366;S
20241024;100113;103.57;74;11333350367;B
20241024;100113;103.57;1;11333350368;B
20241024;100113;103.58;125;11333350369;B
20241024;100114;103.58;2000;11333350530;S
20241024;100114;103.58;2000;11333350560;S
20241024;100114;103.6;262;11333350626;B
20241024;100115;103.6;1;11333350763;B
20241024;100115;103.6;7;11333350784;B
20241024;100116;103.58;77;11333351128;S
20241024;100117;103.6;10;11333351196;B
20241024;100118;103.59;10;11333351497;S
20241024;100118;103.59;990;11333351498;S
20241024;100118;103.6;300;11333351540;B
20241024;100119;103.59;25;11333351699;S
20241024;100119;103.6;1;11333351771;B
20241024;100122;103.59;235;11333352225;S
20241024;100122;103.59;50;11333352226;S
20241024;100122;103.59;50;11333352227;S
20241024;100122;103.59;10;11333352228;S
20241024;100122;103.58;261;11333352229;S
20241024;100122;103.58;100;11333352230;S
20241024;100122;103.58;200;11333352231;S
20241024;100122;103.58;337;11333352232;S
20241024;100122;103.6;418;11333352301;B
20241024;100122;103.6;70;11333352302;B
20241024;100122;103.6;123;11333352303;B
20241024;100122;103.6;1189;11333352304;B
20241024;100123;103.6;190;11333352503;B
20241024;100124;103.56;10;11333352680;S
20241024;100124;103.56;15;11333352681;S
20241024;100125;103.6;1;11333353014;B
20241024;100126;103.6;8;11333353252;B
20241024;100126;103.57;85;11333353271;S
20241024;100126;103.57;10;11333353272;S
20241024;100126;103.56;10;11333353273;S
20241024;100126;103.56;1176;11333353274;S
20241024;100126;103.56;50;11333353275;S
20241024;100127;103.6;2900;11333353332;B
20241024;100127;103.6;2000;11333353335;B
20241024;100128;103.58;25;11333353489;S
20241024;100129;103.59;50;11333353710;S
20241024;100130;103.59;20;11333353895;S
20241024;100130;103.6;1;11333353900;B
20241024;100131;103.6;10;11333354133;B
20241024;100131;103.59;2;11333354167;S
20241024;100131;103.6;300;11333354227;B
20241024;100132;103.6;3000;11333354274;B
20241024;100132;103.59;28;11333354282;S
20241024;100132;103.59;100;11333354283;S
20241024;100132;103.58;472;11333354284;S
20241024;100133;103.6;100;11333354491;B
20241024;100133;103.58;3;11333354512;S
20241024;100133;103.58;297;11333354513;S
20241024;100134;103.6;1;11333354756;B
20241024;100134;103.57;300;11333354809;S
20241024;100135;103.57;20;11333354868;S
20241024;100135;103.56;5;11333354869;S
20241024;100137;103.59;1;11333355151;B
20241024;100137;103.59;11;11333355157;B
20241024;100137;103.57;25;11333355188;S
20241024;100137;103.59;20;11333355200;B
20241024;100137;103.57;50;11333355223;S
20241024;100137;103.57;125;11333355294;S
20241024;100137;103.57;1;11333355295;S
20241024;100137;103.56;3;11333355296;S
20241024;100138;103.58;5;11333355519;S
20241024;100138;103.58;20;11333355520;S
20241024;100139;103.59;1;11333355554;B
20241024;100140;103.59;967;11333355789;B
20241024;100140;103.59;136;11333355790;B
20241024;100140;103.59;20;11333355791;B
20241024;100140;103.59;1;11333355792;B
20241024;100140;103.6;5300;11333355793;B
20241024;100140;103.6;159;11333355794;B
20241024;100140;103.6;25;11333355795;B
20241024;100140;103.6;333;11333355796;B
20241024;100140;103.6;20;11333355797;B
20241024;100140;103.6;20;11333355798;B
20241024;100140;103.6;400;11333355799;B
20241024;100140;103.6;100;11333355800;B
20241024;100140;103.6;1000;11333355801;B
20241024;100140;103.61;400;11333355802;B
20241024;100140;103.62;6;11333355803;B
20241024;100141;103.59;1;11333356153;B
20241024;100142;103.58;30;11333356253;S
20241024;100142;103.56;80;11333356254;S
20241024;100142;103.56;1;11333356255;S
20241024;100142;103.55;20;11333356256;S
20241024;100142;103.55;528;11333356257;S
20241024;100142;103.54;341;11333356258;S
20241024;100142;103.58;5;11333356304;S
20241024;100142;103.54;40;11333356436;S
20241024;100143;103.58;45;11333356502;B
20241024;100143;103.6;55;11333356503;B
20241024;100146;103.56;1;11333357206;B
20241024;100146;103.56;7;11333357218;B
20241024;100146;103.59;250;11333357219;B
20241024;100146;103.6;109;11333357220;B
20241024;100147;103.6;1;11333357457;B
20241024;100150;103.6;335;11333357995;B
20241024;100150;103.6;100;11333357996;B
20241024;100150;103.6;8;11333357997;B
20241024;100150;103.63;1;11333358157;B
20241024;100151;103.62;5;11333358236;S
20241024;100151;103.62;5;11333358237;S
20241024;100152;103.63;1;11333358368;B
20241024;100152;103.63;398;11333358517;B
20241024;100152;103.63;713;11333358518;B
20241024;100153;103.63;1;11333358543;B
20241024;100154;103.63;500;11333358781;B
20241024;100154;103.63;100;11333358851;B
20241024;100155;103.62;2;11333359031;S
20241024;100155;103.62;1;11333359032;S
20241024;100155;103.62;12;11333359033;S
20241024;100155;103.62;50;11333359034;S
20241024;100155;103.62;20;11333359035;S
20241024;100155;103.62;400;11333359080;B
20241024;100155;103.63;387;11333359081;B
20241024;100155;103.63;2000;11333359082;B
20241024;100155;103.63;400;11333359083;B
20241024;100155;103.64;400;11333359084;B
20241024;100155;103.65;400;11333359085;B
20241024;100155;103.66;400;11333359086;B
20241024;100155;103.66;136;11333359087;B
20241024;100155;103.66;200;11333359088;B
20241024;100155;103.66;2605;11333359089;B
20241024;100155;103.67;400;11333359090;B
20241024;100155;103.67;249;11333359091;B
20241024;100155;103.68;400;11333359092;B
20241024;100155;103.69;400;11333359093;B
20241024;100155;103.7;222;11333359094;B
20241024;100155;103.7;27;11333359095;B
20241024;100155;103.7;400;11333359096;B
20241024;100155;103.7;3500;11333359097;B
20241024;100155;103.71;400;11333359098;B
20241024;100155;103.73;173;11333359099;B
20241024;100155;103.73;261;11333359100;B
20241024;100155;103.74;638;11333359101;B
20241024;100155;103.74;108;11333359102;B
20241024;100155;103.74;2698;11333359103;B
20241024;100155;103.76;2149;11333359104;B
20241024;100155;103.77;50;11333359105;B
20241024;100155;103.77;300;11333359106;B
20241024;100155;103.77;297;11333359107;B
20241024;100155;103.75;964;11333359114;S
20241024;100155;103.78;400;11333359119;B
20241024;100155;103.78;1636;11333359120;B
20241024;100155;103.69;136;11333359122;S
20241024;100155;103.65;64;11333359127;B
20241024;100155;103.7;200;11333359200;S
20241024;100155;103.7;200;11333359219;S
20241024;100155;103.7;200;11333359238;S
20241024;100156;103.7;20;11333359251;S
20241024;100156;103.7;180;11333359252;S
20241024;100156;103.69;200;11333359260;S
20241024;100156;103.69;200;11333359264;S
20241024;100156;103.69;200;11333359294;S
20241024;100156;103.68;200;11333359434;S
20241024;100156;103.67;3000;11333359446;S
20241024;100156;103.66;25;11333359457;S
20241024;100157;103.72;36;11333359568;B
20241024;100158;103.75;400;11333359785;B
20241024;100158;103.75;2100;11333359786;B
20241024;100158;103.75;64;11333359793;B
20241024;100158;103.75;1;11333359832;B
20241024;100158;103.69;90;11333359990;S
20241024;100159;103.68;136;11333360200;S
20241024;100159;103.68;500;11333360201;S
20241024;100159;103.66;25;11333360202;S
20241024;100159;103.66;89;11333360203;S
20241024;100200;103.74;500;11333360274;B
20241024;100200;103.75;400;11333360309;B
20241024;100200;103.75;2602;11333360310;B
20241024;100200;103.76;400;11333360311;B
20241024;100200;103.76;12;11333360312;B
20241024;100200;103.76;136;11333360313;B
20241024;100200;103.77;400;11333360314;B
20241024;100200;103.77;89;11333360315;B
20241024;100200;103.78;400;11333360316;B
20241024;100200;103.79;50;11333360317;B
20241024;100200;103.79;1;11333360318;B
20241024;100200;103.79;400;11333360319;B
20241024;100200;103.8;1000;11333360320;B
20241024;100200;103.8;1;11333360321;B
20241024;100200;103.8;20;11333360322;B
20241024;100200;103.8;89;11333360323;B
20241024;100200;103.72;50;11333360374;S
20241024;100200;103.7;136;11333360375;S
20241024;100200;103.68;214;11333360376;S
20241024;100201;103.76;500;11333360532;B
20241024;100202;103.8;100;11333360667;B
20241024;100203;103.75;183;11333360869;S
20241024;100203;103.74;673;11333360870;S
20241024;100203;103.74;144;11333360871;S
20241024;100203;103.77;2;11333360924;B
20241024;100204;103.77;677;11333361178;B
20241024;100205;103.72;1156;11333361253;S
20241024;100205;103.72;136;11333361254;S
20241024;100205;103.71;208;11333361255;S
20241024;100205;103.72;360;11333361288;S
20241024;100206;103.72;30;11333361401;S
20241024;100206;103.73;1;11333361448;S
20241024;100206;103.73;136;11333361449;S
20241024;100206;103.73;353;11333361450;S
20241024;100206;103.72;10;11333361451;S
20241024;100206;103.75;1;11333361456;B
20241024;100207;103.75;1;11333361645;B
20241024;100207;103.72;30;11333361735;S
20241024;100208;103.75;500;11333361960;B
20241024;100209;103.75;2100;11333362147;B
20241024;100209;103.74;25;11333362173;S
20241024;100209;103.75;500;11333362196;B
20241024;100211;103.75;100;11333362611;B
20241024;100212;103.75;10;11333362756;B
20241024;100213;103.76;1;11333363056;B
20241024;100213;103.76;1;11333363064;B
20241024;100213;103.76;30;11333363065;B
20241024;100214;103.79;20;11333363386;B
20241024;100215;103.77;1;11333363426;S
20241024;100215;103.79;346;11333363443;B
20241024;100216;103.77;12;11333363628;S
20241024;100216;103.8;1250;11333363650;B
20241024;100216;103.8;1000;11333363846;B
20241024;100217;103.8;120;11333363854;B
20241024;100217;103.8;3930;11333363855;B
20241024;100217;103.81;5;11333363858;B
20241024;100217;103.81;1;11333363859;B
20241024;100217;103.82;1;11333363885;B
20241024;100217;103.8;20;11333363888;S
20241024;100217;103.83;2;11333363890;B
20241024;100217;103.83;2;11333363891;B
20241024;100217;103.84;1;11333363892;B
20241024;100217;103.84;155;11333363893;B
20241024;100217;103.84;2445;11333363996;B
20241024;100217;103.85;500;11333363997;B
20241024;100217;103.86;400;11333363998;B
20241024;100217;103.87;400;11333363999;B
20241024;100217;103.87;12;11333364000;B
20241024;100217;103.88;400;11333364001;B
20241024;100217;103.88;136;11333364002;B
20241024;100217;103.89;400;11333364003;B
20241024;100217;103.9;500;11333364004;B
20241024;100217;103.9;400;11333364005;B
20241024;100217;103.91;288;11333364006;B
20241024;100217;103.91;1;11333364007;B
20241024;100217;103.91;118;11333364008;B
20241024;100217;103.87;100;11333364030;B
20241024;100217;103.87;1250;11333364043;B
20241024;100218;103.91;1;11333364057;B
20241024;100218;103.87;1000;11333364073;B
20241024;100218;103.83;1;11333364074;S
20241024;100218;103.87;500;11333364091;B
20241024;100218;103.86;20;11333364106;B
20241024;100218;103.86;60;11333364107;B
20241024;100218;103.84;2124;11333364120;S
20241024;100218;103.86;20;11333364214;B
20241024;100218;103.88;48;11333364215;B
20241024;100218;103.89;932;11333364216;B
20241024;100218;103.84;109;11333364221;S
20241024;100218;103.84;400;11333364222;S
20241024;100218;103.83;400;11333364223;S
20241024;100218;103.82;400;11333364224;S
20241024;100218;103.82;983;11333364225;S
20241024;100219;103.89;500;11333364298;B
20241024;100219;103.82;400;11333364321;S
20241024;100219;103.82;600;11333364322;S
20241024;100219;103.85;5;11333364390;B
20241024;100220;103.85;5;11333364499;B
20241024;100220;103.85;1151;11333364503;B
20241024;100220;103.86;500;11333364504;B
20241024;100220;103.86;249;11333364505;B
20241024;100220;103.81;50;11333364534;S
20241024;100220;103.91;15;11333364594;B
20241024;100221;103.87;5;11333364802;S
20241024;100221;103.87;5;11333364803;S
20241024;100221;103.87;5;11333364804;S
20241024;100221;103.87;5;11333364805;S
20241024;100221;103.87;2;11333364806;S
20241024;100221;103.89;5;11333364840;B
20241024;100221;103.89;5;11333364875;B
20241024;100221;103.89;5;11333364924;B
20241024;100221;103.89;5;11333365107;B
20241024;100222;103.87;3;11333365113;S
20241024;100222;103.87;50;11333365114;S
20241024;100222;103.87;5;11333365115;S
20241024;100222;103.87;5;11333365116;S
20241024;100222;103.87;5;11333365197;S
20241024;100222;103.89;10;11333365252;B
20241024;100224;103.89;2;11333365520;B
20241024;100224;103.85;3000;11333365666;S
20241024;100225;103.89;1;11333365800;B
20241024;100225;103.85;2000;11333365829;S
20241024;100225;103.83;228;11333365830;S
20241024;100225;103.82;228;11333365831;S
20241024;100225;103.82;400;11333365832;S
20241024;100225;103.81;450;11333365833;S
20241024;100225;103.81;400;11333365834;S
20241024;100225;103.8;400;11333365835;S
20241024;100225;103.8;694;11333365836;S
20241024;100227;103.86;6;11333366255;B
20241024;100228;103.85;500;11333366448;B
20241024;100228;103.85;30;11333366472;B
20241024;100228;103.8;248;11333366601;S
20241024;100228;103.8;52;11333366602;S
20241024;100230;103.8;50;11333367030;B
20241024;100231;103.84;10;11333367095;B
20241024;100231;103.86;4;11333367096;B
20241024;100231;103.86;33;11333367097;B
20241024;100231;103.86;136;11333367098;B
20241024;100231;103.86;1317;11333367099;B
20241024;100232;103.8;50;11333367282;S
20241024;100232;103.8;86;11333367345;S
20241024;100232;103.8;20;11333367346;S
20241024;100232;103.79;210;11333367347;S
20241024;100232;103.86;50;11333367394;B
20241024;100233;103.81;400;11333367488;S
20241024;100233;103.81;20;11333367489;S
20241024;100233;103.8;330;11333367490;S
20241024;100233;103.86;20;11333367491;B
20241024;100233;103.86;1;11333367492;B
20241024;100233;103.87;50;11333367493;B
20241024;100233;103.87;136;11333367494;B
20241024;100233;103.87;214;11333367495;B
20241024;100233;103.88;1250;11333367496;B
20241024;100233;103.88;1;11333367497;B
20241024;100233;103.88;111;11333367498;B
20241024;100233;103.88;10;11333367600;B
20241024;100234;103.8;2;11333367941;S
20241024;100234;103.79;290;11333367942;S
20241024;100234;103.79;50;11333367943;S
20241024;100234;103.79;1;11333367944;S
20241024;100234;103.79;11;11333367945;S
20241024;100234;103.77;50;11333367946;S
20241024;100234;103.76;96;11333367947;S
20241024;100235;103.83;800;11333367956;B
20241024;100235;103.83;10;11333368002;B
20241024;100239;103.82;20;11333368678;B
20241024;100239;103.83;1190;11333368679;B
20241024;100239;103.86;136;11333368680;B
20241024;100239;103.86;1156;11333368681;B
20241024;100239;103.87;498;11333368682;B
20241024;100240;103.79;400;11333368798;S
20241024;100240;103.78;350;11333368799;S
20241024;100240;103.84;50;11333368811;B
20241024;100240;103.84;574;11333368873;B
20241024;100240;103.85;2600;11333368874;B
20241024;100240;103.86;136;11333368875;B
20241024;100240;103.88;1;11333368876;B
20241024;100240;103.89;50;11333368877;B
20241024;100240;103.89;50;11333368878;B
20241024;100240;103.89;1589;11333368879;B
20241024;100240;103.86;100;11333368915;B
20241024;100240;103.87;100;11333368931;B
20241024;100241;103.88;10;11333368976;B
20241024;100241;103.85;30;11333368977;S
20241024;100241;103.81;217;11333368978;S
20241024;100241;103.8;217;11333368979;S
20241024;100241;103.79;400;11333368980;S
20241024;100241;103.78;1615;11333368981;S
20241024;100242;103.79;6;11333369298;S
20241024;100243;103.79;1;11333369320;S
20241024;100245;103.79;1083;11333369685;S
20241024;100245;103.78;194;11333369686;S
20241024;100245;103.77;223;11333369687;S
20241024;100245;103.77;100;11333369800;S
20241024;100247;103.82;9;11333370109;S
20241024;100248;103.82;10;11333370460;S
20241024;100249;103.84;150;11333370511;B
20241024;100249;103.84;150;11333370512;B
20241024;100249;103.84;150;11333370513;B
20241024;100249;103.86;550;11333370514;B
20241024;100251;103.83;45;11333370890;B
20241024;100251;103.83;55;11333370958;B
20241024;100251;103.85;136;11333370959;B
20241024;100251;103.86;2600;11333370960;B
20241024;100251;103.87;50;11333370961;B
20241024;100251;103.87;10;11333370962;B
20241024;100251;103.88;50;11333370963;B
20241024;100251;103.88;1;11333370964;B
20241024;100251;103.88;400;11333370965;B
20241024;100251;103.89;400;11333370966;B
20241024;100251;103.89;2298;11333370967;B
20241024;100251;103.89;1;11333371084;B
20241024;100252;103.82;161;11333371338;S
20241024;100256;103.86;50;11333371966;S
20241024;100256;103.86;50;11333371973;B
20241024;100256;103.86;950;11333371974;B
20241024;100256;103.86;1000;11333371997;B
20241024;100256;103.88;50;11333372119;B
20241024;100258;103.85;130;11333372389;S
20241024;100259;103.86;2;11333372602;B
20241024;100259;103.86;100;11333372607;B
20241024;100259;103.85;52;11333372711;S
20241024;100300;103.85;70;11333372756;S
20241024;100301;103.85;1000;11333372897;S
20241024;100302;103.85;1;11333373183;S
20241024;100303;103.86;136;11333373321;B
20241024;100303;103.86;250;11333373322;B
20241024;100303;103.86;5;11333373323;B
20241024;100303;103.86;50;11333373324;B
20241024;100303;103.86;10;11333373325;B
20241024;100303;103.87;1549;11333373326;B
20241024;100303;103.85;50;11333373401;S
20241024;100304;103.87;1;11333373626;B
20241024;100304;103.87;1;11333373632;B
20241024;100305;103.85;300;11333373792;S
20241024;100306;103.85;3;11333374057;S
20241024;100306;103.85;394;11333374152;S
20241024;100306;103.85;1;11333374153;S
20241024;100306;103.84;1;11333374154;S
20241024;100308;103.82;220;11333374434;S
20241024;100308;103.82;10;11333374435;S
20241024;100308;103.82;100;11333374436;S
20241024;100308;103.78;404;11333374437;S
20241024;100308;103.77;404;11333374438;S
20241024;100308;103.76;112;11333374439;S
20241024;100309;103.81;136;11333374716;B
20241024;100309;103.82;1156;11333374717;B
20241024;100309;103.82;1813;11333374718;B
20241024;100309;103.76;887;11333374721;S
20241024;100309;103.75;60;11333374722;S
20241024;100309;103.75;1000;11333374723;S
20241024;100309;103.74;414;11333374724;S
20241024;100309;103.73;136;11333374725;S
20241024;100309;103.73;2004;11333374726;S
20241024;100309;103.73;2601;11333374727;S
20241024;100309;103.72;400;11333374728;S
20241024;100309;103.71;400;11333374729;S
20241024;100309;103.7;400;11333374730;S
20241024;100309;103.7;40;11333374731;S
20241024;100309;103.7;250;11333374732;S
20241024;100309;103.69;1000;11333374733;S
20241024;100309;103.69;400;11333374734;S
20241024;100309;103.68;1;11333374735;S
20241024;100309;103.68;400;11333374736;S
20241024;100309;103.67;400;11333374737;S
20241024;100309;103.66;400;11333374738;S
20241024;100309;103.66;286;11333374739;S
20241024;100309;103.66;261;11333374740;S
20241024;100309;103.65;400;11333374741;S
20241024;100309;103.65;1000;11333374742;S
20241024;100309;103.65;173;11333374743;S
20241024;100309;103.64;3000;11333374744;S
20241024;100309;103.64;346;11333374745;S
20241024;100309;103.64;400;11333374746;S
20241024;100309;103.63;400;11333374747;S
20241024;100309;103.62;1500;11333374748;S
20241024;100309;103.62;3000;11333374749;S
20241024;100309;103.61;165;11333374750;S
20241024;100309;103.61;500;11333374751;S
20241024;100309;103.6;45;11333374752;S
20241024;100309;103.6;1500;11333374753;S
20241024;100309;103.6;30;11333374754;S
20241024;100309;103.6;12000;11333374755;S
20241024;100309;103.6;2;11333374756;S
20241024;100309;103.6;3500;11333374757;S
20241024;100309;103.6;2;11333374758;S
20241024;100309;103.58;5;11333374759;S
20241024;100309;103.57;1;11333374760;S
20241024;100309;103.55;1;11333374761;S
20241024;100309;103.54;1514;11333374762;S
20241024;100309;103.53;1;11333374763;S
20241024;100309;103.53;10;11333374764;S
20241024;100309;103.53;200;11333374765;S
20241024;100309;103.54;20;11333374790;S
20241024;100310;103.59;108;11333375036;B
20241024;100310;103.61;200;11333375066;B
20241024;100310;103.62;800;11333375067;B
20241024;100310;103.65;400;11333375084;B
20241024;100310;103.66;550;11333375085;B
20241024;100310;103.62;136;11333375088;S
20241024;100310;103.61;250;11333375089;S
20241024;100310;103.6;2518;11333375090;S
20241024;100310;103.6;20;11333375093;S
20241024;100310;103.59;136;11333375094;S
20241024;100310;103.58;344;11333375095;S
20241024;100311;103.6;136;11333375128;S
20241024;100311;103.59;20;11333375129;S
20241024;100311;103.58;344;11333375130;S
20241024;100311;103.64;200;11333375210;B
20241024;100311;103.64;20;11333375243;B
20241024;100311;103.65;92;11333375244;B
20241024;100311;103.66;240;11333375245;B
20241024;100312;103.64;1;11333375382;B
20241024;100312;103.56;136;11333375519;S
20241024;100312;103.56;20;11333375523;S
20241024;100312;103.56;7;11333375590;S
20241024;100313;103.57;50;11333375752;S
20241024;100313;103.56;80;11333375753;S
20241024;100313;103.55;2606;11333375754;S
20241024;100313;103.54;400;11333375755;S
20241024;100313;103.54;136;11333375756;S
20241024;100313;103.53;400;11333375757;S
20241024;100313;103.52;1328;11333375758;S
20241024;100314;103.6;1;11333376140;B
20241024;100314;103.6;9;11333376167;B
20241024;100314;103.6;19;11333376168;B
20241024;100314;103.63;400;11333376169;B
20241024;100314;103.63;572;11333376170;B
20241024;100315;103.57;1;11333376479;S
20241024;100316;103.57;81;11333376563;S
20241024;100316;103.64;1;11333376604;B
20241024;100316;103.64;7;11333376620;B
20241024;100316;103.57;136;11333376748;S
20241024;100316;103.55;64;11333376749;S
20241024;100316;103.64;1;11333376811;B
20241024;100317;103.64;24;11333376843;B
20241024;100317;103.64;400;11333376844;B
20241024;100317;103.65;400;11333376845;B
20241024;100317;103.66;160;11333376846;B
20241024;100317;103.66;2118;11333376847;B
20241024;100317;103.67;400;11333376848;B
20241024;100317;103.67;261;11333376849;B
20241024;100317;103.67;250;11333376850;B
20241024;100317;103.67;2698;11333376851;B
20241024;100317;103.67;2606;11333376852;B
20241024;100317;103.68;400;11333376853;B
20241024;100317;103.68;283;11333376854;B
20241024;100317;103.61;10;11333376862;S
20241024;100317;103.68;1;11333376956;B
20241024;100317;103.61;126;11333377002;S
20241024;100317;103.61;20;11333377003;S
20241024;100317;103.6;2698;11333377004;S
20241024;100317;103.6;2156;11333377005;S
20241024;100317;103.6;1;11333377027;S
20241024;100317;103.67;81;11333377030;B
20241024;100318;103.63;57;11333377078;S
20241024;100318;103.62;20;11333377082;S
20241024;100318;103.62;480;11333377083;S
20241024;100318;103.65;50;11333377173;B
20241024;100318;103.67;10;11333377174;B
20241024;100318;103.68;399;11333377175;B
20241024;100318;103.68;541;11333377176;B
20241024;100318;103.62;5;11333377254;S
20241024;100320;103.67;1;11333377448;S
20241024;100320;103.62;15;11333377449;S
20241024;100320;103.62;5;11333377450;S
20241024;100320;103.61;136;11333377451;S
20241024;100320;103.6;212;11333377452;S
20241024;100320;103.58;131;11333377453;S
20241024;100321;103.61;5;11333377758;B
20241024;100322;103.65;1;11333377864;B
20241024;100324;103.65;1;11333378294;B
20241024;100325;103.58;136;11333378500;S
20241024;100325;103.57;364;11333378501;S
20241024;100326;103.57;136;11333378749;S
20241024;100326;103.57;200;11333378750;S
20241024;100326;103.56;400;11333378751;S
20241024;100326;103.56;1;11333378752;S
20241024;100326;103.55;400;11333378753;S
20241024;100326;103.55;81;11333378754;S
20241024;100326;103.55;735;11333378755;S
20241024;100326;103.54;400;11333378756;S
20241024;100326;103.54;492;11333378757;S
20241024;100326;103.64;1;11333378844;B
20241024;100327;103.64;399;11333378882;B
20241024;100327;103.64;2363;11333378883;B
20241024;100327;103.59;136;11333378905;S
20241024;100327;103.58;14;11333378906;S
20241024;100328;103.65;48;11333378995;B
20241024;100328;103.65;152;11333378996;B
20241024;100328;103.66;5;11333379010;B
20241024;100328;103.66;195;11333379011;B
20241024;100328;103.66;200;11333379026;B
20241024;100328;103.59;136;11333379027;S
20241024;100328;103.58;400;11333379028;S
20241024;100328;103.55;1927;11333379029;S
20241024;100328;103.55;2537;11333379030;S
20241024;100328;103.63;200;11333379037;B
20241024;100328;103.64;20;11333379051;B
20241024;100328;103.64;180;11333379052;B
20241024;100328;103.64;20;11333379053;B
20241024;100328;103.66;5;11333379054;B
20241024;100328;103.66;50;11333379055;B
20241024;100328;103.66;125;11333379056;B
20241024;100328;103.65;200;11333379066;B
20241024;100328;103.65;200;11333379107;B
20241024;100329;103.64;1;11333379297;B
20241024;100329;103.63;4;11333379346;B
20241024;100329;103.63;2500;11333379352;B
20241024;100329;103.64;24;11333379353;B
20241024;100329;103.67;4;11333379354;B
20241024;100330;103.61;9;11333379359;S
20241024;100332;103.61;3;11333379690;S
20241024;100332;103.65;1;11333379709;B
20241024;100333;103.65;9;11333379931;B
20241024;100333;103.66;1;11333379962;B
20241024;100333;103.62;10;11333379979;S
20241024;100333;103.62;20;11333379980;S
20241024;100333;103.61;588;11333379981;S
20241024;100333;103.61;136;11333379982;S
20241024;100333;103.58;705;11333379983;S
20241024;100333;103.58;691;11333379984;S
20241024;100334;103.66;4;11333380054;B
20241024;100334;103.65;8;11333380070;S
20241024;100334;103.65;6;11333380109;B
20241024;100336;103.58;20;11333380442;S
20241024;100336;103.57;480;11333380443;S
20241024;100336;103.57;10;11333380554;S
20241024;100337;103.64;1;11333380620;B
20241024;100337;103.64;1;11333380714;B
20241024;100340;103.65;1986;11333381350;B
20241024;100340;103.65;136;11333381351;B
20241024;100341;103.66;10;11333381493;B
20241024;100341;103.66;90;11333381494;B
20241024;100343;103.67;1;11333381763;B
20241024;100343;103.67;1;11333381769;B
20241024;100343;103.64;1;11333381791;S
20241024;100343;103.6;10;11333381792;S
20241024;100343;103.59;147;11333381793;S
20241024;100345;103.6;1000;11333382102;B
20241024;100345;103.65;100;11333382115;B
20241024;100345;103.65;5;11333382116;B
20241024;100345;103.66;95;11333382117;B
20241024;100347;103.6;136;11333382361;S
20241024;100347;103.59;64;11333382362;S
20241024;100350;103.63;1;11333382882;S
20241024;100350;103.63;378;11333382883;S
20241024;100350;103.62;621;11333382884;S
20241024;100352;103.67;298;11333383081;B
20241024;100352;103.67;80;11333383082;B
20241024;100353;103.65;500;11333383226;S
20241024;100354;103.68;1;11333383426;B
20241024;100355;103.65;33;11333383510;S
20241024;100357;103.68;22;11333383720;B
20241024;100357;103.68;2175;11333383721;B
20241024;100359;103.67;50;11333383931;S
20241024;100400;103.69;150;11333384033;B
20241024;100400;103.69;100;11333384034;B
20241024;100400;103.7;50;11333384035;B
20241024;100400;103.7;200;11333384036;B
20241024;100400;103.7;4800;11333384146;B
20241024;100400;103.7;1;11333384147;B
20241024;100400;103.71;136;11333384148;B
20241024;100400;103.72;63;11333384149;B
20241024;100401;103.72;400;11333384171;B
20241024;100401;103.73;100;11333384172;B
20241024;100401;103.7;500;11333384201;S
20241024;100401;103.68;500;11333384202;S
20241024;100401;103.72;136;11333384235;B
20241024;100401;103.73;300;11333384236;B
20241024;100401;103.73;200;11333384237;B
20241024;100401;103.74;400;11333384238;B
20241024;100401;103.75;400;11333384239;B
20241024;100401;103.75;1064;11333384240;B
20241024;100402;103.67;2000;11333384256;S
20241024;100402;103.68;1156;11333384284;S
20241024;100402;103.67;437;11333384285;S
20241024;100403;103.7;11;11333384429;B
20241024;100403;103.7;489;11333384453;B
20241024;100403;103.74;136;11333384474;B
20241024;100403;103.75;400;11333384475;B
20241024;100403;103.76;400;11333384476;B
20241024;100405;103.77;50;11333384764;B
20241024;100406;103.77;914;11333384872;B
20241024;100406;103.77;1;11333384878;B
20241024;100407;103.77;1638;11333385044;B
20241024;100407;103.77;136;11333385045;B
20241024;100407;103.77;2602;11333385046;B
20241024;100407;103.77;136;11333385047;B
20241024;100408;103.78;109;11333385232;B
20241024;100409;103.76;259;11333385262;S
20241024;100409;103.76;165;11333385263;S
20241024;100409;103.76;205;11333385264;S
20241024;100409;103.76;9;11333385265;S
20241024;100409;103.7;11;11333385266;S
20241024;100409;103.7;30;11333385267;S
20241024;100409;103.7;321;11333385268;S
20241024;100409;103.69;1927;11333385270;S
20241024;100409;103.69;73;11333385271;S
20241024;100409;103.73;1;11333385278;B
20241024;100410;103.73;50;11333385383;B
20241024;100412;103.73;136;11333385637;B
20241024;100412;103.73;272;11333385638;B
20241024;100412;103.75;210;11333385639;B
20241024;100412;103.75;1328;11333385640;B
20241024;100412;103.76;2603;11333385641;B
20241024;100412;103.77;1;11333385642;B
20241024;100412;103.78;2668;11333385643;B
20241024;100412;103.79;286;11333385644;B
20241024;100412;103.79;400;11333385645;B
20241024;100412;103.79;96;11333385646;B
20241024;100412;103.71;7;11333385668;B
20241024;100412;103.71;136;11333385669;B
20241024;100412;103.76;136;11333385727;B
20241024;100412;103.77;364;11333385728;B
20241024;100412;103.7;100;11333385751;S
20241024;100412;103.7;50;11333385752;S
20241024;100412;103.69;3;11333385753;S
20241024;100412;103.69;1847;11333385754;S
20241024;100413;103.76;36;11333385954;B
20241024;100413;103.76;136;11333385955;B
20241024;100413;103.78;328;11333385956;B
20241024;100415;103.76;100;11333386207;B
20241024;100415;103.72;2;11333386239;S
20241024;100416;103.72;74;11333386432;S
20241024;100417;103.72;2;11333386489;S
20241024;100417;103.72;5;11333386516;S
20241024;100418;103.72;500;11333386603;S
20241024;100420;103.72;478;11333387106;S
20241024;100420;103.71;297;11333387107;S
20241024;100420;103.7;297;11333387108;S
20241024;100421;103.7;1;11333387135;B
20241024;100422;103.7;10;11333387372;B
20241024;100423;103.69;50;11333387451;B
20241024;100424;103.69;450;11333387556;B
20241024;100424;103.69;30;11333387557;B
20241024;100424;103.7;495;11333387558;B
20241024;100424;103.68;500;11333387596;B
20241024;100426;103.67;1;11333387956;S
20241024;100427;103.67;864;11333388069;S
20241024;100427;103.67;136;11333388070;S
20241024;100427;103.7;160;11333388083;B
20241024;100428;103.7;1;11333388222;B
20241024;100429;103.7;261;11333388314;B
20241024;100429;103.7;50;11333388315;B
20241024;100429;103.74;1156;11333388316;B
20241024;100429;103.74;1922;11333388317;B
20241024;100429;103.75;4000;11333388318;B
20241024;100429;103.75;136;11333388319;B
20241024;100429;103.76;475;11333388320;B
20241024;100430;103.7;33;11333388484;S
20241024;100432;103.71;30;11333389041;S
20241024;100433;103.76;425;11333389165;B
20241024;100433;103.76;1000;11333389166;B
20241024;100433;103.76;20;11333389167;B
20241024;100433;103.77;10;11333389168;B
20241024;100433;103.77;200;11333389169;B
20241024;100433;103.77;136;11333389170;B
20241024;100433;103.79;400;11333389171;B
20241024;100433;103.79;2602;11333389172;B
20241024;100433;103.8;600;11333389173;B
20241024;100433;103.8;1000;11333389174;B
20241024;100433;103.8;100;11333389175;B
20241024;100433;103.8;500;11333389176;B
20241024;100433;103.8;7;11333389177;B
20241024;100434;103.74;20;11333389450;S
20241024;100434;103.73;1380;11333389451;S
20241024;100435;103.77;1;11333389563;B
20241024;100437;103.71;2;11333389788;S
20241024;100437;103.71;22;11333389898;S
20241024;100437;103.71;73;11333390017;S
20241024;100439;103.72;10;11333390443;S
20241024;100439;103.71;23;11333390444;S
20241024;100439;103.71;80;11333390445;S
20241024;100439;103.7;300;11333390446;S
20241024;100439;103.7;1587;11333390447;S
20241024;100440;103.7;10;11333390550;B
20241024;100440;103.75;9;11333390703;B
20241024;100441;103.75;127;11333390740;B
20241024;100441;103.76;173;11333390741;B
20241024;100442;103.75;136;11333390868;B
20241024;100442;103.76;345;11333390869;B
20241024;100442;103.76;603;11333391047;B
20241024;100442;103.76;200;11333391048;B
20241024;100443;103.76;1;11333391077;B
20241024;100443;103.77;50;11333391226;B
20241024;100444;103.77;50;11333391296;B
20241024;100444;103.77;49;11333391319;B
20241024;100444;103.77;52;11333391320;B
20241024;100444;103.75;200;11333391374;S
20241024;100445;103.79;1;11333391506;B
20241024;100445;103.79;9;11333391518;B
20241024;100445;103.79;191;11333391519;B
20241024;100445;103.75;70;11333391582;S
20241024;100446;103.75;30;11333391758;S
20241024;100446;103.75;500;11333391764;S
20241024;100448;103.79;136;11333391900;B
20241024;100448;103.8;300;11333391901;B
20241024;100448;103.8;64;11333391902;B
20241024;100448;103.75;800;11333392055;S
20241024;100448;103.79;136;11333392057;B
20241024;100448;103.8;864;11333392058;B
20241024;100448;103.79;136;11333392069;B
20241024;100448;103.8;364;11333392070;B
20241024;100450;103.79;136;11333392193;B
20241024;100451;103.8;397;11333392492;B
20241024;100451;103.8;1;11333392502;B
20241024;100453;103.79;64;11333392881;S
20241024;100453;103.77;14;11333392882;S
20241024;100453;103.76;269;11333392883;S
20241024;100453;103.75;1213;11333392884;S
20241024;100453;103.75;269;11333392885;S
20241024;100453;103.74;1171;11333392886;S
20241024;100454;103.72;45;11333393057;S
20241024;100455;103.8;1000;11333393364;B
20241024;100457;103.8;3;11333393694;B
20241024;100457;103.8;2307;11333393702;B
20241024;100457;103.8;5;11333393703;B
20241024;100457;103.81;150;11333393704;B
20241024;100457;103.81;1;11333393705;B
20241024;100457;103.81;10;11333393706;B
20241024;100457;103.82;1;11333393707;B
20241024;100457;103.82;200;11333393708;B
20241024;100457;103.82;1;11333393709;B
20241024;100457;103.82;270;11333393710;B
20241024;100457;103.83;1;11333393711;B
20241024;100457;103.83;202;11333393712;B
20241024;100457;103.84;5;11333393713;B
20241024;100457;103.84;400;11333393714;B
20241024;100457;103.84;1;11333393715;B
20241024;100457;103.84;10;11333393716;B
20241024;100457;103.84;1436;11333393717;B
20241024;100457;103.79;50;11333393733;S
20241024;100457;103.79;48;11333393734;B
20241024;100458;103.79;2;11333393913;B
20241024;100458;103.79;1;11333393914;B
20241024;100458;103.79;898;11333393927;B
20241024;100458;103.81;136;11333393928;B
20241024;100458;103.82;563;11333393929;B
20241024;100458;103.83;200;11333394028;B
20241024;100459;103.8;2;11333394109;B
20241024;100459;103.8;1;11333394137;S
20241024;100459;103.77;500;11333394138;S
20241024;100500;103.8;1599;11333394182;B
20241024;100500;103.82;101;11333394183;B
20241024;100500;103.83;1;11333394504;B
20241024;100500;103.83;100;11333394644;B
20241024;100500;103.83;136;11333394645;B
20241024;100500;103.84;5;11333394646;B
20241024;100500;103.84;259;11333394647;B
20241024;100503;103.8;1000;11333395482;B
20241024;100504;103.83;492;11333395639;B
20241024;100504;103.84;3508;11333395640;B
20241024;100504;103.84;900;11333395844;B
20241024;100505;103.85;1000;11333395956;B
20241024;100505;103.85;500;11333395957;B
20241024;100506;103.83;50;11333396093;B
20241024;100507;103.83;1156;11333396371;S
20241024;100507;103.82;100;11333396372;S
20241024;100507;103.82;744;11333396373;S
20241024;100507;103.85;3;11333396398;B
20241024;100507;103.82;1;11333396416;S
20241024;100507;103.85;100;11333396494;B
20241024;100508;103.83;400;11333396538;S
20241024;100508;103.83;100;11333396539;S
20241024;100509;103.85;1;11333396784;B
20241024;100509;103.85;1;11333396816;B
20241024;100509;103.85;200;11333396899;B
20241024;100510;103.85;895;11333396941;B
20241024;100510;103.85;136;11333396942;B
20241024;100510;103.85;20;11333396943;B
20241024;100510;103.86;1000;11333396944;B
20241024;100510;103.86;1;11333396945;B
20241024;100510;103.86;10;11333396946;B
20241024;100510;103.86;273;11333396947;B
20241024;100510;103.86;200;11333396948;B
20241024;100510;103.87;360;11333396949;B
20241024;100510;103.87;20;11333396977;B
20241024;100511;103.84;10;11333397171;S
20241024;100511;103.84;190;11333397172;S
20241024;100511;103.83;400;11333397255;S
20241024;100511;103.83;11;11333397256;S
20241024;100511;103.83;50;11333397257;S
20241024;100511;103.83;1156;11333397258;S
20241024;100511;103.82;399;11333397259;S
20241024;100511;103.82;2;11333397260;S
20241024;100511;103.82;222;11333397261;S
20241024;100511;103.81;400;11333397262;S
20241024;100511;103.81;100;11333397263;S
20241024;100511;103.81;222;11333397264;S
20241024;100511;103.8;400;11333397265;S
20241024;100511;103.8;300;11333397266;S
20241024;100511;103.79;338;11333397267;S
20241024;100512;103.82;5;11333397431;B
20241024;100512;103.8;9;11333397451;S
20241024;100512;103.79;19;11333397452;S
20241024;100512;103.77;143;11333397453;S
20241024;100512;103.77;329;11333397454;S
20241024;100512;103.77;20;11333397564;S
20241024;100512;103.77;7;11333397565;S
20241024;100512;103.77;123;11333397566;S
20241024;100512;103.76;100;11333397579;S
20241024;100512;103.76;100;11333397580;S
20241024;100513;103.76;200;11333397586;S
20241024;100513;103.75;3;11333397644;S
20241024;100513;103.75;7;11333397645;S
20241024;100513;103.75;1;11333397646;S
20241024;100513;103.75;199;11333397647;S
20241024;100513;103.79;5;11333397663;B
20241024;100513;103.75;6;11333397670;S
20241024;100513;103.74;194;11333397671;S
20241024;100513;103.75;200;11333397681;S
20241024;100513;103.75;200;11333397684;S
20241024;100513;103.75;200;11333397716;S
20241024;100513;103.79;6;11333397728;B
20241024;100514;103.78;9;11333397769;B
20241024;100515;103.75;5;11333398023;S
20241024;100515;103.74;890;11333398024;S
20241024;100515;103.74;500;11333398122;S
20241024;100516;103.78;1;11333398286;B
20241024;100516;103.81;10;11333398287;B
20241024;100516;103.82;136;11333398288;B
20241024;100516;103.84;200;11333398289;B
20241024;100516;103.85;10;11333398290;B
20241024;100516;103.85;10;11333398291;B
20241024;100516;103.85;1133;11333398292;B
20241024;100516;103.83;1;11333398317;B
20241024;100517;103.82;20;11333398389;B
20241024;100517;103.83;10;11333398390;B
20241024;100517;103.76;5;11333398455;S
20241024;100517;103.75;400;11333398456;S
20241024;100517;103.75;1595;11333398457;S
20241024;100519;103.75;400;11333398892;S
20241024;100519;103.75;20;11333398893;S
20241024;100519;103.75;5;11333398894;S
20241024;100519;103.74;400;11333398895;S
20241024;100519;103.74;175;11333398896;S
20241024;100519;103.79;129;11333398898;B
20241024;100519;103.8;136;11333398899;B
20241024;100519;103.81;9;11333398900;B
20241024;100519;103.81;113;11333398901;B
20241024;100519;103.81;1902;11333398902;S
20241024;100519;103.81;1571;11333398903;S
20241024;100519;103.81;1140;11333398921;S
20241024;100519;103.78;13068;11333398922;S
20241024;100519;103.74;2069;11333398923;S
20241024;100519;103.74;136;11333398924;S
20241024;100519;103.74;2698;11333398925;S
20241024;100519;103.74;1927;11333398926;S
20241024;100519;103.74;250;11333398927;S
20241024;100519;103.73;3200;11333398928;S
20241024;100519;103.73;400;11333398929;S
20241024;100519;103.73;3000;11333398930;S
20241024;100519;103.72;400;11333398931;S
20241024;100519;103.72;2601;11333398932;S
20241024;100519;103.71;400;11333398933;S
20241024;100519;103.7;6;11333398934;S
20241024;100519;103.7;400;11333398935;S
20241024;100519;103.7;5;11333398936;S
20241024;100519;103.69;400;11333398937;S
20241024;100519;103.68;400;11333398938;S
20241024;100519;103.67;19;11333398939;S
20241024;100519;103.67;400;11333398940;S
20241024;100519;103.67;261;11333398941;S
20241024;100519;103.66;400;11333398942;S
20241024;100519;103.66;385;11333398943;S
20241024;100519;103.66;1217;11333398944;S
20241024;100519;103.66;160;11333398985;S
20241024;100519;103.66;31;11333399123;S
20241024;100520;103.7;1;11333399323;B
20241024;100522;103.66;30;11333399610;S
20241024;100523;103.7;1;11333399740;B
20241024;100524;103.66;5;11333399834;S
20241024;100524;103.7;1;11333399953;B
20241024;100524;103.66;2569;11333399995;S
20241024;100524;103.66;100;11333399996;S
20241024;100524;103.65;597;11333399997;S
20241024;100524;103.65;5;11333399998;S
20241024;100524;103.65;5;11333399999;S
20241024;100524;103.65;136;11333400000;S
20241024;100524;103.64;4;11333400001;S
20241024;100524;103.63;25;11333400002;S
20241024;100524;103.61;10;11333400003;S
20241024;100524;103.61;400;11333400004;S
20241024;100524;103.61;10;11333400005;S
20241024;100524;103.6;10;11333400006;S
20241024;100524;103.6;100;11333400007;S
20241024;100524;103.6;145;11333400008;S
20241024;100524;103.6;28;11333400009;S
20241024;100524;103.6;5;11333400010;S
20241024;100524;103.59;400;11333400011;S
20241024;100524;103.59;10;11333400012;S
20241024;100524;103.58;100;11333400013;S
20241024;100524;103.58;5;11333400014;S
20241024;100524;103.58;50;11333400015;S
20241024;100524;103.58;286;11333400016;S
20241024;100525;103.62;100;11333400060;S
20241024;100526;103.68;10;11333400274;B
20241024;100528;103.68;1;11333400446;B
20241024;100528;103.68;6;11333400658;B
20241024;100529;103.66;20;11333400692;S
20241024;100529;103.65;50;11333400693;S
20241024;100529;103.64;930;11333400694;S
20241024;100530;103.68;5;11333400851;B
20241024;100530;103.68;15;11333400924;B
20241024;100530;103.69;400;11333400925;B
20241024;100530;103.7;400;11333400926;B
20241024;100532;103.7;250;11333401350;S
20241024;100533;103.72;500;11333401421;B
20241024;100533;103.72;50;11333401422;B
20241024;100533;103.73;400;11333401423;B
20241024;100533;103.73;500;11333401424;B
20241024;100533;103.74;400;11333401425;B
20241024;100533;103.75;150;11333401426;B
20241024;100534;103.76;1;11333401539;B
20241024;100536;103.71;22;11333401897;S
20241024;100536;103.71;78;11333402070;S
20241024;100538;103.72;50;11333402419;S
20241024;100545;103.79;81;11333403593;B
20241024;100547;103.79;1;11333403914;B
20241024;100549;103.75;20;11333404300;S
20241024;100549;103.75;103;11333404324;S
20241024;100553;103.8;250;11333405012;B
20241024;100554;103.8;1;11333405105;B
20241024;100554;103.8;149;11333405111;B
20241024;100554;103.8;150;11333405112;B
20241024;100554;103.8;136;11333405113;B
20241024;100554;103.8;1165;11333405114;B
20241024;100554;103.81;3;11333405197;B
20241024;100554;103.81;50;11333405216;B
20241024;100556;103.8;100;11333405648;S
20241024;100556;103.8;20;11333405649;S
20241024;100557;103.8;1;11333405733;B
20241024;100557;103.79;179;11333405845;S
20241024;100557;103.78;821;11333405846;S
20241024;100559;103.78;3;11333406311;S
20241024;100559;103.78;500;11333406328;S
20241024;100600;103.79;500;11333406550;B
20241024;100601;103.78;1000;11333406625;S
20241024;100603;103.78;31;11333407169;S
20241024;100603;103.78;120;11333407174;S
20241024;100603;103.79;2000;11333407290;B
20241024;100604;103.78;950;11333407519;S
20241024;100606;103.78;1500;11333407791;S
20241024;100606;103.78;272;11333407792;S
20241024;100606;103.78;27;11333407910;S
20241024;100606;103.78;187;11333407916;S
20241024;100606;103.78;272;11333407917;S
20241024;100606;103.78;272;11333407929;S
20241024;100606;103.78;272;11333407936;S
20241024;100606;103.78;272;11333407941;S
20241024;100606;103.78;272;11333408001;S
20241024;100607;103.78;500;11333408136;S
20241024;100608;103.79;20;11333408373;B
20241024;100608;103.79;7;11333408374;B
20241024;100608;103.79;73;11333408375;B
20241024;100608;103.78;500;11333408420;S
20241024;100608;103.78;129;11333408499;S
20241024;100608;103.78;6;11333408556;S
20241024;100608;103.79;927;11333408571;B
20241024;100608;103.79;2601;11333408572;B
20241024;100608;103.79;136;11333408573;B
20241024;100608;103.79;400;11333408574;B
20241024;100608;103.8;359;11333408575;B
20241024;100608;103.8;400;11333408576;B
20241024;100608;103.81;347;11333408577;B
20241024;100608;103.81;200;11333408578;B
20241024;100608;103.82;400;11333408579;B
20241024;100608;103.82;1156;11333408580;B
20241024;100608;103.82;1927;11333408581;B
20241024;100608;103.82;250;11333408582;B
20241024;100608;103.83;400;11333408583;B
20241024;100608;103.83;497;11333408584;B
20241024;100609;103.78;94;11333408596;S
20241024;100609;103.78;11;11333408597;S
20241024;100609;103.77;8;11333408598;S
20241024;100609;103.77;2;11333408599;S
20241024;100610;103.77;136;11333408884;B
20241024;100610;103.77;311;11333408885;B
20241024;100610;103.78;1156;11333408886;B
20241024;100610;103.78;897;11333408887;B
20241024;100611;103.75;10;11333409116;S
20241024;100611;103.74;1;11333409117;S
20241024;100611;103.73;1;11333409118;S
20241024;100611;103.72;3;11333409119;S
20241024;100611;103.71;1;11333409120;S
20241024;100611;103.71;10;11333409121;S
20241024;100611;103.71;223;11333409122;S
20241024;100611;103.71;251;11333409123;S
20241024;100613;103.75;10;11333409494;B
20241024;100613;103.71;16;11333409682;S
20241024;100615;103.73;1;11333410217;B
20241024;100616;103.73;135;11333410441;B
20241024;100616;103.74;400;11333410442;B
20241024;100616;103.75;289;11333410443;B
20241024;100616;103.75;50;11333410444;B
20241024;100616;103.75;1927;11333410445;B
20241024;100616;103.76;307;11333410446;B
20241024;100616;103.76;500;11333410447;B
20241024;100616;103.76;1392;11333410448;B
20241024;100617;103.71;16;11333410758;S
20241024;100620;103.71;1;11333411310;S
20241024;100620;103.7;29;11333411311;S
20241024;100620;103.73;5;11333411500;B
20241024;100620;103.73;10;11333411501;B
20241024;100620;103.7;68;11333411630;S
20241024;100621;103.74;136;11333411667;B
20241024;100621;103.75;14;11333411668;B
20241024;100621;103.7;19;11333411853;S
20241024;100621;103.74;136;11333411876;B
20241024;100621;103.75;324;11333411877;B
20241024;100621;103.7;17;11333411962;S
20241024;100621;103.7;8;11333411976;S
20241024;100621;103.74;136;11333411987;B
20241024;100621;103.75;253;11333411988;B
20241024;100622;103.75;10;11333412203;B
20241024;100624;103.74;136;11333412594;B
20241024;100624;103.75;164;11333412595;B
20241024;100631;103.71;1;11333413750;S
20241024;100631;103.71;3;11333413754;S
20241024;100631;103.71;80;11333413755;S
20241024;100631;103.71;167;11333413756;S
20241024;100634;103.74;70;11333414393;B
20241024;100635;103.75;7;11333414704;B
20241024;100638;103.71;900;11333415322;S
20241024;100641;103.74;100;11333415900;B
20241024;100641;103.74;1927;11333415901;B
20241024;100641;103.75;143;11333415902;B
20241024;100641;103.75;508;11333415903;B
20241024;100641;103.75;316;11333415904;B
20241024;100641;103.75;215;11333415905;B
20241024;100641;103.75;547;11333415906;B
20241024;100641;103.75;1500;11333415907;B
20241024;100641;103.76;400;11333415908;B
20241024;100641;103.77;500;11333415909;B
20241024;100641;103.77;400;11333415910;B
20241024;100641;103.78;400;11333415911;B
20241024;100641;103.78;2000;11333415912;B
20241024;100641;103.78;1;11333415913;B
20241024;100641;103.78;136;11333415914;B
20241024;100641;103.78;907;11333415915;B
20241024;100641;103.73;1;11333415986;S
20241024;100644;103.75;16;11333416589;S
20241024;100648;103.75;54;11333417323;S
20241024;100650;103.75;82;11333417735;S
20241024;100653;103.78;256;11333418062;B
20241024;100653;103.79;200;11333418063;B
20241024;100653;103.79;20;11333418064;B
20241024;100653;103.79;4;11333418065;B
20241024;100655;103.76;10;11333418490;S
20241024;100655;103.75;290;11333418491;S
20241024;100656;103.8;5;11333418582;B
20241024;100656;103.8;1995;11333418583;B
20241024;100657;103.8;5;11333418680;B
20241024;100657;103.8;100;11333418681;B
20241024;100657;103.8;1;11333418682;B
20241024;100657;103.8;14;11333418683;B
20241024;100658;103.8;46;11333418779;B
20241024;100658;103.8;1;11333418780;B
20241024;100658;103.81;30;11333418781;B
20241024;100700;103.8;1;11333419020;S
20241024;100704;103.8;74;11333419622;S
20241024;100704;103.8;26;11333419623;S
20241024;100705;103.81;18;11333419704;B
20241024;100708;103.8;200;11333420141;S
20241024;100710;103.8;74;11333420473;S
20241024;100710;103.8;6;11333420474;S
20241024;100711;103.8;200;11333420804;S
20241024;100712;103.8;1209;11333420966;S
20241024;100715;103.8;20;11333421353;S
20241024;100716;103.8;500;11333421436;S
20241024;100716;103.8;100;11333421532;S
20241024;100717;103.81;32;11333421543;B
20241024;100717;103.81;614;11333421544;B
20241024;100717;103.81;77;11333421554;B
20241024;100717;103.81;6;11333421620;B
20241024;100717;103.81;303;11333421682;B
20241024;100719;103.81;50;11333421797;S
20241024;100721;103.81;147;11333422228;S
20241024;100721;103.81;320;11333422229;S
20241024;100721;103.81;350;11333422259;S
20241024;100721;103.81;1;11333422260;S
20241024;100721;103.81;200;11333422261;S
20241024;100721;103.8;449;11333422262;S
20241024;100724;103.82;20;11333422907;B
20241024;100724;103.82;1;11333422908;B
20241024;100724;103.82;1;11333422909;B
20241024;100726;103.83;1;11333423148;B
20241024;100726;103.83;199;11333423149;B
20241024;100727;103.81;11;11333423387;S
20241024;100729;103.83;1;11333423699;B
20241024;100729;103.82;30;11333423778;S
20241024;100729;103.83;200;11333423816;B
20241024;100730;103.82;376;11333423975;S
20241024;100730;103.81;136;11333423976;S
20241024;100730;103.81;85;11333423977;S
20241024;100730;103.81;500;11333423978;S
20241024;100730;103.81;1903;11333423979;S
20241024;100731;103.82;87;11333424164;B
20241024;100732;103.8;270;11333424419;S
20241024;100734;103.81;21;11333424852;B
20241024;100737;103.8;195;11333425163;S
20241024;100737;103.8;7;11333425303;S
20241024;100738;103.81;338;11333425412;B
20241024;100738;103.81;929;11333425413;B
20241024;100738;103.81;1;11333425414;B
20241024;100738;103.82;500;11333425415;B
20241024;100738;103.82;232;11333425416;B
20241024;100738;103.81;1;11333425478;B
20241024;100739;103.81;328;11333425585;B
20241024;100740;103.82;441;11333425801;B
20241024;100741;103.82;29;11333425995;S
20241024;100741;103.82;259;11333425996;S
20241024;100741;103.81;712;11333425997;S
20241024;100745;103.83;600;11333426648;B
20241024;100745;103.83;20;11333426649;B
20241024;100745;103.83;200;11333426650;B
20241024;100745;103.83;2040;11333426651;B
20241024;100745;103.83;40;11333426779;B
20241024;100745;103.82;279;11333426824;S
20241024;100745;103.82;136;11333426825;S
20241024;100745;103.82;20;11333426826;S
20241024;100745;103.81;486;11333426827;S
20241024;100745;103.83;33;11333426828;B
20241024;100747;103.82;136;11333427162;S
20241024;100747;103.82;20;11333427163;S
20241024;100747;103.81;774;11333427164;S
20241024;100747;103.81;1;11333427165;S
20241024;100747;103.81;413;11333427166;S
20241024;100747;103.81;439;11333427167;S
20241024;100747;103.81;1927;11333427168;S
20241024;100747;103.8;6290;11333427169;S
20241024;100747;103.82;4;11333427183;B
20241024;100748;103.8;55;11333427202;S
20241024;100748;103.8;1;11333427209;S
20241024;100749;103.8;5;11333427405;S
20241024;100749;103.8;30;11333427511;S
20241024;100749;103.82;40;11333427532;B
20241024;100750;103.82;20;11333427685;B
20241024;100751;103.81;80;11333427783;S
20241024;100753;103.82;180;11333428139;B
20241024;100754;103.84;10;11333428345;B
20241024;100754;103.84;340;11333428411;B
20241024;100754;103.84;3;11333428412;B
20241024;100754;103.84;20;11333428413;B
20241024;100754;103.84;1;11333428414;B
20241024;100754;103.84;200;11333428415;B
20241024;100758;103.85;1;11333429227;B
20241024;100758;103.85;1;11333429228;B
20241024;100758;103.87;10;11333429346;B
20241024;100759;103.85;273;11333429565;B
20241024;100801;103.85;27;11333429858;B
20241024;100801;103.85;73;11333429859;B
20241024;100802;103.85;49;11333430039;B
20241024;100802;103.86;1;11333430040;B
20241024;100802;103.84;1;11333430174;S
20241024;100803;103.84;4;11333430372;S
20241024;100803;103.84;46;11333430373;S
20241024;100803;103.86;4;11333430378;B
20241024;100803;103.87;346;11333430379;B
20241024;100804;103.87;40;11333430407;B
20241024;100804;103.85;1;11333430594;S
20241024;100804;103.85;5;11333430595;S
20241024;100804;103.84;379;11333430596;S
20241024;100804;103.83;1;11333430597;S
20241024;100807;103.84;1;11333431120;S
20241024;100810;103.84;149;11333431625;S
20241024;100810;103.84;482;11333431670;B
20241024;100811;103.84;367;11333431746;B
20241024;100813;103.84;2;11333432166;B
20241024;100813;103.84;5;11333432167;B
20241024;100813;103.87;3;11333432168;B
20241024;100815;103.83;4;11333432428;S
20241024;100815;103.85;100;11333432505;B
20241024;100815;103.87;221;11333432506;B
20241024;100815;103.87;1;11333432507;B
20241024;100815;103.87;200;11333432508;B
20241024;100815;103.87;100;11333432509;B
20241024;100815;103.87;1;11333432510;B
20241024;100815;103.88;50;11333432511;B
20241024;100815;103.88;500;11333432512;B
20241024;100815;103.88;1;11333432513;B
20241024;100815;103.88;20;11333432514;B
20241024;100815;103.89;1;11333432515;B
20241024;100815;103.89;1;11333432516;B
20241024;100815;103.89;500;11333432517;B
20241024;100815;103.89;400;11333432518;B
20241024;100815;103.89;10;11333432519;B
20241024;100815;103.89;7844;11333432520;B
20241024;100815;103.89;1;11333432560;B
20241024;100816;103.89;25;11333432809;B
20241024;100816;103.89;3575;11333432831;B
20241024;100816;103.89;1;11333432832;B
20241024;100816;103.89;400;11333432833;B
20241024;100816;103.9;1;11333432834;B
20241024;100816;103.9;200;11333432835;B
20241024;100816;103.9;10;11333432836;B
20241024;100816;103.9;100;11333432837;B
20241024;100816;103.9;4713;11333432838;B
20241024;100816;103.9;15287;11333432839;B
20241024;100816;103.9;15;11333432840;B
20241024;100816;103.9;3774;11333432841;B
20241024;100816;103.9;583;11333432842;B
20241024;100816;103.9;250;11333432843;B
20241024;100817;103.9;15;11333432857;B
20241024;100817;103.89;50;11333432866;S
20241024;100817;103.9;80;11333432908;B
20241024;100817;103.9;270;11333432909;B
20241024;100818;103.9;230;11333433017;B
20241024;100818;103.92;5;11333433018;B
20241024;100818;103.92;1;11333433019;B
20241024;100818;103.92;1;11333433020;B
20241024;100818;103.93;100;11333433021;B
20241024;100818;103.93;1;11333433022;B
20241024;100818;103.93;166;11333433023;B
20241024;100818;103.9;136;11333433206;S
20241024;100819;103.9;4864;11333433250;B
20241024;100819;103.94;5;11333433288;B
20241024;100819;103.94;1;11333433289;B
20241024;100819;103.94;1;11333433290;B
20241024;100819;103.94;50;11333433291;B
20241024;100819;103.95;500;11333433292;B
20241024;100819;103.95;600;11333433293;B
20241024;100819;103.95;1;11333433294;B
20241024;100819;103.95;20;11333433295;B
20241024;100819;103.95;1;11333433296;B
20241024;100819;103.96;3;11333433297;B
20241024;100819;103.96;1;11333433298;B
20241024;100819;103.96;1;11333433299;B
20241024;100819;103.96;100;11333433300;B
20241024;100819;103.97;216;11333433301;B
20241024;100819;103.97;93;11333433310;B
20241024;100819;103.97;96;11333433311;B
20241024;100819;103.97;311;11333433312;B
20241024;100819;103.97;500;11333433319;B
20241024;100820;103.97;7;11333433345;B
20241024;100820;103.97;20;11333433383;B
20241024;100820;103.95;500;11333433530;B
20241024;100820;103.98;1;11333433538;B
20241024;100820;103.98;499;11333433539;B
20241024;100821;103.98;5716;11333433595;B
20241024;100821;103.98;1701;11333433639;B
20241024;100821;103.98;20;11333433687;B
20241024;100822;103.98;40;11333433828;B
20241024;100823;103.96;10;11333433895;S
20241024;100823;103.95;5;11333433896;S
20241024;100823;103.94;10;11333433897;S
20241024;100823;103.93;175;11333433898;S
20241024;100823;103.97;1;11333433940;B
20241024;100824;103.96;5;11333434166;S
20241024;100824;103.96;5;11333434181;B
20241024;100825;103.96;20;11333434186;B
20241024;100826;103.93;38;11333434501;S
20241024;100827;103.96;10;11333434548;B
20241024;100828;103.94;40;11333434659;B
20241024;100828;103.93;300;11333434704;S
20241024;100828;103.94;1059;11333434844;B
20241024;100828;103.94;941;11333434845;B
20241024;100829;103.93;35;11333434999;S
20241024;100829;103.93;5;11333435040;S
20241024;100829;103.95;123;11333435100;B
20241024;100829;103.95;136;11333435101;B
20241024;100829;103.96;60;11333435102;B
20241024;100829;103.96;1;11333435103;B
20241024;100829;103.96;1359;11333435104;B
20241024;100829;103.97;3442;11333435105;B
20241024;100829;103.97;2597;11333435106;B
20241024;100829;103.98;1239;11333435107;B
20241024;100829;103.98;2500;11333435108;B
20241024;100829;103.99;898;11333435109;B
20241024;100829;103.99;100;11333435110;B
20241024;100829;103.99;3000;11333435111;B
20241024;100829;103.99;50;11333435112;B
20241024;100829;103.99;1000;11333435113;B
20241024;100829;103.99;50;11333435114;B
20241024;100829;103.99;400;11333435115;B
20241024;100829;103.99;1;11333435116;B
20241024;100829;104;1;11333435117;B
20241024;100829;104;2500;11333435118;B
20241024;100829;104;4;11333435119;B
20241024;100829;104;1000;11333435120;B
20241024;100829;104;100;11333435121;B
20241024;100829;104;7;11333435122;B
20241024;100829;104;10;11333435123;B
20241024;100829;104;1000;11333435124;B
20241024;100829;104;300;11333435125;B
20241024;100829;104;500;11333435126;B
20241024;100829;104;2500;11333435127;B
20241024;100829;104;2;11333435128;B
20241024;100829;104;120;11333435129;B
20241024;100829;103.99;200;11333435133;B
20241024;100829;103.99;2;11333435138;B
20241024;100830;104;60;11333435159;B
20241024;100830;104;1900;11333435182;B
20241024;100830;104;143;11333435201;B
20241024;100830;104;777;11333435202;B
20241024;100830;104;200;11333435203;B
20241024;100830;104;50;11333435204;B
20241024;100830;104;25;11333435205;B
20241024;100830;104;2448;11333435206;B
20241024;100830;104;1813;11333435207;B
20241024;100830;104;5000;11333435319;B
20241024;100830;104;1319;11333435320;B
20241024;100830;104;101;11333435321;B
20241024;100830;104;150;11333435322;B
20241024;100830;104;120;11333435333;B
20241024;100830;104;50;11333435365;B
20241024;100830;104;2583;11333435379;B
20241024;100830;104;1000;11333435387;B
20241024;100830;104;10;11333435390;B
20241024;100831;104;2113;11333435395;B
20241024;100831;104;50;11333435396;B
20241024;100831;104;3243;11333435406;B
20241024;100831;104;20;11333435407;B
20241024;100831;104;990;11333435408;B
20241024;100831;104;110;11333435409;B
20241024;100831;104;1000;11333435410;B
20241024;100831;104;4637;11333435411;B
20241024;100831;104;2363;11333435419;B
20241024;100831;104;5;11333435420;B
20241024;100831;104;2;11333435421;B
20241024;100831;104;200;11333435422;B
20241024;100831;104;1000;11333435423;B
20241024;100831;104.01;132;11333435424;B
20241024;100831;104.02;15;11333435425;B
20241024;100831;104.04;5;11333435426;B
20241024;100831;104.04;400;11333435427;B
20241024;100831;104.04;261;11333435428;B
20241024;100831;104.04;136;11333435429;B
20241024;100831;104.05;200;11333435430;B
20241024;100831;104.05;400;11333435431;B
20241024;100831;104.05;2698;11333435432;B
20241024;100831;104.06;400;11333435433;B
20241024;100831;104.06;166;11333435434;B
20241024;100831;104.06;2698;11333435435;B
20241024;100831;104.06;2596;11333435436;B
20241024;100831;104.07;14;11333435437;B
20241024;100831;104.07;400;11333435438;B
20241024;100831;104.07;3000;11333435439;B
20241024;100831;104.08;2;11333435440;B
20241024;100831;104.08;400;11333435441;B
20241024;100831;104.08;3000;11333435442;B
20241024;100831;104.09;2;11333435443;B
20241024;100831;104.09;50;11333435444;B
20241024;100831;104.09;100;11333435445;B
20241024;100831;104.09;400;11333435446;B
20241024;100831;104.1;30;11333435447;B
20241024;100831;104.1;10;11333435448;B
20241024;100831;104.1;50;11333435449;B
20241024;100831;104.1;100;11333435450;B
20241024;100831;104.1;100;11333435451;B
20241024;100831;104.1;3;11333435452;B
20241024;100831;104.1;4;11333435453;B
20241024;100831;104.1;100;11333435454;B
20241024;100831;104.1;1;11333435455;B
20241024;100831;104.1;400;11333435456;B
20241024;100831;104.11;1000;11333435457;B
20241024;100831;104.11;3464;11333435458;B
20241024;100831;104.11;50;11333435459;B
20241024;100831;104.11;400;11333435460;B
20241024;100831;104.12;300;11333435461;B
20241024;100831;104.12;400;11333435462;B
20241024;100831;104.13;400;11333435463;B
20241024;100831;104.14;1;11333435464;B
20241024;100831;104.14;50;11333435465;B
20241024;100831;104.15;1000;11333435466;B
20241024;100831;104.15;3000;11333435467;B
20241024;100831;104.15;150;11333435468;B
20241024;100831;104.16;500;11333435469;B
20241024;100831;104.16;600;11333435470;B
20241024;100831;104.17;130;11333435471;B
20241024;100831;104.17;1;11333435472;B
20241024;100831;104.17;1500;11333435473;B
20241024;100831;104.18;5211;11333435474;B
20241024;100831;104.08;136;11333435475;S
20241024;100831;104.05;114;11333435476;S
20241024;100831;104.12;708;11333435486;B
20241024;100831;104.13;136;11333435487;B
20241024;100831;104.13;2596;11333435488;B
20241024;100831;104.16;50;11333435489;B
20241024;100831;104.15;961;11333435490;S
20241024;100831;104.15;144;11333435491;B
20241024;100831;104.16;350;11333435492;B
20241024;100831;104.16;614;11333435493;B
20241024;100831;104.16;136;11333435494;B
20241024;100831;104.16;2596;11333435495;B
20241024;100831;104.17;400;11333435496;B
20241024;100831;104.17;774;11333435497;B
20241024;100831;104.17;70;11333435498;B
20241024;100831;104.1;1;11333435499;S
20241024;100831;104.16;156;11333435509;B
20241024;100831;104.18;400;11333435510;B
20241024;100831;104.18;136;11333435511;B
20241024;100831;104.19;1;11333435512;B
20241024;100831;104.19;96;11333435513;B
20241024;100831;104.19;4;11333435514;B
20241024;100831;104.19;50;11333435515;B
20241024;100831;104.19;400;11333435516;B
20241024;100831;104.19;250;11333435517;B
20241024;100831;104.19;657;11333435518;B
20241024;100831;104.18;96;11333435520;B
20241024;100831;104.18;104;11333435521;B
20241024;100831;104.12;200;11333435523;S
20241024;100831;104.16;20;11333435524;B
20241024;100831;104.18;1680;11333435525;B
20241024;100831;104.16;20;11333435541;B
20241024;100831;104.18;950;11333435542;B
20241024;100831;104.18;2;11333435545;B
20241024;100831;104.19;18;11333435546;B
20241024;100831;104.12;45;11333435548;S
20241024;100831;104.18;136;11333435555;B
20241024;100831;104.18;814;11333435556;B
20241024;100831;104.12;300;11333435558;S
20241024;100831;104.19;822;11333435561;B
20241024;100831;104.19;400;11333435562;B
20241024;100831;104.19;96;11333435563;B
20241024;100831;104.19;136;11333435564;B
20241024;100831;104.19;246;11333435565;B
20241024;100831;104.19;400;11333435570;B
20241024;100831;104.2;100;11333435571;B
20241024;100831;104.2;2405;11333435572;B
20241024;100831;104.2;100;11333435573;B
20241024;100831;104.2;5573;11333435574;B
20241024;100831;104.19;1941;11333435578;B
20241024;100831;104.2;59;11333435579;B
20241024;100831;104.15;5;11333435580;S
20241024;100831;104.15;50;11333435583;S
20241024;100831;104.2;2845;11333435584;B
20241024;100832;104.2;140;11333435589;B
20241024;100832;104.15;100;11333435592;B
20241024;100832;104.2;1383;11333435593;B
20241024;100832;104.2;50;11333435594;B
20241024;100832;104.2;1000;11333435595;B
20241024;100832;104.2;20;11333435596;B
20241024;100832;104.21;98;11333435597;B
