<DATE>;<TIME>;<LAST>;<VOL>;<ID>;<OPER>
20241225;095937;89.2;1;11821325655;B
20241225;095937;89.2;1;11821325656;B
20241225;095937;89.2;16;11821325657;B
20241225;095937;89.2;2;11821325658;B
20241225;095937;89.2;20;11821325659;B
20241225;095937;89.2;9;11821325660;B
20241225;095937;89.2;80;11821325661;B
20241225;095937;89.2;1000;11821325662;B
20241225;095937;89.2;4;11821325663;B
20241225;095937;89.2;1;11821325664;B
20241225;095937;89.2;1;11821325665;B
20241225;095937;89.2;12;11821325666;B
20241225;095937;89.2;2;11821325667;B
20241225;095937;89.2;182;11821325668;B
20241225;095937;89.2;2;11821325669;B
20241225;095937;89.2;6;11821325670;B
20241225;095937;89.2;2;11821325671;B
20241225;095937;89.2;888;11821325672;B
20241225;095937;89.2;100;11821325673;B
20241225;095937;89.2;1;11821325674;B
20241225;095937;89.2;5;11821325675;B
20241225;095937;89.2;22;11821325676;B
20241225;095937;89.2;16;11821325677;B
20241225;095937;89.2;5;11821325678;B
20241225;095937;89.2;1;11821325679;B
20241225;095937;89.2;20;11821325680;B
20241225;095937;89.2;15;11821325681;B
20241225;095937;89.2;810;11821325682;B
20241225;095937;89.2;1357;11821325683;B
20241225;095937;89.2;1;11821325684;B
20241225;095937;89.2;50;11821325685;B
20241225;095937;89.2;10;11821325686;B
20241225;095937;89.2;15;11821325687;B
20241225;095937;89.2;1000;11821325688;B
20241225;095937;89.2;1;11821325689;B
20241225;095937;89.2;1;11821325690;B
20241225;095937;89.2;222;11821325691;B
20241225;095937;89.2;2000;11821325692;B
20241225;095937;89.2;8;11821325693;B
20241225;095937;89.2;10;11821325694;B
20241225;095937;89.2;10;11821325695;B
20241225;095937;89.2;10;11821325696;B
20241225;095937;89.2;10;11821325697;B
20241225;095937;89.2;1071;11821325698;B
20241225;095937;89.2;150;11821325699;B
20241225;095937;89.2;2;11821325700;B
20241225;095937;89.2;640;11821325701;B
20241225;095937;89.2;200;11821325702;B
20241225;095937;89.2;250;11821325703;B
20241225;095937;89.2;187;11821325704;B
20241225;095937;89.2;1;11821325705;B
20241225;095937;89.2;7;11821325706;B
20241225;095937;89.2;5;11821325707;S
20241225;095937;89.2;29;11821325708;S
20241225;095937;89.2;4;11821325709;S
20241225;095937;89.2;167;11821325710;S
20241225;095937;89.2;91;11821325711;S
20241225;095937;89.2;1500;11821325712;S
20241225;095937;89.2;557;11821325713;S
20241225;095937;89.2;1176;11821325714;S
20241225;095937;89.2;4704;11821325715;S
20241225;095937;89.2;1805;11821325716;S
20241225;095937;89.2;1;11821325717;S
20241225;095937;89.2;44;11821325718;S
20241225;095937;89.2;150;11821325719;S
20241225;095937;89.2;20;11821325720;S
20241225;095937;89.2;57;11821325721;B
20241225;095937;89.2;5;11821325722;S
20241225;095937;89.2;5;11821325723;S
20241225;095937;89.2;5;11821325724;S
20241225;095937;89.2;5;11821325725;S
20241225;095937;89.2;1000;11821325726;S
20241225;095937;89.2;30;11821325727;S
20241225;095937;89.2;22;11821325728;S
20241225;095937;89.2;34;11821325729;S
20241225;095937;89.2;1167;11821325730;B
20241225;095937;89.2;5;11821325731;B
20241225;095937;89.2;328;11821325732;S
20241225;095937;89.2;3;11821325733;S
20241225;095937;89.2;10;11821325734;S
20241225;095937;89.2;5;11821325735;B
20241225;095937;89.2;39;11821325736;B
20241225;095937;89.2;1;11821325737;B
20241225;095937;89.2;1;11821325738;S
20241225;095937;89.2;100;11821325739;S
20241225;095937;89.2;1;11821325740;B
20241225;095937;89.2;1;11821325741;S
20241225;095937;89.2;1;11821325742;S
20241225;095937;89.2;10;11821325743;S
20241225;095937;89.2;100;11821325744;S
20241225;095937;89.2;1;11821325745;S
20241225;095937;89.2;1;11821325746;B
20241225;095937;89.2;1;11821325747;B
20241225;095937;89.2;1;11821325748;S
20241225;095937;89.2;3224;11821325749;B
20241225;095937;89.2;1;11821325750;B
20241225;095937;89.2;1500;11821325751;B
20241225;095937;89.2;1275;11821325752;B
20241225;095937;89.2;1;11821325753;B
20241225;095937;89.2;1;11821325754;S
20241225;095937;89.2;8;11821325755;S
20241225;095937;89.2;2;11821325756;S
20241225;095937;89.2;1;11821325757;S
20241225;095937;89.2;4;11821325758;S
20241225;095937;89.2;1708;11821325759;S
20241225;095937;89.2;200;11821325760;S
20241225;095937;89.2;600;11821325761;S
20241225;095937;89.2;100;11821325762;S
20241225;095937;89.2;2247;11821325763;S
20241225;095937;89.2;145;11821325764;B
20241225;095937;89.2;2101;11821325765;S
20241225;095937;89.2;684;11821325766;S
20241225;095937;89.2;116;11821325767;B
20241225;095937;89.2;584;11821325768;B
20241225;095937;89.2;100;11821325769;B
20241225;095937;89.2;1;11821325770;S
20241225;095937;89.2;23;11821325771;B
20241225;095937;89.2;10;11821325772;S
20241225;095937;89.2;1;11821325773;S
20241225;095937;89.2;50;11821325774;B
20241225;095937;89.2;231;11821325775;B
20241225;095937;89.2;269;11821325776;S
20241225;095937;89.2;231;11821325777;S
20241225;095937;89.2;100;11821325778;B
20241225;095937;89.2;10;11821325779;B
20241225;095937;89.2;1500;11821325780;S
20241225;095937;89.2;1800;11821325781;S
20241225;095937;89.2;1000;11821325782;S
20241225;095937;89.2;150;11821325783;S
20241225;095937;89.2;209;11821325784;S
20241225;095937;89.2;3;11821325785;S
20241225;095937;89.2;200;11821325786;S
20241225;095937;89.2;1;11821325787;B
20241225;100000;89.2;187;11821330131;B
20241225;100000;89.21;1000;11821330191;S
20241225;100000;89.21;275;11821330229;S
20241225;100000;89.21;40;11821330243;S
20241225;100000;89.25;3;11821330284;B
20241225;100000;89.25;5;11821330286;B
20241225;100000;89.21;20;11821330287;S
20241225;100000;89.21;346;11821330291;S
20241225;100000;89.19;110;11821330292;S
20241225;100000;89.18;2;11821330293;S
20241225;100000;89.18;500;11821330294;S
20241225;100000;89.17;1;11821330295;S
20241225;100000;89.17;1;11821330296;S
20241225;100000;89.16;40;11821330297;S
20241225;100000;89.17;1681;11821330301;S
20241225;100000;89.16;60;11821330302;S
20241225;100000;89.16;2;11821330303;S
20241225;100000;89.15;1;11821330304;S
20241225;100000;89.15;50;11821330305;S
20241225;100000;89.15;1000;11821330306;S
20241225;100000;89.15;2000;11821330307;S
20241225;100000;89.15;1;11821330308;S
20241225;100000;89.15;1;11821330309;S
20241225;100000;89.15;1;11821330310;S
20241225;100000;89.14;200;11821330311;S
20241225;100000;89.14;1;11821330312;S
20241225;100000;89.14;79;11821330313;S
20241225;100000;89.12;5;11821330314;S
20241225;100000;89.12;300;11821330315;S
20241225;100000;89.12;50;11821330316;S
20241225;100000;89.11;1082;11821330317;S
20241225;100000;89.11;1;11821330318;S
20241225;100000;89.11;1289;11821330319;S
20241225;100000;89.24;2623;11821330320;B
20241225;100000;89.25;376;11821330321;B
20241225;100000;89.12;2550;11821330328;S
20241225;100000;89.11;18711;11821330329;S
20241225;100000;89.1;30;11821330330;S
20241225;100000;89.1;1;11821330331;S
20241225;100000;89.1;250;11821330332;S
20241225;100000;89.1;50;11821330333;S
20241225;100000;89.1;5000;11821330334;S
20241225;100000;89.09;100;11821330335;S
20241225;100000;89.06;20;11821330336;S
20241225;100000;89.05;5;11821330337;S
20241225;100000;89.05;1800;11821330338;S
20241225;100000;89.03;5000;11821330339;S
20241225;100000;89.03;20;11821330340;S
20241225;100000;89.01;1;11821330341;S
20241225;100000;89.01;40;11821330342;S
20241225;100000;89.01;5;11821330343;S
20241225;100000;89.01;10;11821330344;S
20241225;100000;89.01;5000;11821330345;S
20241225;100000;89.01;5;11821330346;S
20241225;100000;89;1;11821330347;S
20241225;100000;89;2;11821330348;S
20241225;100000;89;1;11821330349;S
20241225;100000;89;10;11821330350;S
20241225;100000;89;8;11821330351;S
20241225;100000;89;1;11821330352;S
20241225;100000;89;1;11821330353;S
20241225;100000;89;100;11821330354;S
20241225;100000;89;1;11821330355;S
20241225;100000;89;1;11821330356;S
20241225;100000;89;10;11821330357;S
20241225;100000;89;1;11821330358;S
20241225;100000;89;1;11821330359;S
20241225;100000;89;10;11821330360;S
20241225;100000;89;5;11821330361;S
20241225;100000;89;10;11821330362;S
20241225;100000;89;1;11821330363;S
20241225;100000;89;100;11821330364;S
20241225;100000;89;2;11821330365;S
20241225;100000;89;15;11821330366;S
20241225;100000;89;1;11821330367;S
20241225;100000;89;1;11821330368;S
20241225;100000;89;50;11821330369;S
20241225;100000;89;4;11821330370;S
20241225;100000;89;10;11821330371;S
20241225;100000;89;5;11821330372;S
20241225;100000;89;7848;11821330373;S
20241225;100000;89;1;11821330374;S
20241225;100000;89;6;11821330375;S
20241225;100000;89;10;11821330376;S
20241225;100000;89;28;11821330377;S
20241225;100000;89;44500;11821330378;S
20241225;100000;89;1000;11821330379;S
20241225;100000;89;30;11821330380;S
20241225;100000;89;1;11821330381;S
20241225;100000;89;1;11821330382;S
20241225;100000;89;1;11821330383;S
20241225;100000;89;1681;11821330384;B
20241225;100000;89;2734;11821330396;B
20241225;100000;89;3209;11821330399;B
20241225;100000;88.95;1;11821330406;S
20241225;100000;88.99;2487;11821330429;B
20241225;100000;88.95;651;11821330430;S
20241225;100000;88.93;1681;11821330431;S
20241225;100000;88.92;168;11821330432;S
20241225;100000;88.98;1000;11821330445;B
20241225;100000;89.15;50;11821330522;B
20241225;100000;89.17;1000;11821330523;B
20241225;100000;89.2;1681;11821330524;B
20241225;100000;89.21;4959;11821330533;S
20241225;100000;89.24;74;11821330547;B
20241225;100000;89.24;126;11821330548;B
20241225;100000;89.21;41;11821330550;S
20241225;100000;89.21;2269;11821330553;S
20241225;100000;89.21;6;11821330556;S
20241225;100000;89.21;1;11821330574;S
20241225;100000;89.21;5;11821330580;S
20241225;100000;89.06;20;11821330595;S
20241225;100000;89.06;4;11821330596;S
20241225;100000;89.24;1;11821330628;B
20241225;100000;89.22;25;11821330629;S
20241225;100000;89.16;25;11821330630;S
20241225;100000;89.16;2;11821330632;S
20241225;100000;89.22;25;11821330637;S
20241225;100000;89.07;595;11821330683;S
20241225;100000;89.2;500;11821330702;B
20241225;100000;89.07;100;11821330709;S
20241225;100000;89.06;1680;11821330714;S
20241225;100000;89.06;5;11821330715;S
20241225;100000;89.04;25;11821330716;S
20241225;100000;88.93;2224;11821330717;S
20241225;100000;88.93;166;11821330718;S
20241225;100000;89.17;44;11821330751;B
20241225;100000;89.02;759;11821330759;S
20241225;100000;89.16;1000;11821330792;B
20241225;100000;89.03;2224;11821330793;S
20241225;100000;89.02;1334;11821330794;S
20241225;100000;89.02;1683;11821330795;S
20241225;100000;89.02;2159;11821330798;B
20241225;100001;89.03;5;11821330854;S
20241225;100001;89.08;600;11821330904;B
20241225;100001;89.15;1112;11821330905;B
20241225;100001;89.16;84;11821330906;B
20241225;100001;89.16;1557;11821330907;B
20241225;100001;89.16;1683;11821330908;B
20241225;100001;89.17;464;11821330909;B
20241225;100001;89.02;1683;11821330910;S
20241225;100001;89;7;11821330911;S
20241225;100001;89;1;11821330912;S
20241225;100001;88.94;909;11821330913;S
20241225;100001;88.95;1;11821330923;S
20241225;100001;89.18;1;11821331001;B
20241225;100001;89.02;3;11821331023;S
20241225;100001;89.19;20;11821331082;B
20241225;100001;89.04;144;11821331083;S
20241225;100001;89.02;16;11821331136;S
20241225;100001;89.17;16;11821331161;B
20241225;100001;89.18;28;11821331162;B
20241225;100001;89.03;100;11821331163;S
20241225;100001;89.18;44;11821331180;B
20241225;100001;89.03;3;11821331181;S
20241225;100001;89.01;40;11821331198;S
20241225;100001;89.18;180;11821331202;B
20241225;100001;89.02;400;11821331205;S
20241225;100001;89.03;6;11821331206;S
20241225;100001;89.17;20;11821331212;B
20241225;100001;89.04;2224;11821331242;S
20241225;100001;89.03;1677;11821331243;S
20241225;100001;89.01;18099;11821331255;B
20241225;100001;89.04;40;11821331300;S
20241225;100001;89.04;1;11821331319;S
20241225;100001;89.02;3;11821331406;S
20241225;100001;89.02;2;11821331416;S
20241225;100001;89.17;100;11821331418;B
20241225;100001;89.03;41;11821331468;S
20241225;100001;89.17;20;11821331473;B
20241225;100001;89.03;10;11821331517;S
20241225;100001;89.16;20;11821331530;B
20241225;100001;89.16;100;11821331537;B
20241225;100001;89.03;11;11821331549;S
20241225;100001;89.03;20;11821331554;S
20241225;100001;89.03;200;11821331555;S
20241225;100001;89.03;3;11821331573;S
20241225;100001;89.03;1000;11821331584;S
20241225;100001;89.06;1;11821331598;S
20241225;100001;89.06;199;11821331609;S
20241225;100001;89.05;501;11821331610;S
20241225;100001;89.05;3;11821331616;S
20241225;100001;89.04;1;11821331691;S
20241225;100001;89.16;1;11821331713;B
20241225;100001;89.03;10;11821331751;S
20241225;100001;89.16;20;11821331773;B
20241225;100001;89.02;130;11821331888;S
20241225;100001;89.02;5;11821331892;S
20241225;100001;89.16;12;11821331915;B
20241225;100001;89.02;2896;11821331922;S
20241225;100001;89.02;104;11821331923;S
20241225;100001;89.02;500;11821332057;S
20241225;100001;89.02;3;11821332076;S
20241225;100001;89.02;200;11821332111;S
20241225;100001;89.02;3;11821332116;S
20241225;100001;89.02;62;11821332117;S
20241225;100001;89.14;20;11821332120;B
20241225;100001;89.05;3;11821332133;S
20241225;100001;89.06;30;11821332143;S
20241225;100001;89.14;1;11821332147;B
20241225;100001;89.04;12;11821332156;S
20241225;100001;89.14;162;11821332159;B
20241225;100001;89.15;1838;11821332160;B
20241225;100001;89.09;200;11821332180;S
20241225;100001;89.19;1;11821332181;B
20241225;100001;89.09;3;11821332200;S
20241225;100002;89.09;1;11821332209;S
20241225;100002;89.1;2;11821332260;S
20241225;100002;89.17;8;11821332306;B
20241225;100002;89.17;20;11821332374;B
20241225;100002;89.1;70;11821332376;S
20241225;100002;89.1;1;11821332404;S
20241225;100002;89.17;25;11821332409;B
20241225;100002;89.17;1;11821332416;B
20241225;100002;89.17;20;11821332490;B
20241225;100002;89.1;930;11821332499;S
20241225;100002;89.09;270;11821332500;S
20241225;100002;89.09;3;11821332501;S
20241225;100002;89.17;15;11821332505;B
20241225;100002;89.08;20;11821332506;S
20241225;100002;89.08;20;11821332553;S
20241225;100002;89.16;10;11821332565;B
20241225;100002;89.16;10;11821332567;B
20241225;100002;89.16;974;11821332568;B
20241225;100002;89.08;3;11821332570;S
20241225;100002;89.16;2;11821332580;B
20241225;100002;89.16;3;11821332583;B
20241225;100002;89.09;5;11821332584;S
20241225;100002;89.09;200;11821332597;S
20241225;100002;89.18;1;11821332599;B
20241225;100002;89.12;15;11821332627;S
20241225;100002;89.09;85;11821332628;S
20241225;100002;89.09;2;11821332633;S
20241225;100002;89.12;5;11821332682;S
20241225;100002;89.16;205;11821332685;B
20241225;100002;89.12;12;11821332719;S
20241225;100002;89.12;3;11821332795;S
20241225;100002;89.11;56;11821332796;S
20241225;100002;89.12;3;11821332861;S
20241225;100002;89.18;19;11821332868;B
20241225;100002;89.2;9;11821332869;B
20241225;100002;89.22;472;11821332870;B
20241225;100002;89.12;197;11821332920;S
20241225;100002;89.11;3;11821332921;S
20241225;100002;89.12;1;11821332946;S
20241225;100002;89.13;3;11821333004;S
20241225;100002;89.13;3;11821333076;S
20241225;100002;89.1;358;11821333229;S
20241225;100002;89.1;70;11821333280;S
20241225;100002;89.1;1;11821333298;S
20241225;100002;89.1;2;11821333312;S
20241225;100002;89.1;20;11821333319;S
20241225;100003;89.1;3;11821333532;S
20241225;100003;89.1;20;11821333550;S
20241225;100003;89.1;200;11821333607;S
20241225;100003;89.1;1;11821333652;S
20241225;100003;89.1;3;11821333666;S
20241225;100003;89.1;200;11821333684;S
20241225;100003;89.1;1;11821333707;S
20241225;100003;89.1;3;11821333773;S
20241225;100003;89.1;360;11821333784;S
20241225;100003;89.09;3;11821333790;S
20241225;100003;89.09;3;11821333834;S
20241225;100003;89.09;3;11821333858;S
20241225;100003;89.09;3;11821333888;S
20241225;100003;89.11;200;11821333928;S
20241225;100003;89.15;20;11821334038;B
20241225;100003;89.1;3;11821334115;S
20241225;100003;89.1;914;11821334118;S
20241225;100003;89.1;245;11821334119;S
20241225;100003;89.14;6;11821334195;B
20241225;100003;89.1;20;11821334198;S
20241225;100003;89.14;20;11821334289;B
20241225;100004;89.1;20;11821334393;S
20241225;100004;89.09;822;11821334394;S
20241225;100004;89.09;131;11821334395;S
20241225;100004;89.09;2224;11821334491;S
20241225;100004;89.09;2224;11821334493;S
20241225;100004;89.11;36;11821334510;B
20241225;100004;89.08;1060;11821334513;S
20241225;100004;89.08;25;11821334514;S
20241225;100004;89.08;25;11821334515;S
20241225;100004;89.1;200;11821334531;B
20241225;100004;89.09;20;11821334917;B
20241225;100004;89.1;1180;11821334918;B
20241225;100004;89.1;154;11821334931;B
20241225;100004;89.1;1046;11821334932;B
20241225;100004;89.06;5;11821335232;S
20241225;100004;89.04;15;11821335233;S
20241225;100004;89.04;21;11821335240;S
20241225;100005;89.05;1;11821335517;S
20241225;100005;89.08;200;11821335564;B
20241225;100005;89.09;2887;11821335565;B
20241225;100005;89.09;1913;11821335566;S
20241225;100005;89.08;50;11821335572;S
20241225;100005;89.08;50;11821335573;S
20241225;100005;89.09;500;11821335600;S
20241225;100005;89.09;1000;11821335662;S
20241225;100005;89.18;1200;11821335698;B
20241225;100005;89.16;1200;11821335699;B
20241225;100005;89.1;100;11821335725;S
20241225;100005;89.16;483;11821335726;B
20241225;100005;89.17;717;11821335727;B
20241225;100005;89.17;1200;11821335728;B
20241225;100005;89.18;300;11821335729;B
20241225;100005;89.18;5;11821335864;B
20241225;100006;89.1;116;11821336126;S
20241225;100006;89.09;884;11821336127;S
20241225;100006;89.16;2;11821336187;B
20241225;100006;89.1;31;11821336425;S
20241225;100006;89.1;512;11821336426;S
20241225;100006;89.1;164;11821336428;S
20241225;100006;89.1;368;11821336429;S
20241225;100006;89.1;3;11821336433;S
20241225;100006;89.1;757;11821336434;S
20241225;100006;89.1;7;11821336448;S
20241225;100006;89.09;1000;11821336481;S
20241225;100006;89.08;1;11821336564;S
20241225;100006;89.07;9;11821336565;S
20241225;100006;89.13;1;11821336630;B
20241225;100006;89.13;1;11821336633;B
20241225;100006;89.07;10;11821336635;S
20241225;100006;89.07;10;11821336636;S
20241225;100007;89.13;1;11821337735;B
20241225;100007;89.08;694;11821337736;S
20241225;100007;89.08;127;11821337737;S
20241225;100007;89.09;181;11821337742;S
20241225;100007;89.13;1;11821337743;B
20241225;100007;89.09;185;11821337754;S
20241225;100007;89.09;54;11821337755;S
20241225;100007;89.09;25;11821338082;S
20241225;100007;89.12;1;11821338103;B
20241225;100007;89.12;12;11821338152;B
20241225;100007;89.12;50;11821338157;B
20241225;100007;89.11;331;11821338553;B
20241225;100007;89.07;6;11821339002;S
20241225;100007;89.07;6;11821339003;S
20241225;100007;89.11;100;11821339004;B
20241225;100007;89.07;288;11821339410;S
20241225;100007;89.07;200;11821339411;S
20241225;100007;89.07;150;11821339412;S
20241225;100007;89.07;265;11821339413;S
20241225;100007;89.07;69;11821339414;S
20241225;100007;89.07;5;11821339415;S
20241225;100007;89.06;63;11821339416;S
20241225;100007;89.07;477;11821339425;S
20241225;100007;89.07;65;11821339426;S
20241225;100008;89.07;69;11821339448;S
20241225;100008;89.11;17;11821339527;B
20241225;100008;89.07;59;11821339543;S
20241225;100008;89.07;32;11821339544;S
20241225;100008;89.07;1;11821339551;S
20241225;100008;89.1;1;11821339565;B
20241225;100008;89.07;191;11821339603;S
20241225;100008;89.07;21;11821339604;S
20241225;100008;89.11;2;11821339696;B
20241225;100008;89.11;3;11821339702;B
20241225;100008;89.07;158;11821339755;S
20241225;100008;89.07;1;11821339764;S
20241225;100008;89.08;16;11821339872;S
20241225;100008;89.08;22;11821339873;S
20241225;100008;89.08;1;11821340089;S
20241225;100008;89.11;1;11821340092;B
20241225;100008;89.08;4;11821340095;S
20241225;100008;89.08;1;11821340249;S
20241225;100008;89.08;456;11821340306;S
20241225;100008;89.09;50;11821340422;B
20241225;100008;89.1;1683;11821340423;B
20241225;100008;89.1;2134;11821340424;S
20241225;100008;89.1;52;11821340426;S
20241225;100008;89.12;2;11821340428;B
20241225;100008;89.1;500;11821340430;S
20241225;100008;89.1;300;11821340431;S
20241225;100008;89.1;10;11821340432;S
20241225;100008;89.1;269;11821340444;S
20241225;100009;89.1;81;11821340861;S
20241225;100009;89.1;232;11821340862;S
20241225;100009;89.12;8;11821340866;B
20241225;100009;89.1;44;11821340960;S
20241225;100009;89.1;10;11821341383;S
20241225;100009;89.1;10;11821341388;S
20241225;100009;89.1;44;11821341392;S
20241225;100009;89.1;7;11821341399;S
20241225;100009;89.12;27;11821341489;B
20241225;100010;89.13;600;11821341717;S
20241225;100010;89.13;600;11821341719;S
20241225;100010;89.16;100;11821341727;B
20241225;100010;89.15;1112;11821341737;S
20241225;100010;89.13;600;11821341738;S
20241225;100010;89.16;1;11821341804;B
20241225;100010;89.16;1;11821341828;B
20241225;100010;89.13;8;11821341835;S
20241225;100010;89.16;100;11821342228;B
20241225;100010;89.13;592;11821342234;S
20241225;100010;89.12;5;11821342235;S
20241225;100010;89.12;69;11821342236;S
20241225;100010;89.17;39;11821342392;B
20241225;100010;89.12;600;11821342412;S
20241225;100010;89.11;600;11821342416;S
20241225;100010;89.11;344;11821342417;S
20241225;100010;89.11;600;11821342418;S
20241225;100010;89.1;286;11821342444;S
20241225;100010;89.1;14;11821342445;S
20241225;100010;89.14;100;11821342465;B
20241225;100010;89.1;3;11821342499;S
20241225;100010;89.1;50;11821342500;S
20241225;100010;89.1;533;11821342502;S
20241225;100010;89.1;268;11821342503;S
20241225;100010;89.1;81;11821342504;S
20241225;100010;89.1;195;11821342505;S
20241225;100011;89.1;2;11821342779;S
20241225;100011;89.14;1;11821342897;B
20241225;100011;89.1;1;11821342898;S
20241225;100011;89.1;1;11821342899;S
20241225;100011;89.14;11;11821342900;B
20241225;100011;89.14;10;11821342901;B
20241225;100011;89.1;3400;11821343048;S
20241225;100011;89.1;600;11821343049;S
20241225;100011;89.1;4;11821343192;S
20241225;100011;89.1;2;11821343432;S
20241225;100011;89.14;251;11821343469;B
20241225;100011;89.16;1;11821343494;B
20241225;100011;89.16;1;11821343868;B
20241225;100011;89.11;3;11821343871;S
20241225;100011;89.16;10;11821344179;B
20241225;100011;89.16;2;11821344180;B
20241225;100011;89.15;1;11821344184;S
20241225;100011;89.11;692;11821344185;S
20241225;100011;89.1;241;11821344186;S
20241225;100011;89.1;566;11821344187;S
20241225;100012;89.11;600;11821344287;S
20241225;100012;89.11;61;11821344333;S
20241225;100012;89.11;653;11821344420;S
20241225;100012;89.1;1347;11821344421;S
20241225;100012;89.1;10;11821344613;S
20241225;100012;89.1;1;11821344616;S
20241225;100012;89.1;4;11821344619;S
20241225;100012;89.16;2;11821344638;B
20241225;100012;89.12;1;11821344640;S
20241225;100012;89.11;1;11821344646;S
20241225;100012;89.16;5;11821344652;B
20241225;100012;89.11;1;11821344654;S
20241225;100012;89.1;9;11821344655;S
20241225;100012;89.16;100;11821344977;B
20241225;100013;89.16;1;11821345432;B
20241225;100013;89.16;4;11821345434;B
20241225;100013;89.1;357;11821345508;S
20241225;100013;89.1;300;11821345509;S
20241225;100013;89.1;219;11821345514;S
20241225;100013;89.1;138;11821345518;S
20241225;100013;89.12;1;11821345583;B
20241225;100013;89.1;357;11821345608;S
20241225;100013;89.12;1;11821345738;B
20241225;100013;89.1;7;11821345760;S
20241225;100013;89.12;1;11821345761;B
20241225;100013;89.1;24;11821345763;S
20241225;100013;89.1;1;11821345764;S
20241225;100013;89.12;5;11821346244;B
20241225;100013;89.1;1;11821346246;S
20241225;100014;89.1;4100;11821346303;S
20241225;100014;89.1;151;11821346442;S
20241225;100014;89.1;33;11821346444;S
20241225;100014;89.1;324;11821346501;S
20241225;100014;89.11;5;11821346505;S
20241225;100014;89.1;357;11821346506;S
20241225;100015;89.1;357;11821347014;S
20241225;100015;89.12;2847;11821347085;B
20241225;100015;89.12;500;11821347086;B
20241225;100015;89.14;3051;11821347087;B
20241225;100015;89.14;1682;11821347088;B
20241225;100015;89.16;600;11821347089;B
20241225;100015;89.17;600;11821347090;B
20241225;100015;89.18;600;11821347091;B
20241225;100015;89.19;20;11821347092;B
20241225;100015;89.19;20;11821347093;B
20241225;100015;89.19;80;11821347094;B
20241225;100015;89.1;357;11821347101;S
20241225;100015;89.1;357;11821347116;S
20241225;100015;89.1;357;11821347293;S
20241225;100015;89.1;24;11821347319;S
20241225;100016;89.1;87;11821347581;S
20241225;100016;89.1;246;11821347637;S
20241225;100016;89.1;357;11821347727;S
20241225;100017;89.1;2;11821347947;S
20241225;100017;89.17;1200;11821348272;B
20241225;100017;89.1;104;11821348273;S
20241225;100017;89.1;251;11821348274;S
20241225;100017;89.1;357;11821348278;S
20241225;100017;89.1;357;11821348438;S
20241225;100017;89.1;10;11821348441;S
20241225;100017;89.11;5;11821348517;S
20241225;100017;89.1;347;11821348518;S
20241225;100018;89.1;1449;11821349238;S
20241225;100018;89.1;151;11821349239;S
20241225;100018;89.1;484;11821349256;S
20241225;100019;89.1;209;11821349373;S
20241225;100019;89.1;91;11821349374;S
20241225;100019;89.1;57;11821349375;S
20241225;100019;89.1;105;11821349376;S
20241225;100019;89.1;195;11821349614;S
20241225;100019;89.1;357;11821349615;S
20241225;100020;89.1;357;11821349781;S
20241225;100020;89.1;357;11821349785;S
20241225;100020;89.1;357;11821349818;S
20241225;100020;89.1;357;11821349820;S
20241225;100020;89.1;357;11821349821;S
20241225;100020;89.1;357;11821349900;S
20241225;100020;89.1;11387;11821350058;S
20241225;100020;89.06;1683;11821350059;S
20241225;100020;89.05;50;11821350060;S
20241225;100020;89.04;1;11821350061;S
20241225;100020;89.03;1;11821350062;S
20241225;100020;89.02;974;11821350063;S
20241225;100020;89.02;2224;11821350064;S
20241225;100020;89.02;2827;11821350065;S
20241225;100020;89.01;50;11821350066;S
20241225;100020;89.01;2000;11821350067;S
20241225;100020;89.01;600;11821350068;S
20241225;100020;89.01;150;11821350069;S
20241225;100020;89;1;11821350070;S
20241225;100020;89;100;11821350071;S
20241225;100020;89;5000;11821350072;S
20241225;100020;89;2;11821350073;S
20241225;100020;89;1;11821350074;S
20241225;100020;89;100;11821350075;S
20241225;100020;89;2849;11821350076;S
20241225;100020;89.11;90;11821350127;B
20241225;100021;89.01;600;11821350626;S
20241225;100021;89;8151;11821350627;S
20241225;100021;89;1;11821350628;S
20241225;100021;89;1;11821350629;S
20241225;100021;89;90;11821350630;S
20241225;100021;89;1;11821350631;S
20241225;100021;89;5;11821350632;S
20241225;100021;89;10;11821350633;S
20241225;100021;89;1;11821350634;S
20241225;100021;89;1;11821350635;S
20241225;100021;89;2;11821350636;S
20241225;100021;89;100;11821350637;S
20241225;100021;89;2;11821350638;S
20241225;100021;89;20;11821350639;S
20241225;100021;89;50;11821350640;S
20241225;100021;89;50;11821350641;S
20241225;100021;89;40;11821350642;S
20241225;100021;89;200;11821350643;S
20241225;100021;89;600;11821350644;S
20241225;100021;89;1075;11821350645;S
20241225;100021;89.03;100;11821350718;B
20241225;100021;89.08;2320;11821350719;S
20241225;100022;89.1;4;11821351014;S
20241225;100022;89.11;200;11821351203;B
20241225;100022;89.06;1;11821351208;B
20241225;100022;89.03;65;11821351213;S
20241225;100022;89.08;1156;11821351330;B
20241225;100022;89.08;731;11821351331;B
20241225;100022;89.08;113;11821351336;B
20241225;100022;89.1;100;11821351337;B
20241225;100022;89.11;2914;11821351338;B
20241225;100022;89.12;100;11821351339;B
20241225;100022;89.12;1685;11821351340;B
20241225;100022;89.13;88;11821351341;B
20241225;100023;89.1;150;11821351432;B
20241225;100023;89.13;982;11821351438;B
20241225;100023;89.1;232;11821351687;S
20241225;100023;89.08;5;11821351688;S
20241225;100023;89.08;200;11821351689;S
20241225;100023;89.06;1334;11821351690;S
20241225;100023;89.06;1112;11821351691;S
20241225;100023;89.06;617;11821351692;S
20241225;100024;89.07;200;11821351856;S
20241225;100025;89.1;20;11821352284;S
20241225;100025;89.1;10;11821352285;B
20241225;100026;89.02;600;11821352689;S
20241225;100026;89.02;2224;11821352690;S
20241225;100026;89.02;176;11821352691;S
20241225;100027;89;50;11821353064;S
20241225;100027;88.97;62;11821353065;S
20241225;100027;89.08;10;11821353121;B
20241225;100028;89.01;5;11821353362;S
20241225;100028;88.99;95;11821353363;S
20241225;100028;89.07;1;11821353367;B
20241225;100029;89.01;69;11821353686;S
20241225;100029;89.07;231;11821353759;B
20241225;100029;89.09;769;11821353760;B
20241225;100029;89.01;105;11821353940;S
20241225;100029;89;195;11821353941;S
20241225;100029;89.01;401;11821353962;S
20241225;100029;89;2919;11821353963;S
20241225;100029;88.99;822;11821353964;S
20241225;100029;88.99;1684;11821353965;S
20241225;100029;88.99;232;11821353966;S
20241225;100029;88.97;600;11821353967;S
20241225;100029;88.97;769;11821353968;S
20241225;100029;88.96;600;11821353969;S
20241225;100029;88.95;2;11821353970;S
20241225;100029;88.95;600;11821353971;S
20241225;100029;88.94;600;11821353972;S
20241225;100029;88.93;10;11821353973;S
20241225;100029;88.93;5;11821353974;S
20241225;100029;88.93;600;11821353975;S
20241225;100029;88.93;156;11821353976;S
20241225;100029;89.04;232;11821354079;B
20241225;100029;89.05;600;11821354080;B
20241225;100029;89.05;168;11821354081;B
20241225;100030;89.05;2946;11821354132;B
20241225;100030;89.06;600;11821354133;B
20241225;100030;89.08;600;11821354134;B
20241225;100030;89.08;1685;11821354135;B
20241225;100030;89.09;600;11821354136;B
20241225;100030;89.09;115;11821354137;B
20241225;100030;89.1;1122;11821354144;B
20241225;100030;89.1;600;11821354145;B
20241225;100030;89.1;1278;11821354146;B
20241225;100030;89.09;3000;11821354149;B
20241225;100030;89.09;114;11821354151;B
20241225;100030;89.11;600;11821354154;B
20241225;100030;89.11;10;11821354155;B
20241225;100030;89.12;600;11821354159;B
20241225;100030;89.12;1685;11821354160;B
20241225;100030;89.12;715;11821354161;S
20241225;100030;89.13;1930;11821354168;B
20241225;100030;89.13;600;11821354169;B
20241225;100030;89.13;470;11821354170;B
20241225;100030;89.13;330;11821354180;B
20241225;100030;89.13;600;11821354181;B
20241225;100030;89.14;600;11821354185;B
20241225;100030;89.14;80;11821354186;B
20241225;100030;89.14;2320;11821354187;S
20241225;100030;89.16;1685;11821354189;S
20241225;100030;89.18;600;11821354190;B
20241225;100030;89.18;232;11821354191;B
20241225;100030;89.18;483;11821354192;B
20241225;100030;89.15;773;11821354198;S
20241225;100030;89.13;100;11821354416;S
20241225;100031;89.12;5;11821354589;S
20241225;100031;89.11;1000;11821354729;S
20241225;100032;89.1;100;11821354944;S
20241225;100032;89.11;1;11821355017;S
20241225;100033;89.1;1400;11821355174;S
20241225;100033;89.08;500;11821355311;S
20241225;100033;89.04;200;11821355334;S
20241225;100033;89.03;300;11821355335;S
20241225;100034;89.11;500;11821355440;B
20241225;100034;89.1;5;11821355562;S
20241225;100035;89.07;3000;11821355901;S
20241225;100035;89.07;232;11821355902;S
20241225;100035;89.02;1155;11821355903;S
20241225;100035;89.1;150;11821355933;B
20241225;100035;89.02;232;11821355938;S
20241225;100035;89.01;10;11821355939;S
20241225;100035;89.01;10;11821355940;S
20241225;100035;89.01;3114;11821355941;S
20241225;100035;89.01;2634;11821355942;S
20241225;100036;89.01;10;11821356122;S
20241225;100036;89;50;11821356123;S
20241225;100036;88.98;25;11821356124;S
20241225;100036;88.98;400;11821356125;S
20241225;100036;88.97;480;11821356126;S
20241225;100036;88.97;232;11821356127;S
20241225;100036;88.97;454;11821356128;S
20241225;100036;89.04;6;11821356171;B
20241225;100037;89.06;500;11821356517;B
20241225;100037;89;200;11821356528;S
20241225;100037;89.05;232;11821356600;B
20241225;100037;89.07;600;11821356601;B
20241225;100037;89.08;10;11821356602;B
20241225;100037;89.08;1658;11821356603;B
20241225;100038;89.04;20;11821356912;B
20241225;100038;89;232;11821356914;S
20241225;100038;88.99;168;11821356915;S
20241225;100038;88.99;1000;11821356972;S
20241225;100039;89;49;11821357182;S
20241225;100040;89.07;5;11821357502;B
20241225;100040;89.01;100;11821357514;S
20241225;100040;89;28;11821357515;S
20241225;100040;89;4872;11821357516;B
20241225;100040;89.09;122;11821357592;B
20241225;100040;89.06;293;11821357595;S
20241225;100041;89.05;746;11821357884;S
20241225;100041;89.03;232;11821357885;S
20241225;100041;89.03;1174;11821357886;S
20241225;100041;89.02;1658;11821357887;S
20241225;100041;89.01;50;11821357888;S
20241225;100041;89.01;10;11821357889;S
20241225;100041;89;2224;11821357890;S
20241225;100041;89;622;11821357891;S
20241225;100041;89;1112;11821357892;S
20241225;100041;89;1334;11821357893;S
20241225;100041;89;1949;11821357894;B
20241225;100041;89.01;517;11821357917;S
20241225;100041;89;283;11821357918;S
20241225;100042;89;500;11821358277;B
20241225;100042;88.99;100;11821358497;S
20241225;100042;88.98;1;11821358498;S
20241225;100042;88.98;64;11821358499;S
20241225;100042;88.97;1602;11821358500;S
20241225;100042;88.96;150;11821358501;S
20241225;100042;88.96;1684;11821358502;S
20241225;100042;88.96;232;11821358503;S
20241225;100042;88.94;600;11821358504;S
20241225;100042;88.93;600;11821358505;S
20241225;100042;88.93;2224;11821358506;S
20241225;100042;88.92;1832;11821358507;S
20241225;100042;88.92;600;11821358508;S
20241225;100042;88.91;100;11821358509;S
20241225;100042;88.91;600;11821358510;S
20241225;100042;88.9;3000;11821358511;S
20241225;100042;88.9;1;11821358512;S
20241225;100042;88.9;3000;11821358513;S
20241225;100042;88.9;12;11821358514;S
20241225;100042;88.9;600;11821358515;S
20241225;100042;88.9;2998;11821358516;S
20241225;100043;88.94;232;11821358852;B
20241225;100043;88.95;330;11821358853;B
20241225;100043;88.89;1685;11821358975;S
20241225;100043;88.88;140;11821358976;S
20241225;100043;88.87;1;11821358977;S
20241225;100043;88.86;30;11821358978;S
20241225;100043;88.85;20;11821358979;S
20241225;100043;88.85;1;11821358980;S
20241225;100043;88.85;3000;11821358981;S
20241225;100043;88.85;1500;11821358982;S
20241225;100043;88.85;232;11821358983;S
20241225;100043;88.84;20;11821358984;S
20241225;100043;88.83;200;11821358985;S
20241225;100043;88.83;1203;11821358986;S
20241225;100043;88.9;232;11821358993;B
20241225;100044;88.93;5;11821359203;B
20241225;100044;88.94;15;11821359204;B
20241225;100044;88.9;3;11821359247;S
20241225;100044;88.9;3;11821359266;S
20241225;100044;88.9;14;11821359267;S
20241225;100044;88.89;486;11821359268;S
20241225;100044;88.89;20;11821359285;B
20241225;100044;88.89;5;11821359305;S
20241225;100044;88.89;5;11821359327;S
20241225;100045;88.89;2;11821359375;S
20241225;100045;88.88;1386;11821359422;S
20241225;100045;88.88;300;11821359451;S
20241225;100045;88.87;384;11821359452;S
20241225;100045;88.82;20;11821359453;S
20241225;100045;88.82;100;11821359454;S
20241225;100045;88.82;1480;11821359455;S
20241225;100045;88.81;2716;11821359456;S
20241225;100045;88.87;100;11821359494;B
20241225;100045;88.87;1;11821359522;B
20241225;100045;88.82;1;11821359637;S
20241225;100046;88.82;1;11821359887;S
20241225;100046;88.87;5;11821359920;B
20241225;100047;88.87;8;11821360012;B
20241225;100047;88.87;5;11821360015;B
20241225;100047;88.82;100;11821360424;S
20241225;100048;88.84;600;11821360471;B
20241225;100048;88.82;1;11821360497;S
20241225;100048;88.85;10;11821360538;B
20241225;100048;88.84;600;11821360559;B
20241225;100048;88.84;600;11821360564;B
20241225;100048;88.86;1112;11821360565;B
20241225;100048;88.86;555;11821360566;B
20241225;100048;88.86;557;11821360567;B
20241225;100048;88.87;128;11821360568;B
20241225;100049;88.84;232;11821360863;S
20241225;100049;88.83;1687;11821360864;S
20241225;100049;88.82;1;11821360865;S
20241225;100049;88.82;80;11821360866;S
20241225;100049;88.87;547;11821360978;B
20241225;100049;88.87;53;11821360979;B
20241225;100049;88.85;232;11821360996;S
20241225;100049;88.84;1334;11821360997;S
20241225;100049;88.84;2224;11821360998;S
20241225;100049;88.83;1610;11821360999;S
20241225;100049;88.85;100;11821361006;B
20241225;100049;88.88;384;11821361013;B
20241225;100049;88.88;600;11821361014;B
20241225;100049;88.91;5;11821361025;B
20241225;100049;88.88;16;11821361044;S
20241225;100049;88.84;179;11821361045;S
20241225;100050;88.85;41;11821361109;B
20241225;100050;88.85;191;11821361220;B
20241225;100050;88.85;31;11821361221;B
20241225;100050;88.85;10;11821361226;B
20241225;100050;88.82;31;11821361262;S
20241225;100050;88.82;19;11821361263;S
20241225;100050;88.86;1060;11821361291;B
20241225;100050;88.82;81;11821361294;S
20241225;100050;88.82;10;11821361295;S
20241225;100050;88.82;409;11821361296;S
20241225;100050;88.82;50;11821361409;B
20241225;100051;88.84;232;11821361455;B
20241225;100051;88.81;258;11821361518;S
20241225;100051;88.83;50;11821361639;B
20241225;100051;88.85;50;11821361643;B
20241225;100051;88.84;232;11821361752;B
20241225;100051;88.85;600;11821361753;B
20241225;100051;88.86;168;11821361754;B
20241225;100052;88.81;500;11821361937;S
20241225;100052;88.85;4;11821361959;B
20241225;100052;88.83;1;11821361972;S
20241225;100053;88.85;10;11821362183;B
20241225;100054;88.86;85;11821362455;B
20241225;100054;88.86;9804;11821362456;B
20241225;100054;88.89;10;11821362458;B
20241225;100054;88.96;600;11821362563;B
20241225;100054;88.96;3114;11821362564;B
20241225;100054;88.96;232;11821362565;B
20241225;100054;88.97;600;11821362566;B
20241225;100054;88.97;200;11821362567;B
20241225;100054;88.98;600;11821362568;B
20241225;100054;88.98;408;11821362569;B
20241225;100055;88.91;232;11821362735;S
20241225;100055;88.89;100;11821362736;S
20241225;100055;88.86;10;11821362737;S
20241225;100055;88.86;658;11821362738;S
20241225;100055;88.88;40;11821362778;S
20241225;100055;88.86;300;11821362784;S
20241225;100055;88.86;232;11821362813;S
20241225;100055;88.85;68;11821362814;S
20241225;100056;88.92;2103;11821362951;B
20241225;100056;88.92;600;11821362952;B
20241225;100056;88.93;600;11821362953;B
20241225;100056;88.94;697;11821362954;B
20241225;100056;88.93;200;11821363030;S
20241225;100056;88.97;600;11821363141;B
20241225;100056;88.93;422;11821363191;S
20241225;100056;88.88;10;11821363192;S
20241225;100056;88.88;232;11821363193;S
20241225;100056;88.86;36;11821363194;S
20241225;100057;88.98;10;11821363365;B
20241225;100057;89;100;11821363495;B
20241225;100057;89;1;11821363496;B
20241225;100057;89;49;11821363497;B
20241225;100057;88.97;10;11821363536;S
20241225;100058;89;451;11821363616;B
20241225;100058;89;3000;11821363617;B
20241225;100058;89;232;11821363618;B
20241225;100058;89.01;1317;11821363619;B
20241225;100058;88.99;40;11821363679;S
20241225;100058;89.01;1030;11821363705;B
20241225;100058;88.99;200;11821363725;S
20241225;100100;89.01;1553;11821364214;B
20241225;100100;89.03;150;11821364325;B
20241225;100100;89.04;2662;11821364326;B
20241225;100100;89.02;3;11821364336;S
20241225;100100;89.04;2338;11821364376;B
20241225;100100;89.03;10;11821364410;S
20241225;100100;89.03;100;11821364496;S
20241225;100100;89.05;100;11821364513;B
20241225;100101;89.06;65;11821364688;B
20241225;100101;89.06;50;11821364834;B
20241225;100101;89.06;3;11821364943;B
20241225;100101;89.06;15;11821365004;B
20241225;100102;89.06;4;11821365034;B
20241225;100102;89.04;3;11821365120;S
20241225;100102;89.03;788;11821365121;S
20241225;100102;89.02;209;11821365122;S
20241225;100102;89.03;730;11821365188;S
20241225;100102;89.02;270;11821365189;S
20241225;100103;89.06;500;11821365356;B
20241225;100104;89.03;232;11821365858;S
20241225;100104;89.02;1334;11821365859;S
20241225;100104;89.02;1112;11821365860;S
20241225;100104;89.02;597;11821365861;S
20241225;100105;89.04;1070;11821366108;S
20241225;100106;89.07;100;11821366321;B
20241225;100106;89.07;50;11821366375;B
20241225;100106;89.04;570;11821366417;S
20241225;100106;89.04;1334;11821366427;S
20241225;100106;89.04;1112;11821366428;S
20241225;100106;89.03;494;11821366429;S
20241225;100106;89.03;15;11821366503;S
20241225;100107;89.03;491;11821366642;S
20241225;100107;89.02;1509;11821366643;S
20241225;100107;89.06;5;11821366849;B
20241225;100107;89.07;195;11821366850;B
20241225;100107;89.07;1;11821366855;B
20241225;100108;89.02;150;11821366871;S
20241225;100108;89.02;750;11821366872;S
20241225;100108;89.02;160;11821367045;S
20241225;100108;89.02;2064;11821367050;S
20241225;100108;89.01;1936;11821367051;S
20241225;100108;89.02;2224;11821367052;S
20241225;100108;89.01;2500;11821367107;S
20241225;100108;89.01;64;11821367108;S
20241225;100108;89.01;1000;11821367109;S
20241225;100108;89;5;11821367110;S
20241225;100108;89;5;11821367111;S
20241225;100108;88.98;3;11821367113;S
20241225;100109;88.96;1;11821367359;S
20241225;100110;88.99;112;11821367467;B
20241225;100110;88.96;9;11821367498;S
20241225;100110;88.95;51;11821367499;S
20241225;100110;88.95;47;11821367589;S
20241225;100110;88.96;2;11821367802;S
20241225;100110;88.95;52;11821367803;S
20241225;100110;88.91;100;11821367804;S
20241225;100110;88.91;85;11821367805;S
20241225;100111;88.9;340;11821368119;S
20241225;100111;88.9;660;11821368120;S
20241225;100111;88.97;232;11821368279;B
20241225;100111;88.99;768;11821368280;B
20241225;100112;88.97;100;11821368554;B
20241225;100112;88.98;232;11821368555;B
20241225;100112;88.99;1112;11821368556;B
20241225;100112;88.99;696;11821368557;B
20241225;100112;88.99;150;11821368558;B
20241225;100112;88.99;1334;11821368559;B
20241225;100112;88.99;1376;11821368560;B
20241225;100114;88.99;25;11821370011;B
20241225;100114;88.99;207;11821370042;B
20241225;100114;89;10000;11821370043;B
20241225;100114;89;2000;11821370044;B
20241225;100114;89.02;50;11821370045;B
20241225;100114;89.02;10;11821370046;B
20241225;100114;89.03;600;11821370047;B
20241225;100114;89.04;600;11821370048;B
20241225;100114;89.04;1112;11821370049;B
20241225;100114;89.05;600;11821370050;B
20241225;100114;89.05;1686;11821370051;B
20241225;100114;89.06;600;11821370052;B
20241225;100114;89.06;100;11821370053;B
20241225;100114;89.07;754;11821370054;B
20241225;100114;89.07;600;11821370055;B
20241225;100114;89.08;600;11821370056;B
20241225;100114;89.08;481;11821370057;B
20241225;100114;89.09;199;11821370058;B
20241225;100115;89.07;1;11821370419;B
20241225;100115;89.1;100;11821370420;B
20241225;100115;89.1;1685;11821370421;B
20241225;100115;89.1;14;11821370422;B
20241225;100115;89.1;36;11821370474;B
20241225;100115;89.1;464;11821370475;B
20241225;100115;89.06;3;11821370575;S
20241225;100115;89.13;5;11821370583;B
20241225;100115;89.13;5;11821370661;B
20241225;100115;89.13;5;11821370663;B
20241225;100115;89.13;5;11821370686;B
20241225;100116;89.13;21;11821370857;B
20241225;100116;89.13;29;11821370858;B
20241225;100116;89.13;1;11821370904;B
20241225;100117;89.09;200;11821371401;S
20241225;100117;89.08;232;11821371402;S
20241225;100117;89.07;1334;11821371403;S
20241225;100117;89.07;10;11821371404;S
20241225;100117;89.06;5;11821371405;S
20241225;100117;89.06;600;11821371406;S
20241225;100117;89.05;119;11821371407;S
20241225;100117;89.13;10;11821371524;B
20241225;100117;89.14;490;11821371525;B
20241225;100118;89.14;5;11821371617;B
20241225;100118;89.14;10;11821371697;B
20241225;100118;89.14;75;11821371931;B
20241225;100119;89.14;20;11821372249;B
20241225;100119;89.13;800;11821372326;B
20241225;100121;89.08;1;11821372801;S
20241225;100121;89.06;1399;11821372802;S
20241225;100122;89.13;1;11821373134;B
20241225;100122;89.09;5;11821373234;S
20241225;100123;89.09;50;11821373492;B
20241225;100123;89.09;5;11821373599;B
20241225;100123;89.04;80;11821373603;S
20241225;100124;89.03;1000;11821374206;S
20241225;100124;89.03;12;11821374207;S
20241225;100124;89.02;300;11821374208;S
20241225;100124;89;500;11821374209;S
20241225;100124;89;20;11821374210;S
20241225;100124;89;20;11821374211;S
20241225;100124;88.99;232;11821374212;S
20241225;100124;88.98;449;11821374213;S
20241225;100125;89.04;8;11821374377;B
20241225;100125;89.04;1326;11821374592;B
20241225;100125;89.04;1112;11821374593;B
20241225;100125;89.04;2224;11821374594;B
20241225;100125;89.05;5700;11821374622;B
20241225;100125;89.05;3;11821374623;B
20241225;100126;89.1;5;11821374789;B
20241225;100126;89.1;1000;11821374791;B
20241225;100126;89.07;1151;11821374811;S
20241225;100126;89.06;49;11821374812;S
20241225;100126;89.1;3995;11821374996;B
20241225;100127;89.14;10;11821375318;B
20241225;100127;89.09;80;11821375364;S
20241225;100127;89.07;20;11821375365;S
20241225;100127;89.05;100;11821375430;S
20241225;100127;89.08;120;11821375443;B
20241225;100127;89.08;112;11821375460;B
20241225;100127;89.09;249;11821375461;B
20241225;100127;89.1;2639;11821375462;B
20241225;100127;89.04;500;11821375531;S
20241225;100128;89.08;2;11821375707;B
20241225;100128;89.09;4;11821375717;B
20241225;100129;89.1;1386;11821375950;B
20241225;100130;89.06;5;11821376241;S
20241225;100130;89.06;65;11821376242;S
20241225;100130;89.06;50;11821376247;S
20241225;100131;89.08;48;11821376516;B
20241225;100131;89.06;50;11821376523;S
20241225;100131;89.09;27;11821376631;B
20241225;100131;89.09;100;11821376778;B
20241225;100131;89.1;11;11821376888;B
20241225;100132;89.09;5;11821376988;S
20241225;100132;89.08;5;11821377011;S
20241225;100132;89.07;5;11821377012;S
20241225;100132;89.06;335;11821377013;S
20241225;100132;89.03;24;11821377014;S
20241225;100132;89.02;1646;11821377015;S
20241225;100133;89.06;172;11821377215;S
20241225;100133;89.07;1;11821377259;B
20241225;100134;89.06;1;11821377606;B
20241225;100135;89.04;460;11821377873;B
20241225;100135;89.06;232;11821377874;B
20241225;100135;89.07;107;11821377875;B
20241225;100135;89.08;201;11821377876;B
20241225;100135;89.01;500;11821378078;S
20241225;100135;89.05;250;11821378199;S
20241225;100136;89.01;1644;11821378246;S
20241225;100136;89.04;199;11821378271;B
20241225;100136;89.06;10;11821378334;B
20241225;100136;89.06;232;11821378335;B
20241225;100136;89.07;260;11821378336;B
20241225;100136;89.07;398;11821378337;B
20241225;100136;89.01;700;11821378457;S
20241225;100137;89.06;4;11821378683;B
20241225;100138;89.06;99;11821378970;S
20241225;100138;89.06;45;11821379025;S
20241225;100139;89.08;799;11821379297;B
20241225;100139;89.08;100;11821379298;B
20241225;100139;89.08;232;11821379299;B
20241225;100139;89.09;69;11821379300;B
20241225;100139;89.09;400;11821379301;B
20241225;100139;89.09;2;11821379340;B
20241225;100140;89.09;1000;11821379505;B
20241225;100140;89.1;100;11821379557;B
20241225;100141;89.1;5864;11821379892;B
20241225;100141;89.1;2000;11821379893;B
20241225;100142;89.09;54;11821380024;S
20241225;100142;89.09;120;11821380025;S
20241225;100142;89.08;200;11821380056;S
20241225;100142;89.12;1;11821380064;B
20241225;100142;89.11;55;11821380110;S
20241225;100142;89.07;5;11821380111;S
20241225;100142;89.07;40;11821380112;S
20241225;100142;89.13;50;11821380113;B
20241225;100142;89.14;15;11821380114;B
20241225;100142;89.15;1;11821380115;B
20241225;100142;89.15;4934;11821380116;B
20241225;100142;89.14;5;11821380163;S
20241225;100142;89.15;3000;11821380191;B
20241225;100143;89.15;1200;11821380225;B
20241225;100143;89.15;10866;11821380292;B
20241225;100143;89.18;177;11821380419;B
20241225;100143;89.18;823;11821380420;B
20241225;100143;89.18;10;11821380421;B
20241225;100144;89.19;150;11821380614;B
20241225;100144;89.19;50;11821380615;B
20241225;100144;89.19;1950;11821380621;B
20241225;100144;89.2;148;11821380777;B
20241225;100144;89.2;7852;11821380778;B
20241225;100144;89.2;1000;11821380779;B
20241225;100144;89.2;19;11821380780;B
20241225;100144;89.2;1;11821380781;B
20241225;100144;89.2;5000;11821380782;B
20241225;100144;89.2;100;11821380783;B
20241225;100145;89.23;110;11821380875;S
20241225;100145;89.25;100;11821380877;B
20241225;100145;89.25;16;11821380883;B
20241225;100145;89.25;4;11821380884;B
20241225;100145;89.25;196;11821380885;B
20241225;100145;89.25;102;11821380886;B
20241225;100145;89.25;50;11821380887;B
20241225;100145;89.26;1000;11821380973;B
20241225;100145;89.26;2;11821380974;B
20241225;100145;89.26;100;11821380975;B
20241225;100145;89.26;300;11821380976;B
20241225;100145;89.26;120;11821380977;B
20241225;100145;89.26;80;11821380978;B
20241225;100145;89.26;10;11821380979;B
20241225;100145;89.27;10;11821381009;B
20241225;100145;89.28;20;11821381010;B
20241225;100145;89.29;20;11821381011;B
20241225;100145;89.29;20;11821381012;B
20241225;100145;89.29;85;11821381013;B
20241225;100145;89.3;50;11821381014;B
20241225;100145;89.3;1;11821381015;B
20241225;100145;89.3;10;11821381016;B
20241225;100145;89.3;284;11821381017;B
20241225;100145;89.3;50;11821381071;B
20241225;100145;89.3;250;11821381073;B
20241225;100145;89.27;100;11821381077;S
20241225;100145;89.3;50;11821381092;B
20241225;100146;89.3;1000;11821381233;B
20241225;100146;89.3;823;11821381234;B
20241225;100146;89.3;543;11821381235;B
20241225;100146;89.3;555;11821381236;B
20241225;100146;89.3;11;11821381237;B
20241225;100146;89.3;8;11821381238;B
20241225;100146;89.32;50;11821381239;B
20241225;100146;89.34;300;11821381240;B
20241225;100146;89.33;228;11821381351;S
20241225;100146;89.29;10;11821381387;S
20241225;100146;89.29;10;11821381388;S
20241225;100146;89.29;80;11821381389;S
20241225;100147;89.28;5;11821381604;S
20241225;100147;89.27;10;11821381605;S
20241225;100147;89.27;232;11821381606;S
20241225;100147;89.26;123;11821381607;S
20241225;100147;89.26;130;11821381608;S
20241225;100147;89.31;20;11821381666;S
20241225;100147;89.28;300;11821381694;B
20241225;100148;89.22;1030;11821381815;S
20241225;100148;89.28;250;11821381816;B
20241225;100149;89.28;200;11821382181;B
20241225;100150;89.28;101;11821382281;B
20241225;100150;89.28;50;11821382436;B
20241225;100151;89.28;740;11821382494;B
20241225;100151;89.33;12;11821382554;B
20241225;100151;89.34;10;11821382555;B
20241225;100151;89.3;10;11821382561;S
20241225;100151;89.3;112;11821382634;S
20241225;100151;89.34;400;11821382677;B
20241225;100152;89.34;1;11821382884;B
20241225;100152;89.34;1000;11821382927;B
20241225;100153;89.34;2;11821383111;B
20241225;100154;89.33;100;11821383345;B
20241225;100155;89.32;5;11821383565;S
20241225;100155;89.31;10;11821383566;S
20241225;100155;89.31;100;11821383567;S
20241225;100155;89.31;232;11821383568;S
20241225;100155;89.31;515;11821383569;S
20241225;100155;89.3;1138;11821383570;S
20241225;100158;89.3;2000;11821384131;B
20241225;100158;89.3;112;11821384132;B
20241225;100158;89.34;287;11821384133;B
20241225;100158;89.34;232;11821384134;B
20241225;100158;89.34;100;11821384135;B
20241225;100158;89.35;10;11821384136;B
20241225;100158;89.35;50;11821384137;B
20241225;100158;89.37;20;11821384138;B
20241225;100158;89.37;24;11821384139;B
20241225;100158;89.38;20;11821384140;B
20241225;100158;89.38;500;11821384141;B
20241225;100158;89.38;35;11821384142;B
20241225;100158;89.39;3;11821384143;B
20241225;100158;89.39;20;11821384144;B
20241225;100158;89.39;20;11821384145;B
20241225;100158;89.4;100;11821384146;B
20241225;100158;89.4;3;11821384147;B
20241225;100158;89.4;200;11821384148;B
20241225;100158;89.4;100;11821384149;B
20241225;100158;89.4;200;11821384150;B
20241225;100158;89.41;1738;11821384151;B
20241225;100158;89.41;1112;11821384152;B
20241225;100158;89.41;1177;11821384153;B
20241225;100158;89.42;3;11821384154;B
20241225;100158;89.42;934;11821384155;B
20241225;100158;89.34;800;11821384156;S
20241225;100158;89.39;72;11821384168;B
20241225;100158;89.42;28;11821384169;B
20241225;100158;89.33;1000;11821384304;S
20241225;100159;89.41;48;11821384605;B
20241225;100159;89.43;452;11821384606;B
20241225;100159;89.42;1;11821384621;B
20241225;100200;89.42;3;11821384789;B
20241225;100200;89.35;8;11821384829;S
20241225;100201;89.4;50;11821384940;B
20241225;100201;89.36;3;11821385027;S
20241225;100201;89.36;7;11821385028;S
20241225;100201;89.35;78;11821385029;S
20241225;100201;89.35;5;11821385039;S
20241225;100201;89.35;5;11821385059;S
20241225;100201;89.39;232;11821385069;B
20241225;100201;89.39;147;11821385070;B
20241225;100201;89.43;32;11821385071;B
20241225;100201;89.44;10;11821385072;B
20241225;100201;89.44;363;11821385073;B
20241225;100201;89.36;204;11821385075;S
20241225;100202;89.36;50;11821385148;S
20241225;100202;89.36;50;11821385154;S
20241225;100202;89.42;200;11821385174;B
20241225;100202;89.44;365;11821385175;B
20241225;100202;89.44;72;11821385176;B
20241225;100202;89.44;232;11821385177;B
20241225;100202;89.44;8131;11821385178;S
20241225;100202;89.44;293;11821385191;B
20241225;100204;89.39;10;11821385784;S
20241225;100204;89.39;5;11821385785;S
20241225;100205;89.34;784;11821385949;S
20241225;100205;89.34;5000;11821385950;S
20241225;100205;89.33;1000;11821385951;S
20241225;100205;89.33;566;11821385952;S
20241225;100205;89.32;200;11821385953;S
20241225;100205;89.32;232;11821385954;S
20241225;100205;89.31;5;11821385955;S
20241225;100205;89.31;3000;11821385956;S
20241225;100205;89.31;10;11821385957;S
20241225;100205;89.3;1000;11821385958;S
20241225;100205;89.28;2700;11821385959;S
20241225;100205;89.28;5;11821385960;S
20241225;100205;89.26;100;11821385961;S
20241225;100205;89.26;150;11821385962;S
20241225;100205;89.25;100;11821385963;S
20241225;100206;89.27;92;11821386042;B
20241225;100206;89.24;50;11821386187;S
20241225;100206;89.27;140;11821386229;B
20241225;100206;89.28;10;11821386230;B
20241225;100206;89.29;576;11821386231;B
20241225;100206;89.29;274;11821386232;B
20241225;100207;89.28;85;11821386436;B
20241225;100207;89.28;232;11821386439;B
20241225;100207;89.29;2224;11821386440;B
20241225;100207;89.29;1112;11821386441;B
20241225;100207;89.3;206;11821386442;B
20241225;100208;89.24;40;11821386581;S
20241225;100208;89.24;10;11821386726;S
20241225;100208;89.23;5;11821386727;S
20241225;100208;89.21;20;11821386728;S
20241225;100208;89.21;20;11821386729;S
20241225;100208;89.21;144;11821386730;S
20241225;100208;89.21;10;11821386731;S
20241225;100208;89.2;2;11821386732;S
20241225;100208;89.2;234;11821386733;S
20241225;100210;89.25;200;11821387106;B
20241225;100210;89.27;200;11821387107;B
20241225;100210;89.27;232;11821387108;B
20241225;100210;89.29;469;11821387109;B
20241225;100210;89.28;11;11821387144;S
20241225;100211;89.3;66;11821387321;B
20241225;100213;89.29;100;11821387793;B
20241225;100213;89.3;900;11821387794;B
20241225;100214;89.25;5;11821388065;S
20241225;100214;89.24;10;11821388066;S
20241225;100214;89.23;5;11821388067;S
20241225;100214;89.22;72;11821388068;S
20241225;100214;89.21;232;11821388069;S
20241225;100214;89.21;676;11821388070;B
20241225;100215;89.3;200;11821388180;B
20241225;100216;89.3;1;11821388620;B
20241225;100219;89.26;20;11821389082;S
20241225;100219;89.25;1112;11821389083;S
20241225;100219;89.24;368;11821389084;S
20241225;100219;89.24;51;11821389098;S
20241225;100220;89.28;232;11821389414;B
20241225;100220;89.29;1112;11821389415;B
20241225;100220;89.29;2224;11821389416;B
20241225;100220;89.3;5121;11821389417;B
20241225;100220;89.3;3;11821389422;B
20241225;100221;89.29;200;11821389675;B
20241225;100224;89.26;5;11821390274;S
20241225;100224;89.25;5;11821390275;S
20241225;100225;89.24;13;11821390505;S
20241225;100225;89.24;1281;11821390512;S
20241225;100225;89.23;5;11821390513;S
20241225;100226;89.25;100;11821390569;B
20241225;100226;89.25;132;11821390630;B
20241225;100226;89.25;19;11821390631;S
20241225;100227;89.21;5;11821390805;S
20241225;100227;89.2;45;11821390806;S
20241225;100227;89.24;5;11821390846;B
20241225;100227;89.2;197;11821390867;S
20241225;100227;89.2;355;11821390874;S
20241225;100227;89.2;63;11821390875;S
20241225;100227;89.19;50;11821390876;S
20241225;100227;89.19;532;11821390877;S
20241225;100229;89.2;5;11821391377;S
20241225;100229;89.19;311;11821391378;S
20241225;100229;89.17;5;11821391379;S
20241225;100229;89.17;20;11821391380;S
20241225;100229;89.17;1000;11821391381;S
20241225;100229;89.17;24;11821391382;S
20241225;100229;89.16;232;11821391383;S
20241225;100229;89.15;1;11821391384;S
20241225;100229;89.15;50;11821391385;S
20241225;100229;89.15;1000;11821391386;S
20241225;100229;89.13;10;11821391387;S
20241225;100229;89.12;3114;11821391388;S
20241225;100229;89.12;1;11821391389;S
20241225;100229;89.11;2;11821391390;S
20241225;100229;89.11;3114;11821391391;S
20241225;100229;89.1;1000;11821391392;S
20241225;100229;89.1;2;11821391393;S
20241225;100229;89.09;66;11821391394;S
20241225;100229;89.09;1112;11821391395;S
20241225;100229;89.08;1;11821391396;S
20241225;100229;89.08;1;11821391397;S
20241225;100229;89.08;40;11821391398;S
20241225;100230;89.16;47;11821391556;B
20241225;100230;89.07;1;11821391606;S
20241225;100230;89.07;24;11821391607;S
20241225;100230;89.06;3;11821391608;S
20241225;100230;89.06;200;11821391609;S
20241225;100230;89.06;232;11821391610;S
20241225;100230;89.05;540;11821391611;S
20241225;100231;89.05;232;11821391721;S
20241225;100231;89.03;20;11821391722;S
20241225;100231;89.02;5;11821391723;S
20241225;100231;89.02;1;11821391724;S
20241225;100231;89.02;200;11821391725;S
20241225;100231;89.02;42;11821391726;S
20241225;100231;89.14;2;11821391745;B
20241225;100231;89.05;232;11821391750;S
20241225;100231;89.02;16;11821391751;S
20241225;100231;89.06;200;11821391841;S
20241225;100232;89.03;2;11821391907;S
20241225;100232;89.03;3000;11821391908;S
20241225;100232;89.03;232;11821391909;S
20241225;100232;89.02;342;11821391910;S
20241225;100232;89.02;1252;11821391911;S
20241225;100232;89.01;1000;11821391912;S
20241225;100232;89.01;3000;11821391913;S
20241225;100232;89.01;18;11821391914;S
20241225;100232;89.01;13;11821391915;S
20241225;100232;89.01;200;11821391916;S
20241225;100232;89;5;11821391917;S
20241225;100232;89;1;11821391918;S
20241225;100232;89;1;11821391919;S
20241225;100232;89;1;11821391920;S
20241225;100232;89;2;11821391921;S
20241225;100232;89;500;11821391922;S
20241225;100232;89;431;11821391923;S
20241225;100234;89.04;200;11821392414;S
20241225;100234;89;569;11821392415;S
20241225;100234;89;1000;11821392416;S
20241225;100234;89;8;11821392417;S
20241225;100234;89;100;11821392418;S
20241225;100234;89;5000;11821392419;S
20241225;100234;89;50;11821392420;S
20241225;100234;89;1;11821392421;S
20241225;100234;89;10;11821392422;S
20241225;100234;89;20;11821392423;S
20241225;100234;88.99;50;11821392424;S
20241225;100234;88.99;232;11821392425;S
20241225;100234;88.98;51;11821392426;S
20241225;100234;88.98;609;11821392427;S
20241225;100234;88.98;1000;11821392428;S
20241225;100234;88.91;12;11821392429;S
20241225;100234;88.91;1000;11821392430;S
20241225;100234;88.91;88;11821392431;S
20241225;100235;89.07;10;11821392619;B
20241225;100236;89;50;11821393011;S
20241225;100237;89.01;5;11821393139;S
20241225;100237;89;495;11821393140;S
20241225;100238;89.04;3;11821393230;B
20241225;100238;89;55;11821393323;S
20241225;100238;88.99;1000;11821393324;S
20241225;100238;88.96;232;11821393325;S
20241225;100238;88.92;150;11821393326;S
20241225;100238;88.91;1063;11821393327;S
20241225;100238;88.91;390;11821393342;S
20241225;100240;88.95;100;11821393633;B
20241225;100240;88.92;5;11821393644;S
20241225;100240;88.91;110;11821393645;S
20241225;100240;88.91;10;11821393646;S
20241225;100240;88.91;56;11821393647;S
20241225;100240;88.9;1;11821393648;S
20241225;100240;88.9;1000;11821393649;S
20241225;100240;88.9;1;11821393650;S
20241225;100240;88.9;1000;11821393651;S
20241225;100240;88.9;50;11821393652;S
20241225;100240;88.9;10;11821393653;S
20241225;100240;88.89;80;11821393654;S
20241225;100240;88.88;452;11821393655;S
20241225;100241;88.91;232;11821393793;S
20241225;100241;88.88;397;11821393794;S
20241225;100241;88.98;10;11821393795;B
20241225;100241;89;100;11821393895;S
20241225;100242;89.01;5;11821394056;S
20241225;100243;89;890;11821394136;S
20241225;100243;89.02;15;11821394252;B
20241225;100243;89;10;11821394341;S
20241225;100244;89;85;11821394346;S
20241225;100244;89.01;5;11821394482;S
20241225;100244;89;485;11821394483;S
20241225;100244;89.01;5;11821394497;S
20241225;100244;89.02;4;11821394516;B
20241225;100245;89.02;131;11821394536;B
20241225;100245;89.04;869;11821394537;B
20241225;100245;89;1000;11821394577;S
20241225;100246;89.01;5;11821394725;S
20241225;100246;89;1;11821394729;S
20241225;100247;89;100;11821394919;S
20241225;100247;89.01;10;11821394934;B
20241225;100247;89.01;4;11821394935;B
20241225;100249;89.01;231;11821395250;B
20241225;100250;89.01;4;11821395426;S
20241225;100250;89;769;11821395427;S
20241225;100251;89;550;11821395628;S
20241225;100251;89;5;11821395629;S
20241225;100251;89;56;11821395630;S
20241225;100251;89;389;11821395631;S
20241225;100254;89.01;5;11821396095;S
20241225;100254;89;368;11821396141;S
20241225;100254;89;1243;11821396208;S
20241225;100254;89;5;11821396209;S
20241225;100254;89;10;11821396210;S
20241225;100254;89;300;11821396211;S
20241225;100254;89.01;50;11821396223;B
20241225;100254;88.98;1;11821396224;S
20241225;100255;88.93;232;11821396253;S
20241225;100255;88.91;1826;11821396254;S
20241225;100255;88.9;111;11821396255;S
20241225;100255;88.9;10;11821396256;S
20241225;100255;88.89;2821;11821396257;S
20241225;100255;89;10;11821396270;B
20241225;100255;89.01;25;11821396271;B
20241225;100255;89.01;232;11821396272;B
20241225;100255;89.02;10;11821396273;B
20241225;100255;89.02;200;11821396274;B
20241225;100255;89.03;1112;11821396275;B
20241225;100255;89.03;3114;11821396276;B
20241225;100255;89.04;297;11821396277;B
20241225;100255;89.04;3;11821396317;B
20241225;100256;89;1;11821396470;S
20241225;100256;88.99;35;11821396471;S
20241225;100257;89;2;11821396616;S
20241225;100257;88.96;232;11821396617;S
20241225;100257;88.93;10;11821396618;S
20241225;100257;88.92;10;11821396619;S
20241225;100257;88.91;10;11821396620;S
20241225;100257;88.91;90;11821396621;S
20241225;100257;88.91;289;11821396622;S
20241225;100257;88.9;3114;11821396623;S
20241225;100257;88.9;1112;11821396624;S
20241225;100257;88.9;2224;11821396625;S
20241225;100257;88.89;2179;11821396626;S
20241225;100257;88.88;651;11821396627;S
20241225;100257;88.88;1;11821396628;S
20241225;100257;88.88;76;11821396629;S
20241225;100258;88.96;10;11821396803;B
20241225;100258;88.96;150;11821396823;B
20241225;100259;88.97;1;11821397087;B
20241225;100259;88.97;231;11821397092;B
20241225;100259;88.98;10;11821397093;B
20241225;100259;88.99;3114;11821397094;B
20241225;100259;88.99;645;11821397095;B
20241225;100300;88.9;407;11821397247;S
20241225;100300;88.89;5;11821397248;S
20241225;100300;88.89;588;11821397249;S
20241225;100301;88.99;1280;11821397343;B
20241225;100301;88.99;1189;11821397354;B
20241225;100301;88.99;487;11821397355;B
20241225;100301;88.91;232;11821397407;S
20241225;100301;88.91;50;11821397408;S
20241225;100301;88.9;10;11821397409;S
20241225;100301;88.89;3;11821397410;S
20241225;100301;88.89;3114;11821397411;S
20241225;100301;88.89;2591;11821397412;S
20241225;100302;88.97;11;11821397679;B
20241225;100304;88.97;232;11821398012;B
20241225;100304;88.98;10;11821398013;B
20241225;100304;88.99;1758;11821398014;B
20241225;100304;88.9;5;11821398126;S
20241225;100304;88.9;200;11821398127;S
20241225;100304;88.9;10;11821398128;S
20241225;100304;88.89;422;11821398129;S
20241225;100304;88.89;988;11821398130;S
20241225;100304;88.89;1758;11821398131;S
20241225;100304;88.88;424;11821398132;S
20241225;100304;88.88;140;11821398133;S
20241225;100304;88.88;10;11821398134;S
20241225;100304;88.88;5;11821398135;S
20241225;100304;88.88;10;11821398136;S
20241225;100304;88.88;100;11821398137;S
20241225;100304;88.88;15;11821398138;S
20241225;100304;88.88;5;11821398139;S
20241225;100304;88.88;3;11821398140;S
20241225;100304;88.88;232;11821398141;S
20241225;100304;88.88;673;11821398142;S
20241225;100304;88.9;50;11821398145;B
20241225;100305;88.92;15;11821398243;S
20241225;100305;88.89;185;11821398244;S
20241225;100305;88.88;60;11821398257;S
20241225;100306;88.87;1000;11821398487;S
20241225;100306;88.87;9000;11821398488;S
20241225;100306;88.87;300;11821398497;S
20241225;100308;88.9;7;11821398645;S
20241225;100308;88.93;3;11821398673;B
20241225;100309;88.93;497;11821398857;B
20241225;100309;88.93;232;11821398858;B
20241225;100309;88.95;271;11821398859;B
20241225;100310;88.91;5;11821398936;S
20241225;100310;88.9;3;11821398937;S
20241225;100310;88.9;50;11821398938;S
20241225;100310;88.9;7;11821398939;S
20241225;100310;88.95;2;11821398964;B
20241225;100311;88.92;1;11821399301;S
20241225;100311;88.91;5;11821399302;S
20241225;100311;88.9;49;11821399303;S
20241225;100311;88.9;3000;11821399304;S
20241225;100311;88.89;15;11821399305;S
20241225;100311;88.88;39;11821399306;S
20241225;100311;88.87;10700;11821399307;S
20241225;100311;88.87;56;11821399308;S
20241225;100311;88.87;1;11821399309;S
20241225;100311;88.86;1000;11821399310;S
20241225;100311;88.86;232;11821399311;S
20241225;100311;88.85;5;11821399312;S
20241225;100311;88.85;400;11821399313;S
20241225;100311;88.85;500;11821399314;S
20241225;100311;88.85;200;11821399315;S
20241225;100311;88.84;1;11821399316;S
20241225;100311;88.83;4;11821399317;S
20241225;100311;88.83;1000;11821399318;S
20241225;100311;88.83;1112;11821399319;S
20241225;100311;88.82;500;11821399320;S
20241225;100311;88.82;1000;11821399321;S
20241225;100311;88.82;1000;11821399322;S
20241225;100311;88.82;25;11821399323;S
20241225;100311;88.82;3;11821399324;S
20241225;100311;88.81;10;11821399325;S
20241225;100311;88.81;1;11821399326;S
20241225;100311;88.81;500;11821399327;S
20241225;100311;88.81;100;11821399328;S
20241225;100311;88.81;250;11821399329;S
20241225;100311;88.8;100;11821399330;S
20241225;100311;88.8;500;11821399331;S
20241225;100311;88.8;15000;11821399332;S
20241225;100311;88.8;1;11821399333;S
20241225;100311;88.8;100;11821399334;S
20241225;100311;88.8;1;11821399335;S
20241225;100311;88.8;200;11821399336;S
20241225;100311;88.8;30;11821399337;S
20241225;100311;88.8;500;11821399338;S
20241225;100311;88.8;490;11821399339;S
20241225;100311;88.8;1;11821399340;S
20241225;100311;88.8;1200;11821399341;S
20241225;100311;88.8;26;11821399342;S
20241225;100311;88.8;3000;11821399343;S
20241225;100311;88.79;30;11821399344;S
20241225;100311;88.78;1;11821399345;S
20241225;100311;88.78;800;11821399346;S
20241225;100311;88.77;3000;11821399347;S
20241225;100311;88.77;10000;11821399348;S
20241225;100311;88.77;56;11821399349;S
20241225;100311;88.76;2;11821399350;S
20241225;100311;88.76;3253;11821399351;S
20241225;100311;88.84;232;11821399353;B
20241225;100311;88.86;568;11821399354;B
20241225;100311;88.76;10;11821399365;S
20241225;100311;88.82;1;11821399391;B
20241225;100311;88.84;232;11821399420;B
20241225;100311;88.86;1112;11821399421;B
20241225;100311;88.87;3000;11821399422;B
20241225;100311;88.88;1156;11821399423;S
20241225;100311;88.9;232;11821399434;B
20241225;100311;88.93;100;11821399435;B
20241225;100311;88.94;250;11821399436;B
20241225;100311;88.95;3114;11821399437;B
20241225;100311;88.96;1304;11821399438;B
20241225;100311;88.92;1;11821399441;B
20241225;100312;88.79;20;11821399455;B
20241225;100312;88.78;100;11821399465;S
20241225;100312;88.78;188;11821399466;S
20241225;100312;88.89;3;11821399524;B
20241225;100312;88.78;20;11821399530;B
20241225;100312;88.88;100;11821399558;B
20241225;100312;88.81;20;11821399650;S
20241225;100312;88.81;2;11821399652;S
20241225;100312;88.84;100;11821399694;B
20241225;100313;88.84;400;11821399742;B
20241225;100313;88.85;2;11821399772;B
20241225;100313;88.83;100;11821399811;B
20241225;100313;88.85;18;11821399839;B
20241225;100313;88.88;232;11821399840;B
20241225;100313;88.9;50;11821399841;B
20241225;100313;88.9;109;11821399842;B
20241225;100313;88.9;96;11821399843;B
20241225;100313;88.81;178;11821399865;S
20241225;100313;88.8;5;11821399866;S
20241225;100313;88.8;20;11821399867;S
20241225;100313;88.8;100;11821399868;S
20241225;100313;88.78;697;11821399869;S
20241225;100314;88.9;100;11821400003;B
20241225;100314;88.9;4;11821400042;B
20241225;100314;88.9;150;11821400043;B
20241225;100314;88.91;232;11821400044;B
20241225;100314;88.93;10;11821400045;B
20241225;100314;88.93;10;11821400046;B
20241225;100314;88.94;94;11821400047;B
20241225;100314;88.89;5;11821400093;S
20241225;100314;88.88;1340;11821400094;S
20241225;100314;88.84;1;11821400095;S
20241225;100314;88.81;232;11821400096;S
20241225;100314;88.8;10;11821400097;S
20241225;100314;88.79;2926;11821400098;S
20241225;100314;88.78;703;11821400099;S
20241225;100314;88.78;1500;11821400100;S
20241225;100314;88.78;3000;11821400101;S
20241225;100314;88.76;283;11821400102;S
20241225;100315;88.85;1;11821400155;B
20241225;100315;88.87;8;11821400210;B
20241225;100315;88.87;100;11821400234;B
20241225;100315;88.82;50;11821400259;S
20241225;100316;88.76;40;11821400441;S
20241225;100316;88.84;232;11821400450;B
20241225;100316;88.86;1046;11821400451;B
20241225;100316;88.77;500;11821400472;S
20241225;100317;88.84;232;11821400574;B
20241225;100317;88.86;2568;11821400575;B
20241225;100317;88.86;2224;11821400576;B
20241225;100317;88.87;3000;11821400577;B
20241225;100317;88.88;1;11821400578;B
20241225;100317;88.89;3114;11821400579;B
20241225;100317;88.9;10;11821400580;B
20241225;100317;88.9;7000;11821400581;B
20241225;100317;88.91;1;11821400582;B
20241225;100317;88.92;2000;11821400583;B
20241225;100317;88.93;20;11821400584;B
20241225;100317;88.94;106;11821400585;B
20241225;100317;88.94;200;11821400586;B
20241225;100317;88.97;1334;11821400587;B
20241225;100317;88.97;1112;11821400588;B
20241225;100317;88.98;100;11821400589;B
20241225;100317;88.98;10;11821400590;B
20241225;100317;88.98;1500;11821400591;B
20241225;100317;88.99;2000;11821400592;B
20241225;100317;88.99;10628;11821400593;B
20241225;100317;89;12840;11821400594;B
20241225;100317;88.88;3000;11821400634;S
20241225;100317;88.81;2000;11821400635;S
20241225;100317;88.87;44;11821400722;B
20241225;100319;88.82;10;11821401029;S
20241225;100319;88.8;232;11821401030;S
20241225;100319;88.79;758;11821401031;S
20241225;100319;88.87;56;11821401078;B
20241225;100319;88.89;10;11821401079;B
20241225;100319;88.9;232;11821401080;B
20241225;100319;88.9;2;11821401081;B
20241225;100319;88.8;10;11821401186;S
20241225;100319;88.8;200;11821401187;S
20241225;100319;88.79;901;11821401188;S
20241225;100320;88.78;232;11821401473;S
20241225;100320;88.77;5;11821401474;S
20241225;100320;88.77;10;11821401475;S
20241225;100320;88.77;1753;11821401476;S
20241225;100321;88.79;56;11821401650;S
20241225;100321;88.77;807;11821401651;S
20241225;100321;88.77;300;11821401666;S
20241225;100323;88.81;100;11821401894;B
20241225;100323;88.82;100;11821401895;B
20241225;100323;88.84;5;11821401896;B
20241225;100323;88.84;232;11821401897;B
20241225;100323;88.85;100;11821401898;B
20241225;100323;88.86;249;11821401899;B
20241225;100323;88.77;150;11821401957;S
20241225;100323;88.77;350;11821401958;S
20241225;100324;88.83;22;11821402140;B
20241225;100324;88.77;50;11821402193;S
20241225;100326;88.82;100;11821402337;B
20241225;100326;88.83;78;11821402338;B
20241225;100326;88.84;500;11821402339;B
20241225;100326;88.85;322;11821402340;B
20241225;100326;88.8;500;11821402429;S
20241225;100326;88.78;712;11821402430;S
20241225;100326;88.78;232;11821402431;S
20241225;100326;88.77;2000;11821402432;S
20241225;100326;88.76;2556;11821402433;S
20241225;100326;88.84;1;11821402545;B
20241225;100327;88.79;58;11821402629;S
20241225;100327;88.78;942;11821402630;S
20241225;100327;88.78;50;11821402638;S
20241225;100328;88.8;30;11821402885;S
20241225;100328;88.8;2;11821402912;S
20241225;100328;88.81;750;11821402941;S
20241225;100329;88.8;100;11821402965;S
20241225;100329;88.81;200;11821403031;S
20241225;100330;88.81;500;11821403206;S
20241225;100330;88.81;1000;11821403210;S
20241225;100331;88.84;1;11821403311;B
20241225;100331;88.81;160;11821403313;S
20241225;100332;88.81;10;11821403417;S
20241225;100332;88.84;24;11821403504;B
20241225;100332;88.85;46;11821403505;B
20241225;100332;88.81;1324;11821403506;S
20241225;100332;88.81;225;11821403507;S
20241225;100332;88.85;100;11821403665;B
20241225;100332;88.82;900;11821403695;S
20241225;100332;88.81;2224;11821403696;S
20241225;100332;88.8;676;11821403697;S
20241225;100333;88.83;232;11821403742;B
20241225;100333;88.85;168;11821403743;B
20241225;100335;88.82;10;11821404127;S
20241225;100335;88.81;10;11821404128;S
20241225;100335;88.8;280;11821404129;S
20241225;100335;88.83;232;11821404137;B
20241225;100335;88.84;500;11821404138;B
20241225;100335;88.85;14;11821404150;B
20241225;100335;88.85;500;11821404151;B
20241225;100335;88.86;151;11821404152;B
20241225;100335;88.88;21;11821404192;S
20241225;100335;88.86;462;11821404234;B
20241225;100336;88.85;486;11821404343;S
20241225;100336;88.85;17;11821404344;S
20241225;100336;88.84;497;11821404345;S
20241225;100336;88.84;191;11821404378;S
20241225;100337;88.86;100;11821404481;B
20241225;100337;88.88;2;11821404506;B
20241225;100337;88.85;14;11821404559;S
20241225;100337;88.84;3580;11821404560;S
20241225;100337;88.81;25;11821404561;S
20241225;100337;88.8;862;11821404562;S
20241225;100337;88.8;5000;11821404563;S
20241225;100337;88.79;232;11821404564;S
20241225;100337;88.78;287;11821404565;S
20241225;100337;88.78;91;11821404569;S
20241225;100337;88.82;50;11821404587;S
20241225;100338;88.84;11;11821404702;S
20241225;100338;88.82;309;11821404703;S
20241225;100338;88.84;200;11821404749;S
20241225;100339;88.84;1;11821404970;S
20241225;100340;88.84;49;11821405167;S
20241225;100340;88.84;9;11821405168;S
20241225;100340;88.82;2;11821405169;S
20241225;100340;88.82;139;11821405204;S
20241225;100340;88.82;500;11821405205;S
20241225;100340;88.8;24;11821405206;S
20241225;100340;88.85;1;11821405229;B
20241225;100340;88.8;6;11821405259;S
20241225;100340;88.8;7;11821405260;S
20241225;100340;88.78;37;11821405261;S
20241225;100340;88.85;1;11821405267;B
20241225;100341;88.83;1500;11821405338;S
20241225;100341;88.84;1;11821405379;S
20241225;100341;88.83;499;11821405380;S
20241225;100342;88.84;1;11821405547;S
20241225;100342;88.83;501;11821405548;S
20241225;100342;88.78;1093;11821405549;S
20241225;100342;88.78;100;11821405550;S
20241225;100342;88.78;750;11821405551;S
20241225;100342;88.77;4;11821405552;S
20241225;100342;88.77;100;11821405553;S
20241225;100342;88.76;1858;11821405554;S
20241225;100342;88.76;5;11821405555;S
20241225;100342;88.76;1000;11821405556;S
20241225;100342;88.76;30;11821405557;S
20241225;100342;88.76;1;11821405558;S
20241225;100342;88.75;1;11821405559;S
20241225;100342;88.75;300;11821405560;S
20241225;100342;88.75;1000;11821405561;S
20241225;100342;88.75;232;11821405562;S
20241225;100342;88.74;1;11821405563;S
20241225;100342;88.74;53;11821405564;S
20241225;100342;88.73;554;11821405565;S
20241225;100342;88.73;2224;11821405566;S
20241225;100342;88.72;50;11821405567;S
20241225;100342;88.72;6;11821405568;S
20241225;100342;88.72;1138;11821405569;S
20241225;100342;88.81;1;11821405573;B
20241225;100342;88.76;6;11821405575;S
20241225;100342;88.72;94;11821405576;S
20241225;100342;88.72;100;11821405577;S
20241225;100342;88.81;1;11821405624;B
20241225;100342;88.84;1;11821405646;B
20241225;100342;88.75;4;11821405656;S
20241225;100342;88.73;71;11821405657;S
20241225;100343;88.75;3;11821405677;S
20241225;100343;88.75;3;11821405726;S
20241225;100343;88.75;110;11821405729;S
20241225;100343;88.83;557;11821405733;B
20241225;100343;88.76;50;11821405740;B
20241225;100343;88.74;5;11821405741;S
20241225;100343;88.75;4;11821405747;S
20241225;100343;88.75;1;11821405748;S
20241225;100344;88.82;4;11821405851;B
20241225;100344;88.82;96;11821405915;B
20241225;100344;88.83;10;11821405916;B
20241225;100344;88.85;94;11821405917;B
20241225;100344;88.85;40;11821405923;B
20241225;100344;88.75;3;11821406025;S
20241225;100344;88.75;93;11821406026;S
20241225;100346;88.8;1;11821406260;S
20241225;100346;88.73;99;11821406261;S
20241225;100346;88.81;50;11821406310;B
20241225;100346;88.8;30;11821406390;S
20241225;100346;88.73;45;11821406401;S
20241225;100347;88.73;300;11821406481;S
20241225;100347;88.73;592;11821406483;S
20241225;100347;88.76;5;11821406484;B
20241225;100347;88.76;15;11821406588;B
20241225;100347;88.8;1;11821406615;S
20241225;100347;88.81;200;11821406620;B
20241225;100347;88.81;15;11821406621;B
20241225;100347;88.8;4984;11821406626;S
20241225;100347;88.8;15;11821406627;S
20241225;100347;88.77;232;11821406628;S
20241225;100347;88.74;1;11821406629;S
20241225;100347;88.73;1;11821406630;S
20241225;100347;88.73;1334;11821406631;S
20241225;100347;88.72;668;11821406632;S
20241225;100347;88.72;200;11821406633;S
20241225;100347;88.72;325;11821406634;S
20241225;100347;88.71;100;11821406635;S
20241225;100347;88.71;1;11821406636;S
20241225;100347;88.71;1;11821406637;S
20241225;100347;88.71;10;11821406638;S
20241225;100347;88.71;5;11821406639;S
20241225;100347;88.71;150;11821406640;S
20241225;100347;88.7;8;11821406641;S
20241225;100347;88.7;1;11821406642;S
20241225;100347;88.7;500;11821406643;S
20241225;100347;88.7;50;11821406644;S
20241225;100347;88.7;1;11821406645;S
20241225;100347;88.7;3;11821406646;S
20241225;100347;88.7;140;11821406647;S
20241225;100347;88.7;200;11821406648;S
20241225;100347;88.7;10;11821406649;S
20241225;100347;88.69;1277;11821406650;S
20241225;100347;88.68;56;11821406651;S
20241225;100347;88.68;557;11821406652;S
20241225;100347;88.68;94;11821406653;S
20241225;100347;88.68;2224;11821406654;S
20241225;100347;88.67;2000;11821406655;S
20241225;100347;88.67;582;11821406656;S
20241225;100347;88.72;1;11821406688;S
20241225;100348;88.76;1;11821406848;S
20241225;100348;88.75;20;11821406883;S
20241225;100348;88.81;200;11821406949;B
20241225;100348;88.75;20;11821406951;S
20241225;100348;88.8;35;11821406975;B
20241225;100348;88.73;2;11821406984;S
20241225;100348;88.73;18;11821406985;S
20241225;100349;88.78;150;11821407200;B
20241225;100349;88.8;65;11821407201;B
20241225;100349;88.81;285;11821407202;B
20241225;100350;88.73;2;11821407455;S
20241225;100350;88.71;320;11821407456;S
20241225;100350;88.71;178;11821407457;S
20241225;100351;88.76;50;11821407512;B
20241225;100351;88.79;1;11821407516;B
20241225;100351;88.78;100;11821407664;S
20241225;100351;88.81;215;11821407701;B
20241225;100351;88.82;225;11821407702;B
20241225;100351;88.79;232;11821407707;S
20241225;100351;88.78;18;11821407708;S
20241225;100352;88.82;65;11821407729;B
20241225;100352;88.82;5;11821407815;B
20241225;100352;88.82;20;11821407916;B
20241225;100353;88.8;100;11821408082;S
20241225;100353;88.8;232;11821408083;S
20241225;100354;88.79;50;11821408264;S
20241225;100354;88.79;50;11821408265;S
20241225;100354;88.8;168;11821408351;B
20241225;100354;88.82;185;11821408352;B
20241225;100354;88.85;100;11821408353;B
20241225;100354;88.87;232;11821408354;B
20241225;100354;88.88;315;11821408355;B
20241225;100354;88.79;50;11821408356;S
20241225;100355;88.81;100;11821408480;S
20241225;100355;88.81;1;11821408509;S
20241225;100355;88.81;1;11821408510;S
20241225;100355;88.8;442;11821408511;S
20241225;100355;88.8;356;11821408512;S
20241225;100355;88.85;500;11821408514;S
20241225;100356;88.87;50;11821408645;B
20241225;100357;88.84;400;11821408812;B
20241225;100357;88.89;500;11821408813;B
20241225;100357;88.89;600;11821408814;B
20241225;100357;88.83;50;11821408848;S
20241225;100357;88.89;1;11821408859;B
20241225;100357;88.83;182;11821408881;S
20241225;100357;88.82;18;11821408882;S
20241225;100357;88.82;82;11821408897;S
20241225;100357;88.82;18;11821408898;S
20241225;100357;88.81;1;11821408915;S
20241225;100357;88.81;99;11821408916;S
20241225;100358;88.81;3;11821409145;S
20241225;100358;88.83;100;11821409249;S
20241225;100358;88.82;100;11821409250;S
20241225;100358;88.81;2122;11821409251;S
20241225;100358;88.81;601;11821409252;S
20241225;100358;88.81;1;11821409253;S
20241225;100358;88.8;2000;11821409254;S
20241225;100358;88.8;315;11821409255;S
20241225;100358;88.8;111;11821409256;S
20241225;100359;88.84;1;11821409342;S
20241225;100359;88.88;232;11821409539;B
20241225;100359;88.89;268;11821409540;B
20241225;100359;88.82;50;11821409611;S
20241225;100359;88.89;2;11821409619;B
20241225;100400;88.88;292;11821409793;B
20241225;100400;88.89;1784;11821409794;B
20241225;100400;88.83;59;11821409843;S
20241225;100401;88.84;8;11821409919;S
20241225;100401;88.87;5000;11821409998;S
20241225;100401;88.85;493;11821409999;S
20241225;100401;88.84;92;11821410000;S
20241225;100401;88.84;232;11821410001;S
20241225;100401;88.84;1;11821410002;S
20241225;100401;88.82;1;11821410065;S
20241225;100402;88.81;100;11821410177;S
20241225;100402;88.81;100;11821410276;S
20241225;100402;88.81;50;11821410282;S
20241225;100402;88.81;100;11821410451;S
20241225;100403;88.83;50;11821410464;B
20241225;100403;88.84;1736;11821410465;B
20241225;100403;88.84;1;11821410478;B
20241225;100403;88.84;500;11821410550;B
20241225;100403;88.81;411;11821410553;S
20241225;100403;88.81;100;11821410554;S
20241225;100403;88.81;250;11821410555;S
20241225;100403;88.8;5;11821410556;S
20241225;100403;88.8;234;11821410557;S
20241225;100404;88.84;100;11821410731;B
20241225;100405;88.82;1;11821410982;S
20241225;100405;88.81;99;11821410983;S
20241225;100405;88.81;50;11821411039;S
20241225;100405;88.84;135;11821411049;B
20241225;100406;88.81;2000;11821411187;S
20241225;100406;88.81;100;11821411234;B
20241225;100406;88.81;1;11821411266;S
20241225;100407;88.81;2223;11821411322;S
20241225;100407;88.8;100;11821411323;S
20241225;100407;88.8;2722;11821411324;S
20241225;100407;88.79;1;11821411325;S
20241225;100407;88.79;100;11821411326;S
20241225;100407;88.79;500;11821411327;S
20241225;100407;88.79;500;11821411328;S
20241225;100407;88.79;232;11821411329;S
20241225;100407;88.78;5422;11821411330;S
20241225;100407;88.82;232;11821411386;B
20241225;100407;88.84;268;11821411387;B
20241225;100407;88.83;10;11821411428;B
20241225;100408;88.84;3754;11821411684;B
20241225;100408;88.84;1;11821411728;B
20241225;100409;88.82;300;11821411909;S
20241225;100410;88.84;29687;11821412016;B
20241225;100410;88.84;562;11821412017;B
20241225;100410;88.83;11;11821412055;S
20241225;100410;88.83;39;11821412056;S
20241225;100410;88.88;1000;11821412188;B
20241225;100410;88.82;100;11821412203;S
20241225;100411;88.89;1110;11821412302;B
20241225;100411;88.9;3890;11821412303;B
20241225;100411;88.9;225;11821412360;B
20241225;100412;88.9;10;11821412391;B
20241225;100412;88.9;500;11821412400;B
20241225;100412;88.88;20;11821412422;S
20241225;100412;88.85;100;11821412423;S
20241225;100412;88.84;232;11821412424;S
20241225;100412;88.83;10;11821412425;S
20241225;100412;88.83;600;11821412426;S
20241225;100412;88.82;600;11821412427;S
20241225;100412;88.82;369;11821412428;S
20241225;100412;88.81;500;11821412429;S
20241225;100412;88.81;5;11821412430;S
20241225;100412;88.8;10;11821412431;S
20241225;100412;88.79;1120;11821412432;S
20241225;100412;88.79;3114;11821412433;S
20241225;100412;88.79;1;11821412434;S
20241225;100412;88.78;3319;11821412435;S
20241225;100412;88.88;50;11821412521;B
20241225;100412;88.89;50;11821412559;B
20241225;100412;88.84;10;11821412587;S
20241225;100412;88.79;40;11821412588;S
20241225;100413;88.87;500;11821412782;B
20241225;100413;88.89;232;11821412817;B
20241225;100413;88.89;768;11821412818;B
20241225;100415;88.82;50;11821413127;S
20241225;100415;88.82;36;11821413128;B
20241225;100415;88.82;31;11821413129;B
20241225;100415;88.82;33;11821413130;B
20241225;100415;88.79;124;11821413198;S
20241225;100415;88.89;232;11821413475;B
20241225;100415;88.9;2268;11821413476;B
20241225;100415;88.85;50;11821413512;S
20241225;100416;88.8;25;11821413655;S
20241225;100416;88.81;2;11821413816;S
20241225;100417;88.89;1846;11821413872;B
20241225;100417;88.9;1154;11821413873;B
20241225;100417;88.84;2;11821413892;S
20241225;100418;88.9;4;11821414075;B
20241225;100418;88.85;1;11821414135;S
20241225;100418;88.85;49;11821414228;S
20241225;100418;88.82;1;11821414229;S
20241225;100418;88.81;13;11821414230;S
20241225;100418;88.81;10;11821414231;S
20241225;100418;88.81;232;11821414232;S
20241225;100418;88.8;9;11821414233;S
20241225;100418;88.8;50;11821414234;S
20241225;100418;88.79;2;11821414235;S
20241225;100418;88.79;2634;11821414236;S
20241225;100419;88.87;27;11821414434;B
20241225;100420;88.88;110;11821414554;B
20241225;100420;88.89;3000;11821414558;B
20241225;100420;88.89;5;11821414585;B
20241225;100421;88.89;2;11821414787;B
20241225;100422;88.89;450;11821414809;B
20241225;100422;88.83;232;11821414873;S
20241225;100422;88.81;2224;11821414874;S
20241225;100422;88.81;3000;11821414875;S
20241225;100422;88.81;937;11821414876;S
20241225;100422;88.8;1000;11821414877;S
20241225;100422;88.8;50;11821414878;S
20241225;100422;88.8;1102;11821414879;S
20241225;100422;88.78;1259;11821414880;S
20241225;100422;88.78;4;11821414881;S
20241225;100422;88.77;192;11821414882;S
20241225;100422;88.87;232;11821414984;B
20241225;100422;88.88;268;11821414985;B
20241225;100423;88.88;10;11821415086;B
20241225;100423;88.89;40;11821415087;B
20241225;100423;88.8;232;11821415149;S
20241225;100423;88.78;25;11821415179;S
20241225;100423;88.8;50;11821415204;B
20241225;100424;88.8;4718;11821415210;B
20241225;100424;88.86;232;11821415211;B
20241225;100424;88.86;3000;11821415212;B
20241225;100424;88.89;2050;11821415213;B
20241225;100425;88.89;5;11821415436;B
20241225;100426;88.85;10;11821415698;S
20241225;100426;88.89;10;11821415701;B
20241225;100426;88.9;10;11821415702;B
20241225;100426;88.9;1;11821415771;B
20241225;100427;88.9;902;11821415939;B
20241225;100428;88.9;1036;11821416140;B
20241225;100428;88.9;300;11821416141;B
20241225;100428;88.9;1000;11821416142;B
20241225;100428;88.9;500;11821416143;B
20241225;100428;88.9;50;11821416144;B
20241225;100428;88.91;100;11821416215;S
20241225;100428;88.95;29;11821416227;B
20241225;100428;88.95;10;11821416228;B
20241225;100428;88.95;50;11821416229;B
20241225;100428;88.96;111;11821416230;B
20241225;100428;88.95;1000;11821416261;S
20241225;100429;88.96;100;11821416338;B
20241225;100430;88.96;789;11821416518;B
20241225;100430;88.96;11;11821416519;B
20241225;100431;88.96;69;11821416762;B
20241225;100431;88.96;20;11821416763;B
20241225;100431;88.98;741;11821416764;B
20241225;100431;88.92;1;11821416796;S
20241225;100432;88.93;100;11821416950;S
20241225;100432;88.92;200;11821416951;S
20241225;100432;88.92;155;11821416952;S
20241225;100434;88.98;1;11821417366;B
20241225;100434;88.98;258;11821417467;B
20241225;100434;88.98;1;11821417468;B
20241225;100434;88.98;500;11821417469;B
20241225;100434;88.98;241;11821417470;B
20241225;100435;88.92;100;11821417587;S
20241225;100435;88.91;400;11821417588;S
20241225;100436;88.9;1000;11821417740;S
20241225;100436;88.97;1000;11821417743;B
20241225;100436;88.98;10;11821417882;B
20241225;100436;88.98;1;11821417909;B
20241225;100437;88.98;1100;11821417921;B
20241225;100438;88.98;65;11821418153;B
20241225;100439;88.98;83;11821418321;B
20241225;100439;88.98;50;11821418322;B
20241225;100439;89;1082;11821418323;B
20241225;100439;89;4;11821418385;B
20241225;100439;89;8;11821418406;B
20241225;100441;89;11;11821418707;B
20241225;100442;88.99;36;11821418864;B
20241225;100442;88.97;11;11821418918;S
20241225;100443;88.97;89;11821419139;S
20241225;100443;88.97;11;11821419140;S
20241225;100445;88.97;50;11821419533;S
20241225;100445;88.98;5;11821419558;B
20241225;100445;88.98;195;11821419559;B
20241225;100445;88.98;37;11821419624;B
20241225;100445;88.99;464;11821419625;B
20241225;100445;88.99;1;11821419626;B
20241225;100445;89;28;11821419627;B
20241225;100445;88.97;439;11821419669;S
20241225;100445;88.96;1;11821419670;S
20241225;100445;88.96;10;11821419671;S
20241225;100445;88.92;50;11821419672;S
20241225;100445;88.92;40;11821419673;S
20241225;100445;88.91;10;11821419674;S
20241225;100445;88.9;250;11821419675;S
20241225;100446;88.9;4;11821419803;S
20241225;100446;88.96;5;11821419915;B
20241225;100446;88.96;227;11821419946;B
20241225;100446;88.98;23;11821419947;B
20241225;100447;88.96;8;11821419961;B
20241225;100447;88.96;224;11821420060;B
20241225;100447;88.98;2224;11821420061;B
20241225;100447;88.99;1841;11821420062;B
20241225;100447;88.99;2000;11821420063;B
20241225;100447;89;3867;11821420064;B
20241225;100447;89;10;11821420065;B
20241225;100447;89;100;11821420066;B
20241225;100447;89;8;11821420067;B
20241225;100447;89;500;11821420068;B
20241225;100447;89;540;11821420069;B
20241225;100449;88.96;195;11821420463;B
20241225;100450;88.96;37;11821420531;B
20241225;100450;88.97;13;11821420532;B
20241225;100450;88.96;232;11821420715;B
20241225;100450;88.97;487;11821420716;B
20241225;100452;88.98;100;11821420966;S
20241225;100452;88.97;10;11821420967;S
20241225;100453;88.97;50;11821421171;S
20241225;100454;89;20;11821421511;B
20241225;100454;88.97;21;11821421565;S
20241225;100454;88.92;79;11821421566;S
20241225;100456;88.92;1;11821421926;S
20241225;100458;88.95;50;11821422274;B
20241225;100459;88.92;20;11821422390;S
20241225;100459;88.91;26;11821422391;S
20241225;100501;88.95;1;11821422854;S
20241225;100502;88.95;7;11821422995;S
20241225;100502;88.93;1112;11821422996;S
20241225;100502;88.92;781;11821422997;S
20241225;100502;88.92;80;11821423019;S
20241225;100504;88.95;150;11821423285;B
20241225;100505;88.92;16;11821423599;S
20241225;100505;88.92;325;11821423634;S
20241225;100505;88.92;370;11821423635;S
20241225;100505;88.92;737;11821423636;S
20241225;100505;88.92;124;11821423637;S
20241225;100505;88.92;1067;11821423638;S
20241225;100505;88.91;74;11821423639;S
20241225;100505;88.91;9;11821423640;S
20241225;100505;88.9;491;11821423641;S
20241225;100505;88.9;291;11821423642;S
20241225;100505;88.9;78;11821423643;S
20241225;100505;88.9;130;11821423644;S
20241225;100505;88.9;7;11821423645;S
20241225;100505;88.88;200;11821423646;S
20241225;100505;88.88;73;11821423647;S
20241225;100506;88.92;11;11821423778;S
20241225;100506;88.96;1;11821423920;B
20241225;100507;88.92;989;11821424050;S
20241225;100507;88.91;211;11821424051;S
20241225;100508;88.95;2000;11821424072;S
20241225;100508;88.95;12;11821424324;B
20241225;100509;88.9;1000;11821424411;S
20241225;100510;88.94;79;11821424581;B
20241225;100510;88.9;100;11821424589;S
20241225;100513;88.95;46;11821425256;B
20241225;100513;88.95;100;11821425271;S
20241225;100513;88.94;1250;11821425303;S
20241225;100513;88.91;50;11821425304;S
20241225;100513;88.9;5;11821425337;S
20241225;100514;88.9;199;11821425442;S
20241225;100514;88.88;232;11821425443;S
20241225;100514;88.87;50;11821425444;S
20241225;100514;88.87;50;11821425445;S
20241225;100514;88.86;3114;11821425446;S
20241225;100514;88.85;1355;11821425447;S
20241225;100514;88.93;11;11821425453;B
20241225;100514;88.89;350;11821425529;B
20241225;100515;88.92;7;11821425720;B
20241225;100515;88.92;10;11821425742;B
20241225;100515;88.86;22;11821425820;S
20241225;100515;88.84;50;11821425821;S
20241225;100515;88.83;5600;11821425822;S
20241225;100515;88.81;400;11821425823;S
20241225;100515;88.81;10;11821425824;S
20241225;100515;88.81;232;11821425825;S
20241225;100515;88.8;100;11821425826;S
20241225;100515;88.8;5000;11821425827;S
20241225;100515;88.8;300;11821425828;S
20241225;100515;88.8;1;11821425829;S
20241225;100515;88.79;3;11821425830;S
20241225;100515;88.79;50;11821425831;S
20241225;100515;88.79;600;11821425832;S
20241225;100515;88.78;15;11821425833;S
20241225;100515;88.78;150;11821425834;S
20241225;100515;88.78;10;11821425835;S
20241225;100515;88.77;4457;11821425836;S
20241225;100516;88.85;1;11821425946;B
20241225;100516;88.79;19;11821425964;S
20241225;100516;88.84;1;11821426093;B
20241225;100517;88.79;232;11821426228;S
20241225;100517;88.78;17;11821426229;S
20241225;100517;88.78;751;11821426230;S
20241225;100518;88.82;29;11821426388;B
20241225;100518;88.79;232;11821426491;S
20241225;100518;88.78;69;11821426492;S
20241225;100518;88.77;699;11821426493;S
20241225;100518;88.82;871;11821426575;B
20241225;100518;88.83;164;11821426576;B
20241225;100518;88.84;1941;11821426577;B
20241225;100518;88.85;150;11821426578;B
20241225;100518;88.85;2258;11821426579;B
20241225;100518;88.86;232;11821426580;B
20241225;100518;88.86;3000;11821426581;B
20241225;100518;88.9;1;11821426582;B
20241225;100518;88.9;1752;11821426583;B
20241225;100518;88.9;1112;11821426584;B
20241225;100518;88.91;10;11821426585;B
20241225;100518;88.91;3114;11821426586;B
20241225;100518;88.91;1334;11821426587;B
20241225;100518;88.91;3000;11821426588;B
20241225;100518;88.92;2000;11821426589;B
20241225;100518;88.94;1283;11821426590;B
20241225;100518;88.88;500;11821426605;S
20241225;100519;88.84;90;11821426713;S
20241225;100520;88.84;2;11821426856;S
20241225;100520;88.82;198;11821426857;S
20241225;100520;88.92;200;11821427009;B
20241225;100520;88.93;200;11821427010;B
20241225;100520;88.94;100;11821427011;B
20241225;100521;88.86;232;11821427035;S
20241225;100521;88.85;768;11821427036;S
20241225;100522;88.9;100;11821427217;S
20241225;100522;88.86;260;11821427218;S
20241225;100523;88.86;1000;11821427423;B
20241225;100524;88.85;100;11821427596;S
20241225;100525;88.85;100;11821427969;S
20241225;100525;88.85;30;11821427982;S
20241225;100526;88.94;5;11821428166;B
20241225;100526;88.88;15;11821428184;S
20241225;100526;88.88;85;11821428185;S
20241225;100526;88.86;232;11821428246;S
20241225;100526;88.84;768;11821428247;S
20241225;100527;88.82;232;11821428416;S
20241225;100527;88.81;413;11821428417;S
20241225;100527;88.81;355;11821428418;B
20241225;100529;88.81;232;11821428778;S
20241225;100529;88.8;50;11821428779;S
20241225;100529;88.8;400;11821428780;S
20241225;100529;88.79;10;11821428781;S
20241225;100529;88.79;231;11821428782;S
20241225;100529;88.78;7;11821428783;S
20241225;100529;88.78;70;11821428784;S
20241225;100529;88.84;10;11821428804;B
20241225;100529;88.84;8;11821428831;B
20241225;100529;88.84;3982;11821428878;B
20241225;100529;88.84;6000;11821428879;B
20241225;100529;88.87;18;11821428880;B
20241225;100529;88.84;100;11821428881;B
20241225;100530;88.83;50;11821428960;S
20241225;100530;88.82;232;11821428961;S
20241225;100530;88.79;205;11821428962;S
20241225;100530;88.79;513;11821428963;S
20241225;100530;88.81;100;11821429006;S
20241225;100530;88.81;20;11821429029;S
20241225;100531;88.81;112;11821429144;S
20241225;100531;88.8;428;11821429145;S
20241225;100531;88.81;500;11821429276;B
20241225;100532;88.8;114;11821429425;S
20241225;100532;88.8;99;11821429533;S
20241225;100533;88.8;76;11821429606;S
20241225;100533;88.8;692;11821429650;S
20241225;100533;88.8;131;11821429651;S
20241225;100533;88.8;232;11821429652;S
20241225;100533;88.78;145;11821429653;S
20241225;100534;88.8;100;11821429714;S
20241225;100534;88.84;11;11821429811;B
20241225;100534;88.86;89;11821429812;B
20241225;100534;88.86;301;11821429909;B
20241225;100534;88.86;289;11821429910;B
20241225;100534;88.87;182;11821429911;B
20241225;100534;88.87;1000;11821429912;B
20241225;100534;88.87;50;11821429913;B
20241225;100534;88.89;2309;11821429914;B
20241225;100534;88.89;2224;11821429915;B
20241225;100534;88.89;1334;11821429916;B
20241225;100534;88.9;911;11821429917;B
20241225;100535;88.9;50;11821429959;B
20241225;100535;88.9;39;11821430037;B
20241225;100535;88.9;100;11821430038;B
20241225;100535;88.9;61;11821430039;B
20241225;100536;88.9;7;11821430146;B
20241225;100536;88.9;5;11821430317;B
20241225;100537;88.85;2;11821430460;S
20241225;100539;88.85;198;11821430850;S
20241225;100539;88.85;232;11821430851;S
20241225;100539;88.84;20;11821430852;S
20241225;100540;88.84;165;11821430991;S
20241225;100540;88.9;300;11821431205;B
20241225;100540;88.84;800;11821431210;S
20241225;100542;88.86;500;11821431364;S
20241225;100542;88.86;29;11821431590;S
20241225;100543;88.89;5;11821431743;B
20241225;100543;88.9;227;11821431744;B
20241225;100543;88.9;7;11821431745;B
20241225;100543;88.9;108;11821431746;B
20241225;100543;88.9;85;11821431747;B
20241225;100543;88.9;25;11821431748;B
20241225;100543;88.9;246;11821431749;B
20241225;100543;88.9;82;11821431750;B
20241225;100543;88.9;572;11821431755;B
20241225;100543;88.9;1000;11821431756;B
20241225;100543;88.93;100;11821431757;B
20241225;100543;88.94;1;11821431758;B
20241225;100543;88.94;1112;11821431759;B
20241225;100543;88.95;3000;11821431760;B
20241225;100543;88.96;2;11821431761;B
20241225;100543;88.96;1;11821431762;B
20241225;100543;88.97;1;11821431763;B
20241225;100543;88.97;10;11821431764;B
20241225;100543;88.97;201;11821431765;B
20241225;100543;88.91;232;11821431767;S
20241225;100543;88.9;3321;11821431768;S
20241225;100543;88.9;797;11821431769;B
20241225;100543;88.9;650;11821431770;B
20241225;100544;88.97;3;11821431927;B
20241225;100544;88.94;10;11821432149;S
20241225;100544;88.93;40;11821432150;S
20241225;100544;88.9;62;11821432151;B
20241225;100546;88.9;56;11821432327;S
20241225;100547;88.96;232;11821432610;B
20241225;100547;88.97;1;11821432611;B
20241225;100547;88.98;1112;11821432612;B
20241225;100547;88.98;2224;11821432613;B
20241225;100547;88.99;24;11821432614;B
20241225;100547;88.99;200;11821432615;B
20241225;100547;88.99;800;11821432616;B
20241225;100547;88.99;1;11821432617;B
20241225;100547;89;6440;11821432618;B
20241225;100547;89;2240;11821432619;B
20241225;100547;89;15;11821432620;B
20241225;100547;89;1;11821432621;B
20241225;100547;89;5710;11821432622;B
20241225;100548;88.92;232;11821432872;S
20241225;100548;88.9;44;11821432873;S
20241225;100548;88.9;229;11821432874;S
20241225;100548;88.93;200;11821432994;S
20241225;100548;88.91;800;11821432995;S
20241225;100549;88.98;2;11821433009;B
20241225;100549;88.98;232;11821433053;B
20241225;100549;88.99;800;11821433054;B
20241225;100549;88.99;870;11821433055;B
20241225;100549;88.98;200;11821433077;B
20241225;100550;88.92;300;11821433215;S
20241225;100551;88.99;40;11821433494;B
20241225;100552;88.97;500;11821433573;S
20241225;100552;88.93;2814;11821433574;S
20241225;100552;88.92;232;11821433575;S
20241225;100552;88.92;3000;11821433576;S
20241225;100552;88.9;2000;11821433577;S
20241225;100552;88.89;3114;11821433578;S
20241225;100552;88.88;250;11821433579;S
20241225;100552;88.88;1090;11821433580;S
20241225;100553;88.88;10;11821433820;S
20241225;100553;88.86;2;11821433821;S
20241225;100553;88.86;47;11821433822;S
20241225;100553;88.91;18;11821433823;B
20241225;100553;88.94;20;11821433966;B
20241225;100554;88.94;10;11821434044;B
20241225;100554;88.9;100;11821434102;S
20241225;100554;88.86;1065;11821434103;S
20241225;100554;88.86;1334;11821434104;S
20241225;100554;88.85;2501;11821434105;S
20241225;100554;88.91;274;11821434220;B
20241225;100554;88.94;10;11821434221;B
20241225;100554;88.95;232;11821434222;B
20241225;100554;88.96;200;11821434223;B
20241225;100554;88.96;10;11821434224;B
20241225;100554;88.97;1;11821434225;B
20241225;100554;88.97;200;11821434226;B
20241225;100554;88.97;1073;11821434227;S
20241225;100555;88.99;1;11821434352;B
20241225;100555;88.99;159;11821434353;B
20241225;100555;88.99;15;11821434354;B
20241225;100555;89;300;11821434355;B
20241225;100555;89;50;11821434356;B
20241225;100555;89;30;11821434357;B
20241225;100555;89;1;11821434358;B
20241225;100555;89;1;11821434359;B
20241225;100555;89;200;11821434360;B
20241225;100555;89;100;11821434361;B
20241225;100555;89;144;11821434362;B
20241225;100557;88.99;1;11821434678;B
20241225;100557;89;1356;11821434679;B
20241225;100557;89;1;11821434680;B
20241225;100557;89;1642;11821434681;B
20241225;100557;89;2;11821434682;B
