<DATE>;<TIME>;<LAST>;<VOL>;<ID>;<OPER>
20240515;095959;1223.2;30;10373818777;B
20240515;095959;1223.2;2;10373818778;B
20240515;095959;1223.2;1;10373818779;B
20240515;095959;1223.2;2;10373818780;B
20240515;095959;1223.2;3;10373818781;B
20240515;095959;1223.2;180;10373818782;B
20240515;095959;1223.2;1;10373818783;B
20240515;095959;1223.2;4;10373818784;B
20240515;095959;1223.2;4;10373818785;B
20240515;095959;1223.2;1;10373818786;B
20240515;095959;1223.2;2;10373818787;B
20240515;095959;1223.2;2;10373818788;B
20240515;095959;1223.2;15;10373818789;B
20240515;095959;1223.2;2;10373818790;B
20240515;095959;1223.2;2;10373818791;B
20240515;095959;1223.2;4;10373818792;B
20240515;095959;1223.2;1;10373818793;B
20240515;095959;1223.2;1;10373818794;B
20240515;095959;1223.2;16;10373818795;B
20240515;095959;1223.2;5;10373818796;S
20240515;095959;1223.2;5;10373818797;B
20240515;095959;1223.2;24;10373818798;B
20240515;095959;1223.2;7;10373818799;B
20240515;095959;1223.2;3;10373818800;B
20240515;095959;1223.2;2;10373818801;S
20240515;095959;1223.2;3;10373818802;B
20240515;095959;1223.2;110;10373818803;B
20240515;095959;1223.2;10;10373818804;B
20240515;095959;1223.2;1;10373818805;B
20240515;095959;1223.2;10;10373818806;B
20240515;095959;1223.2;81;10373818807;B
20240515;095959;1223.2;16;10373818808;B
20240515;095959;1223.2;2;10373818809;B
20240515;095959;1223.2;25;10373818810;B
20240515;095959;1223.2;4;10373818811;B
20240515;095959;1223.2;1;10373818812;B
20240515;095959;1223.2;2;10373818813;B
20240515;095959;1223.2;2500;10373818814;S
20240515;095959;1223.2;1;10373818815;S
20240515;095959;1223.2;1;10373818816;S
20240515;095959;1223.2;1;10373818817;S
20240515;095959;1223.2;4;10373818818;S
20240515;095959;1223.2;1;10373818819;S
20240515;095959;1223.2;7;10373818820;S
20240515;095959;1223.2;2;10373818821;S
20240515;095959;1223.2;2;10373818822;S
20240515;095959;1223.2;25;10373818823;S
20240515;095959;1223.2;1;10373818824;S
20240515;095959;1223.2;1;10373818825;S
20240515;095959;1223.2;5;10373818826;B
20240515;095959;1223.2;2;10373818827;B
20240515;095959;1223.2;1;10373818828;B
20240515;095959;1223.2;2;10373818829;B
20240515;095959;1223.2;2;10373818830;B
20240515;095959;1223.2;2;10373818831;B
20240515;095959;1223.2;1;10373818832;B
20240515;095959;1223.2;40;10373818833;B
20240515;095959;1223.2;40;10373818834;B
20240515;095959;1223.2;1;10373818835;B
20240515;095959;1223.2;3;10373818836;B
20240515;095959;1223.2;4;10373818837;B
20240515;095959;1223.2;1;10373818838;B
20240515;095959;1223.2;1;10373818839;B
20240515;095959;1223.2;40;10373818840;B
20240515;095959;1223.2;1;10373818841;B
20240515;095959;1223.2;39;10373818842;B
20240515;095959;1223.2;1;10373818843;B
20240515;095959;1223.2;26;10373818844;B
20240515;095959;1223.2;2;10373818845;B
20240515;095959;1223.2;1;10373818846;B
20240515;095959;1223.2;1;10373818847;B
20240515;095959;1223.2;5;10373818848;B
20240515;095959;1223.2;1;10373818849;B
20240515;095959;1223.2;1;10373818850;B
20240515;095959;1223.2;60;10373818851;B
20240515;095959;1223.2;1;10373818852;S
20240515;095959;1223.2;1;10373818853;S
20240515;095959;1223.2;20;10373818854;S
20240515;095959;1223.2;6;10373818855;B
20240515;095959;1223.2;2;10373818856;B
20240515;095959;1223.2;5;10373818857;B
20240515;095959;1223.2;1;10373818858;B
20240515;095959;1223.2;5;10373818859;B
20240515;095959;1223.2;8;10373818860;B
20240515;095959;1223.2;30;10373818861;B
20240515;095959;1223.2;20;10373818862;B
20240515;095959;1223.2;1;10373818863;B
20240515;095959;1223.2;2;10373818864;B
20240515;095959;1223.2;130;10373818865;B
20240515;095959;1223.2;1;10373818866;S
20240515;095959;1223.2;1;10373818867;S
20240515;095959;1223.2;10;10373818868;B
20240515;095959;1223.2;100;10373818869;B
20240515;095959;1223.2;2;10373818870;S
20240515;095959;1223.2;1;10373818871;S
20240515;095959;1223.2;1;10373818872;B
20240515;095959;1223.2;1;10373818873;S
20240515;095959;1223.2;82;10373818874;S
20240515;095959;1223.2;5;10373818875;S
20240515;095959;1223.2;1;10373818876;S
20240515;095959;1223.2;1;10373818877;B
20240515;095959;1223.2;1;10373818878;B
20240515;095959;1223.2;4;10373818879;B
20240515;095959;1223.2;2;10373818880;B
20240515;095959;1223.2;2;10373818881;S
20240515;095959;1223.2;10;10373818882;B
20240515;095959;1223.2;1;10373818883;S
20240515;095959;1223.2;1;10373818884;S
20240515;095959;1223.2;24;10373818885;B
20240515;095959;1223.2;2;10373818886;B
20240515;095959;1223.2;2;10373818887;B
20240515;095959;1223.2;10;10373818888;B
20240515;095959;1223.2;2;10373818889;B
20240515;095959;1223.2;10;10373818890;B
20240515;095959;1223.2;100;10373818891;B
20240515;095959;1223.2;828;10373818892;S
20240515;095959;1223.2;1;10373818893;S
20240515;095959;1223.2;649;10373818894;B
20240515;095959;1223.2;351;10373818895;B
20240515;095959;1223.2;1;10373818896;B
20240515;095959;1223.2;80;10373818897;B
20240515;095959;1223.2;3;10373818898;B
20240515;095959;1223.2;100;10373818899;B
20240515;095959;1223.2;81;10373818900;B
20240515;095959;1223.2;50;10373818901;S
20240515;095959;1223.2;2;10373818902;S
20240515;095959;1223.2;1;10373818903;S
20240515;095959;1223.2;1;10373818904;S
20240515;095959;1223.2;1;10373818905;S
20240515;095959;1223.2;50;10373818906;S
20240515;095959;1223.2;1;10373818907;S
20240515;095959;1223.2;20;10373818908;B
20240515;095959;1223.2;250;10373818909;B
20240515;095959;1223.2;1;10373818910;B
20240515;095959;1223.2;5;10373818911;B
20240515;095959;1223.2;1;10373818912;B
20240515;095959;1223.2;1;10373818913;B
20240515;095959;1223.2;333;10373818914;B
20240515;095959;1223.2;2;10373818915;B
20240515;095959;1223.2;1;10373818916;B
20240515;095959;1223.2;50;10373818917;B
20240515;095959;1223.2;1;10373818918;B
20240515;095959;1223.2;1;10373818919;B
20240515;095959;1223.2;50;10373818920;S
20240515;095959;1223.2;1;10373818921;S
20240515;095959;1223.2;8;10373818922;S
20240515;095959;1223.2;1;10373818923;S
20240515;095959;1223.2;1;10373818924;S
20240515;095959;1223.2;493;10373818925;B
20240515;095959;1223.2;2;10373818926;S
20240515;095959;1223.2;100;10373818927;S
20240515;095959;1223.2;10;10373818928;B
20240515;095959;1223.2;100;10373818929;S
20240515;095959;1223.2;1;10373818930;S
20240515;095959;1223.2;1;10373818931;S
20240515;095959;1223.2;1;10373818932;S
20240515;095959;1223.2;1;10373818933;S
20240515;095959;1223.2;100;10373818934;S
20240515;095959;1223.2;1;10373818935;S
20240515;095959;1223.2;5;10373818936;B
20240515;095959;1223.2;4;10373818937;B
20240515;095959;1223.2;3;10373818938;B
20240515;095959;1223.2;100;10373818939;S
20240515;095959;1223.2;1;10373818940;S
20240515;095959;1223.2;50;10373818941;S
20240515;095959;1223.2;8;10373818942;B
20240515;095959;1223.2;1;10373818943;B
20240515;095959;1223.2;20;10373818944;B
20240515;095959;1223.2;2;10373818945;B
20240515;095959;1223.2;47;10373818946;B
20240515;095959;1223.2;8;10373818947;B
20240515;095959;1223.2;1;10373818948;B
20240515;095959;1223.2;12;10373818949;B
20240515;095959;1223.2;10;10373818950;B
20240515;095959;1223.2;25;10373818951;B
20240515;095959;1223.2;2;10373818952;B
20240515;095959;1223.2;1;10373818953;B
20240515;095959;1223.2;2;10373818954;B
20240515;095959;1223.2;3;10373818955;B
20240515;095959;1223.2;10;10373818956;B
20240515;095959;1223.2;7;10373818957;S
20240515;095959;1223.2;5;10373818958;B
20240515;095959;1223.2;23;10373818959;B
20240515;095959;1223.2;100;10373818960;S
20240515;095959;1223.2;1;10373818961;S
20240515;095959;1223.2;30;10373818962;S
20240515;095959;1223.2;1;10373818963;S
20240515;095959;1223.2;1;10373818964;S
20240515;095959;1223.2;20;10373818965;S
20240515;095959;1223.2;1;10373818966;S
20240515;095959;1223.2;100;10373818967;S
20240515;095959;1223.2;2;10373818968;S
20240515;095959;1223.2;1;10373818969;S
20240515;095959;1223.2;10;10373818970;S
20240515;095959;1223.2;10;10373818971;S
20240515;095959;1223.2;3;10373818972;B
20240515;095959;1223.2;3;10373818973;B
20240515;095959;1223.2;3;10373818974;B
20240515;095959;1223.2;3;10373818975;B
20240515;095959;1223.2;3;10373818976;B
20240515;095959;1223.2;1;10373818977;B
20240515;095959;1223.2;1;10373818978;S
20240515;095959;1223.2;8;10373818979;S
20240515;095959;1223.2;2;10373818980;S
20240515;095959;1223.2;10;10373818981;S
20240515;095959;1223.2;3;10373818982;S
20240515;095959;1223.2;1;10373818983;S
20240515;100000;1226.6;1;10373819354;B
20240515;100001;1223.8;54;10373819651;S
20240515;100001;1226.4;12;10373819654;B
20240515;100001;1226.4;1;10373819699;B
20240515;100001;1225.2;1;10373819964;B
20240515;100002;1225;1;10373820054;B
20240515;100002;1224.8;5;10373820055;S
20240515;100002;1224.4;13;10373820056;S
20240515;100002;1224.2;17;10373820057;S
20240515;100002;1225;9;10373820058;B
20240515;100002;1225.2;2;10373820059;B
20240515;100002;1226;13;10373820060;B
20240515;100002;1226.2;40;10373820061;B
20240515;100002;1226.4;102;10373820062;B
20240515;100002;1226.6;24;10373820063;B
20240515;100002;1226.6;1;10373820064;B
20240515;100002;1226.6;9;10373820065;B
20240515;100002;1226.6;8;10373820066;B
20240515;100002;1226;1;10373820176;B
20240515;100002;1225.2;1;10373820186;S
20240515;100002;1225;1;10373820187;S
20240515;100002;1224.6;5;10373820272;B
20240515;100002;1224.6;5;10373820289;B
20240515;100002;1224.6;1;10373820291;B
20240515;100002;1224.6;1;10373820348;B
20240515;100002;1224.6;1;10373820354;B
20240515;100002;1224.6;1;10373820355;B
20240515;100002;1224.6;1;10373820356;B
20240515;100002;1224.6;1;10373820362;B
20240515;100002;1224.6;1;10373820376;B
20240515;100002;1224.6;2;10373820399;B
20240515;100002;1224.6;1;10373820400;B
20240515;100003;1224.6;1;10373820443;B
20240515;100003;1224.4;1;10373820453;S
20240515;100003;1224.4;24;10373820454;S
20240515;100003;1224.6;1;10373820480;B
20240515;100003;1224.6;1;10373820483;B
20240515;100003;1224.4;30;10373820484;S
20240515;100003;1224.6;1;10373820489;B
20240515;100003;1224.6;9;10373820501;B
20240515;100003;1224.6;1;10373820524;B
20240515;100003;1224.6;1;10373820557;B
20240515;100003;1224.6;1;10373820566;B
20240515;100003;1224.6;1;10373820636;B
20240515;100003;1224.6;1;10373820689;B
20240515;100004;1224.6;3;10373820735;B
20240515;100004;1224.6;142;10373820746;B
20240515;100004;1224.6;1;10373820932;B
20240515;100004;1224.6;1;10373821176;B
20240515;100004;1224.4;5;10373821177;S
20240515;100004;1224.4;1;10373821642;S
20240515;100005;1224.6;1;10373821755;B
20240515;100005;1224.6;1;10373822091;B
20240515;100005;1224.6;1;10373822345;B
20240515;100005;1224.4;1;10373822346;S
20240515;100005;1224.4;10;10373822347;S
20240515;100005;1224.6;3;10373822348;B
20240515;100005;1224.6;2;10373822349;B
20240515;100005;1224.6;2;10373822350;B
20240515;100005;1224.6;2;10373822896;B
20240515;100006;1224.6;100;10373823983;B
20240515;100006;1224.6;4;10373824095;B
20240515;100006;1224.4;1;10373824326;S
20240515;100006;1224.6;2;10373824327;B
20240515;100006;1224.6;80;10373826307;B
20240515;100007;1224.4;1;10373826880;S
20240515;100007;1224.6;1;10373827456;B
20240515;100007;1224.4;1;10373827502;S
20240515;100007;1224.4;3;10373827711;S
20240515;100009;1224.4;1;10373828304;S
20240515;100009;1224.4;1;10373828342;S
20240515;100010;1224.6;1;10373828489;B
20240515;100010;1224.6;11;10373828575;B
20240515;100010;1224.6;4;10373828893;B
20240515;100012;1224.6;5;10373829586;B
20240515;100012;1224.6;11;10373829823;B
20240515;100012;1224.6;5;10373830184;B
20240515;100013;1224.4;90;10373830479;S
20240515;100013;1224.4;51;10373830480;S
20240515;100013;1224.4;70;10373830481;S
20240515;100013;1224.2;1;10373830482;S
20240515;100013;1224.2;13;10373830483;S
20240515;100013;1224;1;10373830484;S
20240515;100013;1224;4;10373830485;S
20240515;100014;1224.4;13;10373830546;B
20240515;100014;1224.4;40;10373830547;B
20240515;100014;1224.6;147;10373830548;B
20240515;100015;1224.4;1;10373831344;B
20240515;100017;1224.2;15;10373831760;S
20240515;100017;1224.2;10;10373831805;S
20240515;100020;1224.2;73;10373832364;S
20240515;100020;1224.2;13;10373832365;S
20240515;100020;1224.2;51;10373832366;S
20240515;100020;1224;67;10373832367;S
20240515;100020;1224;160;10373832368;S
20240515;100020;1224;1;10373832369;S
20240515;100020;1224;1;10373832370;S
20240515;100020;1224;13;10373832371;S
20240515;100020;1224;100;10373832372;S
20240515;100020;1223.6;40;10373832373;S
20240515;100020;1223.4;230;10373832374;S
20240515;100020;1223.2;6;10373832375;S
20240515;100020;1223.2;1;10373832376;S
20240515;100020;1223.2;1;10373832377;S
20240515;100020;1223.2;51;10373832378;S
20240515;100020;1223.2;2;10373832379;S
20240515;100020;1223.2;5;10373832380;S
20240515;100020;1223.2;146;10373832381;S
20240515;100020;1223;15;10373832382;S
20240515;100020;1223;50;10373832383;S
20240515;100020;1223;1;10373832384;S
20240515;100020;1223;1;10373832385;S
20240515;100020;1223;1;10373832386;S
20240515;100020;1223;10;10373832387;S
20240515;100020;1223;10;10373832388;S
20240515;100020;1223;1;10373832389;S
20240515;100020;1223;100;10373832390;S
20240515;100020;1223;3;10373832391;S
20240515;100020;1223;20;10373832392;S
20240515;100020;1223;1;10373832393;S
20240515;100020;1223;1;10373832394;S
20240515;100020;1223;1;10373832395;S
20240515;100020;1223;1;10373832396;S
20240515;100020;1223;3;10373832397;S
20240515;100020;1223;10;10373832398;S
20240515;100020;1223;1;10373832399;S
20240515;100020;1223;2;10373832400;S
20240515;100020;1223;1;10373832401;S
20240515;100020;1223;10;10373832402;S
20240515;100020;1223;1;10373832403;S
20240515;100020;1222.8;15;10373832404;S
20240515;100020;1222.8;1;10373832405;S
20240515;100020;1222.8;10;10373832406;S
20240515;100020;1222.8;2;10373832407;S
20240515;100020;1222.8;1;10373832408;S
20240515;100020;1222.6;10;10373832409;S
20240515;100020;1222.6;1;10373832410;S
20240515;100020;1222.6;1;10373832411;S
20240515;100020;1222.6;1;10373832412;S
20240515;100020;1222.6;2;10373832413;S
20240515;100020;1222.6;171;10373832414;S
20240515;100020;1222.4;15;10373832415;S
20240515;100020;1222.4;15;10373832416;S
20240515;100020;1222.4;1;10373832417;S
20240515;100020;1222.4;5;10373832418;S
20240515;100020;1222.4;3;10373832419;S
20240515;100020;1222.4;10;10373832420;S
20240515;100020;1222.4;1;10373832421;S
20240515;100020;1222.4;8;10373832422;S
20240515;100020;1222.4;2;10373832423;S
20240515;100020;1222.4;20;10373832424;S
20240515;100020;1222.4;163;10373832425;S
20240515;100020;1222.2;15;10373832426;S
20240515;100020;1222.2;2500;10373832427;S
20240515;100020;1222.2;10;10373832428;S
20240515;100020;1222.2;4;10373832429;S
20240515;100020;1222.2;22;10373832430;S
20240515;100020;1222.2;10;10373832431;S
20240515;100020;1222.2;2;10373832432;S
20240515;100020;1222.2;2;10373832433;S
20240515;100020;1222.2;2;10373832434;S
20240515;100020;1222.2;20;10373832435;S
20240515;100020;1222.4;30;10373832445;S
20240515;100020;1222.6;1;10373832447;B
20240515;100020;1222.6;3;10373832504;B
20240515;100020;1222.6;2;10373832524;B
20240515;100020;1224;8;10373832525;B
20240515;100020;1222.4;8;10373832531;S
20240515;100020;1224;1;10373832533;B
20240515;100020;1224;4;10373832535;B
20240515;100020;1224.2;3;10373832536;B
20240515;100020;1223;5;10373832550;B
20240515;100020;1222.6;2;10373832575;S
20240515;100020;1222.8;1;10373832577;B
20240515;100020;1222.8;1;10373832602;B
20240515;100020;1223;6;10373832603;B
20240515;100021;1223;1;10373832646;B
20240515;100021;1223;1;10373832650;B
20240515;100021;1223;1;10373832684;B
20240515;100021;1223;5;10373832686;B
20240515;100021;1223;1;10373832690;B
20240515;100021;1223;7;10373832692;B
20240515;100021;1223;1;10373832723;B
20240515;100021;1222.8;2;10373832795;S
20240515;100022;1222.8;8;10373832932;S
20240515;100022;1222.6;11;10373832933;S
20240515;100022;1222.6;5;10373832934;S
20240515;100022;1222.6;1;10373832935;S
20240515;100022;1222.6;44;10373832936;S
20240515;100022;1222.4;125;10373832937;S
20240515;100022;1222.4;6;10373832938;S
20240515;100024;1222.6;1;10373833549;B
20240515;100024;1222.6;52;10373833718;B
20240515;100024;1222.8;11;10373833719;B
20240515;100024;1223;37;10373833720;B
20240515;100024;1222.6;5;10373833785;S
20240515;100025;1222.4;1;10373833999;S
20240515;100025;1222.4;2;10373834000;S
20240515;100025;1222.4;25;10373834269;S
20240515;100026;1222.6;7;10373834363;B
20240515;100026;1222.6;2;10373834364;B
20240515;100026;1223;17;10373834365;B
20240515;100026;1223;17;10373834366;B
20240515;100026;1223.6;7;10373834367;B
20240515;100027;1223.6;2;10373834549;B
20240515;100028;1223.6;8;10373834765;B
20240515;100029;1223.6;4;10373835010;B
20240515;100029;1223;1;10373835017;S
20240515;100029;1222.4;1;10373835018;S
20240515;100029;1223.6;1;10373835032;B
20240515;100029;1222.4;1;10373835053;S
20240515;100029;1223.6;12;10373835076;B
20240515;100030;1222.4;50;10373835240;S
20240515;100031;1223.6;53;10373835431;B
20240515;100031;1223.8;28;10373835432;B
20240515;100031;1223.8;10;10373835536;B
20240515;100032;1223.8;50;10373835537;B
20240515;100033;1222.6;4;10373835936;S
20240515;100035;1223.8;1;10373836452;B
20240515;100036;1223.8;40;10373836620;B
20240515;100038;1223.8;6;10373837120;B
20240515;100039;1223.8;9;10373837297;B
20240515;100039;1223.8;3;10373837367;B
20240515;100042;1223.8;10;10373837889;B
20240515;100044;1223.8;115;10373838223;B
20240515;100045;1223.8;50;10373838489;B
20240515;100046;1223.4;2;10373838624;S
20240515;100049;1223.4;1;10373839341;S
20240515;100051;1223.8;2;10373839991;B
20240515;100051;1223.8;1;10373840030;B
20240515;100051;1223.4;2;10373840106;S
20240515;100052;1223.8;4;10373840181;B
20240515;100052;1224;1;10373840448;B
20240515;100054;1223.6;1;10373840719;S
20240515;100055;1224;1;10373840900;B
20240515;100056;1223.8;1;10373841206;S
20240515;100056;1224;1;10373841238;B
20240515;100057;1223.8;97;10373841524;S
20240515;100057;1223.8;3;10373841525;S
20240515;100059;1224;6;10373842013;B
20240515;100101;1224;6;10373842377;B
20240515;100101;1224.4;12;10373842378;B
20240515;100101;1224.4;32;10373842379;B
20240515;100101;1224.6;4;10373842499;B
20240515;100102;1224.4;15;10373842579;S
20240515;100103;1224.4;26;10373842798;B
20240515;100103;1224.6;64;10373842799;B
20240515;100103;1224.2;61;10373842824;S
20240515;100103;1224.2;13;10373842825;S
20240515;100103;1224;163;10373842826;S
20240515;100103;1224;160;10373842827;S
20240515;100103;1224;98;10373842828;S
20240515;100103;1224;5;10373842829;S
20240515;100104;1224.4;13;10373842961;B
20240515;100104;1224.6;87;10373842962;B
20240515;100104;1224.6;2;10373842992;B
20240515;100105;1224.6;10;10373843127;B
20240515;100105;1224.6;2;10373843137;B
20240515;100106;1224.6;3;10373843375;B
20240515;100106;1224.6;100;10373843524;B
20240515;100107;1224.6;308;10373843729;B
20240515;100107;1224.6;2;10373843730;B
20240515;100107;1224.8;34;10373843731;B
20240515;100107;1225.2;61;10373843732;B
20240515;100107;1225.4;600;10373843733;B
20240515;100107;1226;40;10373843734;B
20240515;100107;1226;100;10373843735;S
20240515;100107;1226;100;10373843736;S
20240515;100107;1226.2;1;10373843820;B
20240515;100107;1226.2;5;10373843931;B
20240515;100109;1226.2;11;10373844406;B
20240515;100110;1226.8;3;10373844980;B
20240515;100111;1226.4;4;10373845026;S
20240515;100111;1226.8;2;10373845031;B
20240515;100113;1227;30;10373845451;B
20240515;100113;1227;5;10373845452;B
20240515;100113;1227;2;10373845453;B
20240515;100113;1227.2;1;10373845454;B
20240515;100113;1227.2;75;10373845455;B
20240515;100113;1227.2;1;10373845456;B
20240515;100113;1227.2;100;10373845457;B
20240515;100113;1227.2;1;10373845458;B
20240515;100113;1227.2;2;10373845459;B
20240515;100113;1227.2;1;10373845460;B
20240515;100113;1227.2;3;10373845461;B
20240515;100113;1227.6;20;10373845462;B
20240515;100113;1227.6;59;10373845463;B
20240515;100114;1227.4;5;10373845631;S
20240515;100114;1227.4;15;10373845632;S
20240515;100114;1227.6;26;10373845787;B
20240515;100114;1227.8;42;10373845788;B
20240515;100114;1228;20;10373845789;B
20240515;100115;1227.4;98;10373845910;S
20240515;100115;1227.2;2;10373845911;S
20240515;100115;1227.8;2;10373845983;B
20240515;100116;1228;10;10373846020;B
20240515;100116;1227.2;4;10373846109;S
20240515;100116;1227.8;4;10373846186;B
20240515;100116;1228;70;10373846187;B
20240515;100116;1228;25;10373846188;B
20240515;100116;1228;18;10373846189;B
20240515;100116;1228.2;41;10373846190;B
20240515;100116;1228.2;150;10373846191;B
20240515;100116;1228.4;5;10373846192;B
20240515;100116;1228.4;5;10373846193;B
20240515;100116;1228.4;230;10373846194;B
20240515;100116;1228.6;7;10373846195;B
20240515;100116;1228.6;5;10373846196;B
20240515;100116;1228.6;10;10373846197;B
20240515;100116;1228.8;18;10373846198;B
20240515;100116;1228.8;2;10373846199;B
20240515;100116;1228.8;50;10373846200;B
20240515;100116;1228.8;1;10373846201;B
20240515;100116;1228.8;3;10373846202;B
20240515;100116;1228.8;326;10373846203;B
20240515;100116;1228.8;30;10373846204;B
20240515;100117;1228.6;30;10373846349;B
20240515;100117;1228.6;1;10373846400;B
20240515;100117;1228.6;69;10373846404;B
20240515;100117;1228.6;1;10373846405;B
20240515;100119;1228.8;2;10373846735;B
20240515;100121;1228;2;10373847150;S
20240515;100121;1228;2;10373847151;S
20240515;100122;1228.8;3;10373847296;B
20240515;100123;1228;1;10373847473;S
20240515;100123;1228.8;1;10373847668;B
20240515;100123;1228.8;1;10373847669;B
20240515;100124;1228.8;3;10373847702;B
20240515;100124;1229;1;10373847703;B
20240515;100124;1229;12;10373847704;B
20240515;100124;1229;4;10373847705;B
20240515;100124;1228.8;36;10373847794;B
20240515;100124;1229;6;10373847795;B
20240515;100124;1229;5;10373847796;B
20240515;100124;1229;3;10373847797;B
20240515;100124;1229;3;10373847853;B
20240515;100124;1229;39;10373847854;B
20240515;100124;1229;20;10373847868;B
20240515;100124;1228;1;10373847872;S
20240515;100124;1228;2;10373847873;S
20240515;100125;1229;1;10373847884;B
20240515;100125;1229.2;1;10373847885;B
20240515;100125;1229.2;1;10373847886;B
20240515;100125;1229.2;5;10373847887;B
20240515;100125;1229.2;2;10373847888;B
20240515;100125;1228;17;10373847901;S
20240515;100128;1228;20;10373848451;B
20240515;100128;1228.6;20;10373848467;B
20240515;100129;1227.6;10;10373848669;S
20240515;100129;1228;3;10373848699;S
20240515;100129;1227.6;3;10373848700;S
20240515;100129;1227.6;3;10373848701;S
20240515;100129;1228.6;10;10373848707;B
20240515;100129;1228.6;10;10373848708;B
20240515;100130;1228.4;3;10373848934;B
20240515;100132;1228.4;1;10373849360;B
20240515;100132;1228;2;10373849389;S
20240515;100132;1227.6;13;10373849390;S
20240515;100132;1227.6;36;10373849391;S
20240515;100132;1227.4;61;10373849392;S
20240515;100132;1227.2;52;10373849393;S
20240515;100134;1227;13;10373849654;S
20240515;100134;1227;37;10373849655;S
20240515;100134;1227.6;1;10373849686;B
20240515;100135;1227.6;1;10373849813;B
20240515;100135;1227.6;1;10373849814;B
20240515;100135;1227.6;3;10373849851;B
20240515;100135;1227;5;10373849852;S
20240515;100135;1227.6;94;10373849901;B
20240515;100135;1227.8;6;10373849902;B
20240515;100137;1226.8;85;10373850293;S
20240515;100138;1227.2;13;10373850397;B
20240515;100138;1227.4;16;10373850398;B
20240515;100138;1227.4;61;10373850399;B
20240515;100138;1227.6;98;10373850400;B
20240515;100138;1227.6;12;10373850401;B
20240515;100138;1227.4;1;10373850483;B
20240515;100139;1226.8;1;10373850698;S
20240515;100139;1227.4;1;10373850755;B
20240515;100141;1227.2;2;10373851091;B
20240515;100142;1227.4;5;10373851319;B
20240515;100142;1227.8;12;10373851320;B
20240515;100143;1227.6;98;10373851434;B
20240515;100143;1227.8;88;10373851435;B
20240515;100143;1228;15;10373851436;B
20240515;100143;1228;100;10373851437;B
20240515;100143;1228.2;20;10373851438;B
20240515;100143;1228.4;163;10373851439;B
20240515;100143;1228.4;82;10373851440;B
20240515;100143;1228.6;100;10373851441;B
20240515;100143;1228.6;100;10373851442;B
20240515;100143;1228.6;34;10373851443;B
20240515;100143;1227.6;13;10373851503;S
20240515;100143;1227.6;27;10373851504;S
20240515;100144;1228.2;13;10373851717;B
20240515;100144;1228.4;87;10373851718;B
20240515;100147;1228.2;1;10373852087;S
20240515;100147;1228.6;40;10373852091;B
20240515;100147;1228.6;98;10373852092;B
20240515;100147;1228.8;62;10373852093;B
20240515;100147;1228.8;3;10373852094;B
20240515;100147;1228.8;20;10373852197;B
20240515;100147;1228.2;1;10373852208;S
20240515;100147;1228.2;1;10373852209;S
20240515;100148;1228.4;80;10373852325;S
20240515;100148;1228.8;10;10373852408;B
20240515;100148;1228.4;100;10373852449;S
20240515;100148;1228.4;1;10373852450;S
20240515;100149;1228.8;1;10373852481;B
20240515;100149;1228.8;3;10373852593;B
20240515;100150;1228.8;1;10373852602;B
20240515;100151;1228.8;10;10373852857;B
20240515;100151;1228.6;1;10373852896;S
20240515;100152;1228.8;3;10373853245;B
20240515;100153;1228.6;1;10373853524;S
20240515;100153;1228;15;10373853536;B
20240515;100154;1227.8;3;10373853563;B
20240515;100155;1227.8;1;10373853766;B
20240515;100156;1227.6;5;10373853895;S
20240515;100156;1227.6;5;10373853896;S
20240515;100156;1227.6;5;10373853897;S
20240515;100156;1227.6;61;10373853898;S
20240515;100156;1227.6;5;10373853899;S
20240515;100156;1227.4;15;10373853900;S
20240515;100156;1227.4;13;10373853901;S
20240515;100156;1227.4;25;10373853902;S
20240515;100156;1227.2;326;10373853903;S
20240515;100156;1227.2;40;10373853904;S
20240515;100156;1227.2;230;10373853905;S
20240515;100156;1227.2;50;10373853906;S
20240515;100156;1227.2;98;10373853907;S
20240515;100156;1227;9122;10373853908;S
20240515;100156;1227;20;10373853926;S
20240515;100157;1227.4;1;10373854083;B
20240515;100158;1227;10;10373854288;S
20240515;100158;1227;10;10373854320;S
20240515;100158;1227;10;10373854345;S
20240515;100158;1227;10;10373854362;S
20240515;100158;1227;10;10373854376;S
20240515;100158;1227;10;10373854431;S
20240515;100158;1227;10;10373854449;S
20240515;100158;1227;10;10373854464;S
20240515;100158;1227;10;10373854481;S
20240515;100159;1227;10;10373854516;S
20240515;100159;1227;7;10373854537;S
20240515;100200;1227.2;1;10373854922;B
20240515;100202;1227.2;9;10373855175;B
20240515;100202;1227.2;50;10373855176;B
20240515;100202;1227.2;25;10373855177;B
20240515;100202;1227.2;40;10373855178;B
20240515;100202;1227.4;60;10373855179;B
20240515;100202;1227.4;16;10373855180;B
20240515;100203;1227;24;10373855547;S
20240515;100203;1227.2;24;10373855552;B
20240515;100205;1227.2;14;10373856280;B
20240515;100205;1227;727;10373856294;S
20240515;100205;1227;1;10373856295;S
20240515;100205;1227;250;10373856296;S
20240515;100205;1226.8;164;10373856297;S
20240515;100205;1226.8;1;10373856298;S
20240515;100205;1226.8;60;10373856299;S
20240515;100205;1226;18;10373856306;S
20240515;100206;1226.2;1;10373856540;B
20240515;100206;1226.2;1;10373856541;B
20240515;100210;1226.2;18;10373857524;B
20240515;100210;1226;1737;10373857531;S
20240515;100210;1226;500;10373857532;S
20240515;100210;1226;1;10373857533;S
20240515;100210;1225.6;60;10373857535;S
20240515;100211;1225;1;10373857606;S
20240515;100211;1225;50;10373857607;S
20240515;100211;1224.8;13;10373857608;S
20240515;100211;1224.6;43;10373857609;S
20240515;100211;1224.4;1;10373857610;S
20240515;100211;1224.4;6;10373857611;S
20240515;100211;1224.4;98;10373857612;S
20240515;100211;1224.4;7;10373857613;S
20240515;100211;1224.2;10;10373857614;S
20240515;100211;1224.2;571;10373857615;S
20240515;100211;1224.4;1;10373857655;B
20240515;100211;1224;3;10373857791;S
20240515;100211;1224;1;10373857792;S
20240515;100211;1224;10;10373857793;S
20240515;100211;1224;1;10373857794;S
20240515;100211;1224;1;10373857797;S
20240515;100212;1224;56;10373857834;S
20240515;100212;1224;1;10373857835;S
20240515;100212;1224;1;10373857836;S
20240515;100212;1224;60;10373857837;S
20240515;100212;1224;1;10373857838;S
20240515;100212;1223.8;881;10373857839;S
20240515;100216;1224.4;1;10373858938;B
20240515;100217;1224.4;5;10373859172;B
20240515;100218;1224;61;10373859235;S
20240515;100218;1224;3;10373859236;S
20240515;100218;1224;36;10373859237;S
20240515;100218;1224;6;10373859238;S
20240515;100218;1224;60;10373859239;S
20240515;100218;1224;98;10373859240;S
20240515;100218;1224;1;10373859384;B
20240515;100219;1223.8;500;10373859549;S
20240515;100219;1223.8;14;10373859561;S
20240515;100219;1224;35;10373859688;B
20240515;100219;1224.2;42;10373859689;B
20240515;100219;1224.4;58;10373859690;B
20240515;100219;1224.4;13;10373859691;B
20240515;100219;1225;43;10373859692;B
20240515;100220;1224.8;2;10373859750;B
20240515;100221;1224.8;1;10373860960;B
20240515;100224;1224.8;2;10373861730;B
20240515;100224;1224.8;3;10373861750;B
20240515;100225;1224.6;13;10373861889;S
20240515;100225;1224.4;30;10373861923;S
20240515;100226;1224.4;31;10373862171;S
20240515;100226;1224.4;60;10373862172;S
20240515;100226;1224.2;13;10373862173;S
20240515;100226;1224.2;40;10373862174;S
20240515;100226;1224.2;2;10373862175;S
20240515;100226;1224;43;10373862176;S
20240515;100226;1224;11;10373862177;S
20240515;100227;1224.4;2;10373862210;B
20240515;100227;1224.2;1;10373862298;S
20240515;100227;1224.2;19;10373862299;S
20240515;100227;1224.2;3;10373862373;S
20240515;100229;1224.2;3;10373862650;S
20240515;100230;1224.4;8;10373862767;B
20240515;100230;1224.2;3;10373862780;S
20240515;100230;1224.4;16;10373862788;B
20240515;100230;1224.8;5;10373862789;B
20240515;100230;1225;39;10373862790;B
20240515;100230;1225.2;20;10373862791;B
20240515;100231;1224.4;4;10373862975;S
20240515;100232;1225.4;1;10373863192;B
20240515;100233;1225.4;2;10373863435;B
20240515;100233;1225.4;1;10373863436;B
20240515;100234;1225.4;1;10373863593;B
20240515;100235;1224.8;7;10373863700;S
20240515;100235;1224.8;50;10373863701;S
20240515;100235;1224.8;3;10373863760;S
20240515;100236;1224.8;7;10373864031;S
20240515;100236;1224.8;3;10373864032;S
20240515;100237;1225;14;10373864125;B
20240515;100237;1225.4;8;10373864126;B
20240515;100237;1225.6;37;10373864127;B
20240515;100237;1225.8;34;10373864128;B
20240515;100237;1225.2;1;10373864186;S
20240515;100238;1226;1;10373864444;B
20240515;100239;1225.2;1;10373864632;S
20240515;100240;1226;1;10373864762;B
20240515;100240;1226;20;10373864888;B
20240515;100240;1226;1;10373864918;B
20240515;100243;1226;30;10373865356;B
20240515;100245;1226;70;10373865822;B
20240515;100246;1226.8;2;10373865859;B
20240515;100247;1226;1;10373865979;S
20240515;100247;1226.8;20;10373866054;B
20240515;100249;1225.8;24;10373866555;S
20240515;100250;1226.8;63;10373866761;B
20240515;100252;1226.2;10;10373867317;S
20240515;100253;1226.8;24;10373867425;B
20240515;100253;1227;6;10373867426;B
20240515;100253;1226.2;7;10373867506;S
20240515;100254;1227;93;10373867714;B
20240515;100254;1227;1;10373867715;B
20240515;100254;1227.2;24;10373867716;B
20240515;100256;1227.4;1;10373868066;B
20240515;100256;1227.2;40;10373868194;S
20240515;100256;1227.2;10;10373868222;S
20240515;100257;1227.4;1;10373868244;B
20240515;100257;1227.2;1;10373868392;S
20240515;100258;1227.4;498;10373868528;B
20240515;100258;1227.8;60;10373868529;B
20240515;100259;1228;1;10373868744;B
20240515;100259;1228;1;10373868794;B
20240515;100303;1228;3;10373869382;B
20240515;100303;1228;2;10373869383;B
20240515;100303;1228;16;10373869384;B
20240515;100303;1228.2;79;10373869385;B
20240515;100303;1228.2;1;10373869400;B
20240515;100305;1228.2;1;10373869719;B
20240515;100305;1228.2;2;10373869804;B
20240515;100308;1228;1;10373870334;S
20240515;100308;1228.2;1;10373870504;B
20240515;100310;1228.2;22;10373870971;B
20240515;100312;1228.2;9;10373871188;B
20240515;100312;1228;97;10373871189;S
20240515;100312;1228;9;10373871190;S
20240515;100312;1227.8;25;10373871191;S
20240515;100312;1228;37;10373871217;S
20240515;100313;1228;61;10373871422;S
20240515;100313;1227.8;417;10373871423;S
20240515;100313;1227.6;13;10373871424;S
20240515;100313;1227.6;36;10373871425;S
20240515;100313;1227.4;230;10373871426;S
20240515;100313;1227.4;163;10373871427;S
20240515;100313;1227.2;949;10373871428;S
20240515;100313;1227.2;22;10373871429;S
20240515;100313;1227;109;10373871430;S
20240515;100314;1227;2;10373871454;S
20240515;100316;1227.2;1;10373872025;B
20240515;100316;1227.2;1;10373872077;B
20240515;100318;1227.2;20;10373872362;B
20240515;100319;1227;54;10373872576;S
20240515;100319;1226.8;5;10373872577;S
20240515;100319;1226.8;41;10373872578;S
20240515;100319;1226.8;1;10373872655;B
20240515;100320;1226.8;1;10373872782;B
20240515;100321;1226.2;35;10373872992;S
20240515;100321;1226.2;60;10373872993;S
20240515;100321;1225.8;10;10373872994;S
20240515;100321;1225.8;61;10373872995;S
20240515;100321;1225.6;17;10373872996;S
20240515;100321;1225.4;8;10373872997;S
20240515;100322;1226.8;1;10373873174;B
20240515;100323;1226.2;1;10373873332;S
20240515;100324;1226.2;5;10373873476;S
20240515;100325;1226.8;1;10373873576;B
20240515;100325;1226.8;9;10373873661;B
20240515;100325;1227;16;10373873662;B
20240515;100326;1226.2;20;10373873760;S
20240515;100326;1226.8;1;10373873894;B
20240515;100327;1226.8;1;10373873973;B
20240515;100330;1226.8;4;10373874472;B
20240515;100331;1226.2;1;10373874781;S
20240515;100332;1226.8;2;10373874869;B
20240515;100332;1227;1;10373874870;B
20240515;100332;1227;2;10373874871;B
20240515;100333;1226.4;36;10373875122;B
20240515;100339;1226.2;6;10373876336;S
20240515;100339;1226.2;61;10373876337;S
20240515;100339;1225.6;98;10373876338;S
20240515;100339;1225.6;34;10373876339;S
20240515;100339;1225.6;1;10373876340;S
20240515;100340;1225.8;1;10373876491;B
20240515;100340;1225.8;8;10373876513;B
20240515;100341;1225.6;1;10373876544;S
20240515;100341;1225.6;61;10373876545;S
20240515;100341;1225.4;5;10373876546;S
20240515;100341;1225.4;9;10373876547;S
20240515;100341;1225.2;1;10373876548;S
20240515;100341;1225.2;23;10373876549;S
20240515;100341;1225.6;72;10373876559;B
20240515;100342;1225.4;1;10373876710;S
20240515;100342;1225.6;5;10373876750;B
20240515;100342;1225.6;28;10373876751;B
20240515;100342;1225.6;33;10373876752;B
20240515;100342;1225.8;34;10373876753;B
20240515;100344;1226.2;32;10373877137;B
20240515;100345;1226.2;7;10373877138;B
20240515;100347;1226.2;10;10373877539;B
20240515;100347;1225.6;3;10373877680;S
20240515;100348;1225.6;10;10373877717;S
20240515;100348;1225.6;4;10373877718;S
20240515;100348;1225.6;96;10373877719;S
20240515;100348;1226;3;10373877806;B
20240515;100348;1226;8;10373877807;B
20240515;100348;1226;1;10373877810;B
20240515;100349;1225.8;5;10373877901;B
20240515;100349;1225.8;3;10373877919;B
20240515;100351;1225.8;1;10373878240;B
20240515;100352;1225.8;1;10373878561;B
20240515;100352;1226;2;10373878562;B
20240515;100352;1226;2;10373878563;B
20240515;100353;1226;3;10373878678;B
20240515;100353;1226.2;181;10373878738;B
20240515;100353;1226.2;98;10373878739;B
20240515;100353;1226.2;33;10373878740;B
20240515;100354;1226.2;20;10373878803;S
20240515;100355;1226.2;8;10373878945;S
20240515;100355;1226.8;1;10373879030;B
20240515;100355;1226.8;9;10373879031;B
20240515;100358;1226.8;3;10373879440;B
20240515;100359;1227;2;10373879548;B
20240515;100400;1227.4;9;10373879788;B
20240515;100401;1226.2;29;10373879867;S
20240515;100401;1227.2;5;10373879871;B
20240515;100401;1227.2;1;10373880183;B
20240515;100402;1227.2;1;10373880291;B
20240515;100403;1227.2;1;10373880375;B
20240515;100403;1227.2;1;10373880553;B
20240515;100405;1226.2;3;10373880823;S
20240515;100408;1227.2;1;10373881145;B
20240515;100408;1226.2;1;10373881155;S
20240515;100410;1227.4;6;10373881564;B
20240515;100410;1227.2;98;10373881697;B
20240515;100410;1227.2;11;10373881698;B
20240515;100411;1227.4;1;10373881758;B
20240515;100413;1226.6;2;10373882088;S
20240515;100413;1226.6;8;10373882103;S
20240515;100413;1227.2;2;10373882209;B
20240515;100413;1227.2;5;10373882210;B
20240515;100414;1227.2;26;10373882213;B
20240515;100414;1227.4;24;10373882214;B
20240515;100414;1227.2;8;10373882278;B
20240515;100414;1227.4;60;10373882279;B
20240515;100414;1227.4;10;10373882280;B
20240515;100414;1227.6;22;10373882281;B
20240515;100415;1226.6;3;10373882396;S
20240515;100415;1226.6;47;10373882397;S
20240515;100420;1227;3;10373883178;B
20240515;100420;1227;7;10373883179;B
20240515;100420;1226.8;13;10373883239;S
20240515;100420;1226.6;31;10373883240;S
20240515;100420;1226.4;56;10373883241;S
20240515;100425;1226.4;2;10373884043;B
20240515;100428;1226.2;27;10373884674;S
20240515;100428;1226.2;1;10373884675;S
20240515;100428;1226.2;2;10373884676;S
20240515;100429;1226.2;2;10373884928;S
20240515;100430;1226.4;1;10373884991;B
20240515;100430;1226.2;6;10373885006;S
20240515;100431;1226.2;1;10373885317;B
20240515;100434;1226.2;20;10373885699;B
20240515;100434;1226.2;1;10373885744;B
20240515;100435;1226.2;2;10373885872;B
20240515;100437;1226;5;10373886206;S
20240515;100437;1226.2;1;10373886338;B
20240515;100438;1226.2;1;10373886430;B
20240515;100438;1226.2;5;10373886443;B
20240515;100439;1226;5;10373886524;S
20240515;100439;1226;2;10373886525;S
20240515;100439;1225.8;68;10373886528;B
20240515;100440;1225.8;1;10373886597;B
20240515;100440;1225.8;8;10373886673;B
20240515;100440;1225.8;2;10373886674;B
20240515;100441;1225.6;5;10373886766;S
20240515;100441;1225.4;1;10373886767;S
20240515;100441;1225.4;4;10373886768;S
20240515;100442;1225.8;1;10373886879;B
20240515;100442;1225.8;3;10373886892;B
20240515;100442;1225.8;4;10373886931;B
20240515;100442;1225.8;88;10373886947;B
20240515;100442;1225.8;17;10373886948;B
20240515;100442;1226;1;10373886954;B
20240515;100444;1226;2;10373887163;B
20240515;100445;1226;10;10373887275;B
20240515;100447;1225.6;3;10373887810;S
20240515;100448;1225.4;100;10373887827;S
20240515;100448;1225.8;10;10373887943;B
20240515;100449;1225.8;1;10373888157;B
20240515;100453;1225.8;15;10373888757;B
20240515;100454;1225.4;96;10373889032;S
20240515;100454;1225.4;3;10373889033;S
20240515;100454;1225.4;24;10373889034;S
20240515;100454;1225.2;19;10373889035;S
20240515;100456;1225.8;3;10373889285;B
20240515;100456;1225.2;32;10373889339;S
20240515;100456;1225.2;1;10373889375;S
20240515;100457;1225.2;1;10373889424;S
20240515;100457;1225.8;15;10373889577;B
20240515;100458;1225.8;29;10373889603;B
20240515;100459;1225.2;1;10373889905;S
20240515;100501;1225.2;20;10373890185;S
20240515;100502;1225.4;35;10373890591;B
20240515;100502;1225.4;5;10373890677;B
20240515;100502;1225.4;5;10373890678;B
20240515;100504;1225.4;1;10373891082;B
20240515;100505;1225.2;81;10373891413;S
20240515;100507;1225.4;29;10373891829;B
20240515;100507;1225.4;39;10373891830;B
20240515;100507;1225.6;98;10373891831;B
20240515;100507;1225.6;61;10373891832;B
20240515;100507;1225.6;60;10373891833;B
20240515;100507;1225.8;3;10373891834;B
20240515;100507;1225.8;710;10373891835;S
20240515;100509;1225.6;3;10373893146;B
20240515;100510;1225.6;61;10373893367;B
20240515;100510;1225.6;7;10373893368;B
20240515;100510;1225.8;60;10373893369;B
20240515;100510;1225.8;29;10373893370;B
20240515;100511;1226;7;10373893431;B
20240515;100511;1226;6;10373893432;B
20240515;100511;1226;92;10373893531;B
20240515;100511;1226;163;10373893532;B
20240515;100511;1226;61;10373893533;B
20240515;100511;1226;27;10373893534;B
20240515;100511;1226.2;63;10373893535;B
20240515;100511;1226.2;7;10373893536;B
20240515;100511;1226.2;1;10373893537;B
20240515;100511;1226.2;29;10373893538;B
20240515;100511;1226.2;60;10373893539;B
20240515;100511;1226.4;11;10373893540;B
20240515;100511;1226.4;100;10373893541;B
20240515;100511;1226.4;100;10373893542;B
20240515;100511;1226.4;86;10373893543;S
20240515;100521;1226;4;10373895300;S
20240515;100521;1226.2;8;10373895329;B
20240515;100521;1226.2;2;10373895330;B
20240515;100522;1226;1;10373895563;S
20240515;100523;1226.2;1;10373895666;B
20240515;100523;1226.2;32;10373895671;B
20240515;100523;1226.4;11;10373895672;B
20240515;100524;1226.2;7;10373895828;B
20240515;100524;1226.2;29;10373895829;B
20240515;100524;1226.4;43;10373895830;B
20240515;100524;1226.4;1;10373896028;B
20240515;100525;1226.4;5;10373896203;B
20240515;100525;1226.4;4;10373896204;B
20240515;100525;1226.6;3;10373896205;B
20240515;100525;1226.6;88;10373896206;B
20240515;100526;1226.4;1;10373896574;B
20240515;100526;1226.4;9;10373896575;B
20240515;100526;1226.4;51;10373896593;B
20240515;100526;1226.4;29;10373896594;B
20240515;100526;1226.6;12;10373896595;B
20240515;100526;1226.8;8;10373896596;B
20240515;100530;1226.4;10;10373897159;S
20240515;100531;1226.4;20;10373897404;B
20240515;100535;1226.2;1;10373898141;B
20240515;100538;1226.2;1;10373898612;B
20240515;100539;1226.2;2;10373898747;B
20240515;100542;1226.2;1;10373899189;B
20240515;100543;1226.2;3;10373899284;B
20240515;100544;1226.2;1;10373899585;B
20240515;100544;1226;1;10373899592;S
20240515;100545;1226.2;50;10373899635;B
20240515;100546;1226;12;10373899807;S
20240515;100546;1226;8;10373899808;S
20240515;100546;1226;14;10373899809;S
20240515;100546;1226;2;10373899833;S
20240515;100546;1226;230;10373899834;S
20240515;100546;1226;30;10373899984;B
20240515;100547;1226;1;10373900126;B
20240515;100547;1226;2;10373900127;B
20240515;100547;1225.8;843;10373900158;S
20240515;100547;1225.6;2;10373900159;S
20240515;100547;1225.6;20;10373900160;S
20240515;100547;1225.4;1;10373900161;S
20240515;100548;1225.4;29;10373900243;B
20240515;100548;1225.4;61;10373900244;B
20240515;100548;1225.4;60;10373900245;B
20240515;100548;1225.8;13;10373900246;B
20240515;100548;1225.8;163;10373900247;B
20240515;100548;1225.8;98;10373900248;B
20240515;100548;1225.8;135;10373900249;B
20240515;100548;1226;305;10373900250;B
20240515;100548;1226;136;10373900251;S
20240515;100549;1226;4;10373900393;B
20240515;100550;1225.6;1;10373900623;B
20240515;100552;1225.6;25;10373901036;B
20240515;100553;1225.2;6;10373901332;S
20240515;100553;1225.2;9;10373901362;S
20240515;100553;1225.6;1;10373901381;B
20240515;100555;1225.4;16;10373901646;S
20240515;100555;1225.2;24;10373901647;S
20240515;100557;1225.6;1;10373902075;B
20240515;100558;1225.4;1;10373902267;S
20240515;100601;1225.4;1;10373902960;S
20240515;100601;1225.4;18;10373903103;S
20240515;100603;1225.2;74;10373903373;S
20240515;100606;1225.4;1;10373903857;B
20240515;100606;1225.4;8;10373903974;B
20240515;100608;1225.4;100;10373904227;B
20240515;100608;1225.4;1;10373904308;B
20240515;100609;1225.4;5;10373904600;B
20240515;100610;1225.4;2;10373904681;B
20240515;100610;1225.2;9;10373904783;S
20240515;100610;1225.2;2;10373904784;S
20240515;100610;1225.2;20;10373904785;S
20240515;100610;1225.2;3;10373904786;S
20240515;100610;1225.2;52;10373904787;S
20240515;100610;1225.2;14;10373904788;S
20240515;100611;1225;1;10373904814;S
20240515;100611;1225;4;10373904815;S
20240515;100611;1225.2;5;10373904883;B
20240515;100612;1225.2;1;10373905059;B
20240515;100614;1225;6;10373905442;S
20240515;100614;1225;1;10373905443;S
20240515;100614;1225;30;10373905444;S
20240515;100614;1225;1;10373905445;S
20240515;100614;1225;1;10373905446;S
20240515;100614;1225;5;10373905447;S
20240515;100614;1225;17;10373905448;S
20240515;100614;1225;2;10373905449;S
20240515;100614;1225;1;10373905450;S
20240515;100614;1225;1;10373905451;S
20240515;100614;1225;1;10373905452;S
20240515;100614;1225;1;10373905453;S
20240515;100614;1225;41;10373905454;S
20240515;100614;1225;1;10373905455;S
20240515;100614;1225;3;10373905456;S
20240515;100614;1225;75;10373905457;S
20240515;100614;1225;1;10373905458;S
20240515;100614;1225;10;10373905459;S
20240515;100614;1225;2;10373905460;S
20240515;100614;1225.2;9;10373905528;B
20240515;100615;1225.2;3;10373905669;B
20240515;100616;1225.2;25;10373905759;B
20240515;100616;1225.2;2;10373905770;B
20240515;100616;1225.2;18;10373905802;B
20240515;100618;1225;1;10373906046;S
20240515;100620;1225.2;1;10373906877;B
20240515;100621;1225.2;30;10373907019;B
20240515;100623;1225.2;5;10373907478;B
20240515;100624;1225;2;10373907529;S
20240515;100624;1225;1;10373907530;S
20240515;100625;1225;6;10373907667;S
20240515;100625;1225.2;20;10373907730;B
20240515;100625;1225;3;10373907750;S
20240515;100625;1225;2;10373907751;S
20240515;100625;1225;9;10373907752;S
20240515;100627;1225.2;1;10373907992;B
20240515;100627;1225;1;10373908060;S
20240515;100628;1225;16;10373908161;S
20240515;100628;1225;2;10373908162;S
20240515;100628;1225;182;10373908163;S
20240515;100631;1225;10;10373908781;S
20240515;100632;1225;53;10373908894;S
20240515;100632;1225;11;10373909061;S
20240515;100632;1225.2;10;10373909068;B
20240515;100632;1225.2;31;10373909069;B
20240515;100633;1225.2;4;10373909238;B
20240515;100634;1225.2;2;10373909339;B
20240515;100637;1225;90;10373910241;S
20240515;100637;1225.2;50;10373910260;B
20240515;100638;1225.2;13;10373910307;B
20240515;100638;1225.2;7;10373910308;B
20240515;100638;1225.2;40;10373910309;B
20240515;100638;1225.4;5;10373910310;B
20240515;100639;1225.2;25;10373910671;B
20240515;100640;1225.2;1;10373910711;B
20240515;100640;1225.2;28;10373910722;B
20240515;100644;1225.2;50;10373911256;S
20240515;100644;1225.2;30;10373911257;S
20240515;100644;1225;20;10373911258;S
20240515;100645;1225.4;1;10373911447;B
20240515;100646;1225.4;1;10373911688;B
20240515;100648;1225.4;46;10373911926;B
20240515;100648;1225.4;4;10373911927;B
20240515;100648;1225.4;1;10373912012;B
20240515;100651;1225.4;1;10373912519;B
20240515;100651;1225.4;1;10373912548;B
20240515;100652;1225.2;25;10373912685;S
20240515;100652;1225.2;30;10373912686;S
20240515;100652;1225.2;144;10373912687;S
20240515;100656;1225.4;3;10373913303;B
20240515;100656;1225.4;57;10373913304;B
20240515;100659;1225.4;43;10373913720;B
20240515;100659;1225.6;100;10373913721;B
20240515;100659;1225.6;30;10373913722;B
20240515;100659;1225.6;46;10373913723;B
20240515;100659;1225.8;40;10373913724;B
20240515;100659;1225.8;41;10373913725;B
20240515;100700;1225.4;3;10373913814;S
20240515;100700;1225.8;2;10373913955;B
20240515;100702;1225.8;1;10373914428;B
20240515;100703;1225.8;5;10373914572;B
20240515;100703;1225.8;50;10373914594;B
20240515;100707;1225.8;3;10373915117;B
20240515;100707;1225.8;4;10373915118;B
20240515;100707;1226;12;10373915119;B
20240515;100708;1226;1;10373915296;B
20240515;100708;1226;34;10373915318;B
20240515;100712;1226;4;10373915877;B
20240515;100712;1226;1;10373916054;B
20240515;100715;1225.6;6;10373916663;S
20240515;100716;1225.6;1;10373916730;S
20240515;100716;1225.6;2;10373916748;S
20240515;100717;1225.6;8;10373916869;S
20240515;100721;1226;1;10373917477;B
20240515;100723;1225.8;1;10373917863;B
20240515;100726;1226;2;10373918292;B
20240515;100729;1226;10;10373918987;B
20240515;100730;1226;1;10373919069;B
20240515;100730;1226;5;10373919125;B
20240515;100737;1226;1;10373920027;B
20240515;100738;1225.8;2;10373920156;S
20240515;100739;1225.8;18;10373920323;S
20240515;100739;1225.6;41;10373920324;S
20240515;100739;1225.6;33;10373920325;S
20240515;100739;1225.6;1;10373920326;S
20240515;100739;1225.6;1;10373920327;S
20240515;100739;1225.4;10;10373920328;S
20240515;100739;1225.4;6;10373920329;S
20240515;100743;1225.8;2;10373921084;B
20240515;100745;1225.6;1;10373921331;B
20240515;100745;1225.6;5;10373921335;B
20240515;100749;1225.4;2;10373921812;B
20240515;100749;1225.2;15;10373921861;S
20240515;100751;1225.2;2;10373922064;S
20240515;100752;1225.4;3;10373922237;B
20240515;100752;1225.6;2;10373922238;B
20240515;100752;1225.2;1;10373922265;S
20240515;100753;1225.6;30;10373922304;B
20240515;100757;1225.2;85;10373922839;S
20240515;100757;1225.6;9;10373922883;B
20240515;100800;1225.6;2;10373923410;B
20240515;100800;1225.6;2;10373923423;B
20240515;100802;1225.2;1;10373923640;S
20240515;100802;1225.6;1;10373923726;B
20240515;100803;1225.6;1;10373923751;B
20240515;100803;1225.2;3;10373923799;S
20240515;100803;1225.6;1;10373923834;B
20240515;100803;1225.2;3;10373923835;S
20240515;100808;1225.6;1;10373924602;B
20240515;100811;1225.2;80;10373925105;S
20240515;100811;1225.2;54;10373925106;S
20240515;100811;1225.2;34;10373925107;S
20240515;100811;1225.2;1;10373925108;S
20240515;100811;1225;20;10373925109;S
20240515;100812;1225;5;10373925219;S
20240515;100814;1225;10;10373925494;S
20240515;100814;1225.2;5;10373925496;B
20240515;100818;1225.4;12;10373926003;B
20240515;100818;1225.2;22;10373926005;S
20240515;100818;1225.2;3;10373926006;S
20240515;100819;1225.4;1;10373926183;B
20240515;100820;1225.4;2;10373926249;B
20240515;100820;1225.4;11;10373926255;B
20240515;100821;1225.2;29;10373926359;S
20240515;100821;1225.2;61;10373926360;S
20240515;100821;1225.2;34;10373926361;S
20240515;100821;1225.2;63;10373926362;S
20240515;100821;1225.6;4;10373926397;B
20240515;100823;1225.6;10;10373926887;B
20240515;100824;1225.2;1;10373927040;S
20240515;100825;1225.2;14;10373927289;S
20240515;100825;1225.6;5;10373927374;B
20240515;100826;1225.6;1;10373927401;B
20240515;100826;1225.6;2;10373927431;B
20240515;100826;1225.4;2;10373927512;S
20240515;100826;1225.2;8;10373927513;S
20240515;100828;1225.6;6;10373927899;B
20240515;100830;1225.4;4;10373928146;S
20240515;100830;1225.6;1;10373928281;B
20240515;100830;1225.8;8;10373928282;B
20240515;100830;1225.8;91;10373928283;B
20240515;100831;1225.4;43;10373928566;S
20240515;100834;1225.4;5;10373928886;S
20240515;100834;1225.4;48;10373928945;S
20240515;100834;1225.4;15;10373928946;S
20240515;100834;1225.4;13;10373928947;S
20240515;100834;1225.4;14;10373928948;S
20240515;100836;1225.6;12;10373929210;B
20240515;100836;1225.6;2;10373929211;B
20240515;100836;1225.4;7;10373929325;S
20240515;100836;1225.4;5;10373929326;S
20240515;100837;1225.6;3;10373929361;B
20240515;100837;1225.6;3;10373929473;B
20240515;100837;1225.6;2;10373929474;B
20240515;100839;1225.8;3;10373929771;B
20240515;100839;1225.8;5;10373929803;B
20240515;100839;1225.8;145;10373929804;B
20240515;100839;1225.8;95;10373929805;B
20240515;100840;1225.8;3;10373929928;B
20240515;100844;1225.6;15;10373930572;B
20240515;100844;1225.6;2;10373930590;B
20240515;100845;1225.4;1;10373930712;S
20240515;100846;1225.6;2;10373930871;B
20240515;100846;1225.6;1;10373930944;B
20240515;100846;1225.8;1;10373930945;B
20240515;100849;1225.6;1;10373931457;S
20240515;100850;1225.8;2;10373931658;B
20240515;100854;1225.8;5;10373932129;B
20240515;100854;1225.8;2;10373932268;B
20240515;100854;1226;3;10373932269;B
20240515;100856;1225.8;4;10373932479;B
20240515;100858;1225.8;10;10373932721;B
20240515;100900;1225.6;5;10373932957;S
20240515;100900;1225.6;8;10373933041;S
20240515;100900;1225.6;6;10373933042;S
20240515;100902;1225.8;2;10373933475;S
20240515;100904;1226;34;10373933763;B
20240515;100904;1226;55;10373933774;B
20240515;100906;1226;1;10373934195;B
20240515;100907;1226;7;10373934293;B
20240515;100909;1225.8;11;10373934595;S
20240515;100910;1226;2;10373934658;B
20240515;100912;1225.8;1;10373934954;S
20240515;100914;1226;50;10373935222;B
20240515;100915;1226;53;10373935393;B
20240515;100915;1226;43;10373935415;B
20240515;100917;1226;1;10373935673;B
20240515;100918;1226;2;10373935716;B
20240515;100919;1226;200;10373935831;B
20240515;100920;1225.8;30;10373935933;S
20240515;100920;1226;25;10373935938;B
20240515;100920;1226;1;10373935996;B
20240515;100920;1226;1;10373936047;B
20240515;100922;1226;5;10373936207;B
20240515;100922;1226;2;10373936247;B
20240515;100922;1226;1;10373936332;B
20240515;100924;1226;4;10373936542;B
20240515;100925;1225.8;68;10373936695;S
20240515;100925;1225.8;14;10373936696;S
20240515;100925;1226;13;10373936868;B
20240515;100925;1226;12;10373936878;B
20240515;100927;1226;1;10373937094;B
20240515;100931;1226;12;10373937581;B
20240515;100931;1226;28;10373937582;B
20240515;100932;1225.8;6;10373937838;S
20240515;100932;1225.8;4;10373937839;S
20240515;100934;1226;1;10373938047;B
20240515;100937;1226;10;10373938424;B
20240515;100939;1226;2;10373938712;B
20240515;100940;1226;300;10373938774;B
20240515;100942;1226;3;10373939142;B
20240515;100945;1225.8;10;10373939433;S
20240515;100948;1226;140;10373939854;B
20240515;100948;1226;2;10373939858;B
20240515;100948;1225.8;3;10373939865;S
20240515;100949;1225.8;5;10373939889;S
20240515;100950;1226;5;10373940012;B
20240515;100951;1226;10;10373940102;B
20240515;100954;1226;1;10373940419;B
20240515;100957;1226;1;10373940896;B
20240515;100958;1226;77;10373941022;B
20240515;100959;1225.8;6;10373941099;S
20240515;101000;1226;1;10373941198;B
20240515;101000;1226;1;10373941201;B
20240515;101000;1226;10;10373941361;B
20240515;101001;1226;1;10373941408;B
20240515;101002;1225.8;100;10373941636;S
20240515;101004;1225.8;1;10373941974;S
20240515;101007;1226;1;10373942189;B
20240515;101008;1226;1;10373942554;B
20240515;101010;1225.8;1;10373942854;S
20240515;101012;1226;405;10373943123;B
20240515;101012;1226;2;10373943124;B
20240515;101012;1226;6;10373943125;B
20240515;101012;1226;24;10373943126;B
20240515;101012;1226;54;10373943127;B
20240515;101012;1226;2;10373943128;B
20240515;101012;1226;3;10373943129;B
20240515;101012;1226;7;10373943130;B
20240515;101012;1226;1;10373943131;B
20240515;101012;1226;95;10373943132;B
20240515;101012;1226;4;10373943180;B
20240515;101012;1226;1;10373943227;B
20240515;101012;1226;4;10373943228;B
20240515;101013;1226;24;10373943262;B
20240515;101013;1226;1;10373943263;B
20240515;101013;1226;1;10373943264;B
20240515;101013;1226;4;10373943265;B
20240515;101013;1226;1;10373943266;B
20240515;101013;1226.2;9;10373943267;B
20240515;101014;1226.2;10;10373943428;S
20240515;101015;1226.4;10;10373943507;S
20240515;101016;1226.4;1;10373943541;S
20240515;101018;1226.4;50;10373943878;S
20240515;101019;1226.4;82;10373943964;S
20240515;101025;1226.4;13;10373945093;S
20240515;101026;1226.6;2;10373945366;B
20240515;101027;1226.6;1;10373945418;B
20240515;101027;1226.6;1;10373945443;B
20240515;101028;1226.6;1;10373945649;B
20240515;101030;1226.4;2;10373945895;S
20240515;101030;1226.2;2;10373945896;S
20240515;101031;1226.6;5;10373945947;B
20240515;101031;1226.6;3;10373945948;B
20240515;101031;1226.6;2;10373946023;B
20240515;101031;1226.8;99;10373946024;B
20240515;101031;1226.8;60;10373946025;B
20240515;101031;1226.8;42;10373946026;B
20240515;101035;1227;1;10373946881;B
20240515;101035;1227;1;10373946882;B
20240515;101036;1226.8;8;10373946952;S
20240515;101036;1227;23;10373947019;B
20240515;101036;1227;38;10373947020;B
20240515;101040;1227.2;1;10373947557;B
20240515;101043;1227.2;5;10373947966;S
20240515;101044;1227.2;1;10373948144;B
20240515;101047;1227.2;1;10373948516;S
20240515;101047;1227.2;39;10373948517;S
20240515;101047;1227.4;1;10373948665;B
20240515;101048;1227.2;75;10373948751;S
20240515;101049;1227.4;100;10373948795;B
20240515;101050;1227.4;22;10373948928;B
20240515;101050;1227.4;1;10373948965;B
20240515;101051;1227.4;15;10373949143;B
20240515;101051;1227.4;38;10373949144;B
20240515;101051;1227.6;47;10373949145;B
20240515;101051;1227.6;34;10373949185;B
20240515;101051;1227.6;51;10373949186;B
20240515;101052;1227.6;1;10373949282;B
20240515;101052;1227.4;14;10373949295;S
20240515;101052;1227.6;18;10373949301;B
20240515;101052;1227.8;10;10373949330;B
20240515;101052;1227.8;5;10373949331;B
20240515;101052;1227.8;300;10373949332;B
20240515;101052;1227.8;24;10373949333;B
20240515;101052;1227.8;248;10373949334;B
20240515;101052;1227.8;81;10373949335;B
20240515;101052;1227.8;146;10373949336;B
20240515;101052;1227.8;35;10373949337;B
20240515;101052;1228;20;10373949338;B
20240515;101052;1228;19;10373949339;B
20240515;101052;1228;4;10373949340;B
20240515;101052;1228;108;10373949341;B
20240515;101052;1228;1;10373949345;B
20240515;101053;1228;2;10373949437;B
20240515;101053;1228;100;10373949497;B
20240515;101054;1228;8;10373949765;B
20240515;101054;1228;92;10373949766;B
20240515;101055;1228;9;10373949818;B
20240515;101055;1228;1;10373949843;B
20240515;101057;1227.8;98;10373950310;S
20240515;101057;1227.8;100;10373950311;S
20240515;101057;1227.8;100;10373950312;S
20240515;101057;1227.8;100;10373950313;S
20240515;101057;1227.6;82;10373950314;S
20240515;101057;1227.6;13;10373950315;S
20240515;101057;1227.6;100;10373950316;S
20240515;101057;1227.6;61;10373950317;S
20240515;101057;1227.4;41;10373950318;S
20240515;101057;1227.4;1;10373950319;S
20240515;101057;1227.4;40;10373950320;S
20240515;101057;1227.2;2;10373950321;S
20240515;101057;1227.2;120;10373950322;S
20240515;101057;1227;139;10373950323;S
20240515;101057;1227;1;10373950324;S
20240515;101057;1226.8;5;10373950325;S
20240515;101057;1226.8;81;10373950326;S
20240515;101057;1226.8;146;10373950327;S
20240515;101057;1226.6;81;10373950328;S
20240515;101057;1226.4;81;10373950329;S
20240515;101057;1226.4;108;10373950330;S
20240515;101057;1226.4;1;10373950331;S
20240515;101057;1226.4;163;10373950332;S
20240515;101057;1226.2;1200;10373950333;S
20240515;101057;1226.2;600;10373950334;S
20240515;101057;1226.2;600;10373950335;S
20240515;101057;1226.2;9;10373950336;S
20240515;101057;1226;8;10373950337;S
20240515;101057;1226;5;10373950338;S
20240515;101057;1226;840;10373950339;S
20240515;101057;1226;60;10373950340;S
20240515;101057;1225.8;52;10373950341;S
20240515;101057;1225.8;1;10373950342;S
20240515;101057;1225.8;1;10373950343;S
20240515;101057;1225.8;1;10373950344;S
20240515;101057;1225.8;1;10373950345;S
20240515;101057;1225.8;600;10373950346;S
20240515;101057;1225.8;600;10373950347;S
20240515;101057;1225.6;1;10373950348;S
20240515;101057;1225.6;1;10373950349;S
20240515;101057;1225.6;81;10373950350;S
20240515;101057;1225.6;2;10373950351;S
20240515;101057;1225.6;1;10373950352;S
20240515;101057;1225.6;1;10373950353;S
20240515;101057;1225.6;1;10373950354;S
20240515;101057;1225.4;4;10373950355;S
20240515;101057;1225.4;1;10373950356;S
20240515;101057;1225.4;59;10373950357;S
20240515;101057;1225.4;600;10373950358;S
20240515;101057;1225.2;1000;10373950359;S
20240515;101057;1225.2;1;10373950360;S
20240515;101057;1225;1;10373950361;S
20240515;101057;1225;10;10373950362;S
20240515;101057;1225;1;10373950363;S
20240515;101057;1225;7;10373950364;S
20240515;101057;1225;1;10373950365;S
20240515;101057;1225;1;10373950366;S
20240515;101057;1225;3;10373950367;S
20240515;101057;1225;200;10373950368;S
20240515;101057;1225;1;10373950369;S
20240515;101057;1225;2;10373950370;S
20240515;101057;1225;5;10373950371;S
20240515;101057;1225;1;10373950372;S
20240515;101057;1225;15;10373950373;S
20240515;101057;1225;2;10373950374;S
20240515;101057;1225;5;10373950375;S
20240515;101057;1225;25;10373950376;S
20240515;101057;1225;1;10373950377;S
20240515;101057;1225;100;10373950378;B
20240515;101057;1225;100;10373950380;B
20240515;101057;1225;100;10373950381;B
20240515;101057;1224.8;50;10373950382;S
20240515;101057;1224.8;50;10373950383;S
20240515;101057;1224.8;35;10373950384;S
20240515;101057;1224.8;1;10373950385;S
20240515;101057;1224.8;64;10373950386;S
20240515;101057;1225;8;10373950395;B
20240515;101058;1225;1;10373950549;B
20240515;101059;1225;4;10373950628;B
20240515;101059;1225;1;10373950775;B
20240515;101101;1225;200;10373950962;B
20240515;101102;1224.8;6;10373951066;S
20240515;101102;1225;1;10373951067;B
20240515;101105;1225;100;10373951489;B
20240515;101105;1225;2;10373951500;B
20240515;101105;1225;100;10373951541;B
20240515;101107;1225;12;10373951800;B
20240515;101107;1225;2;10373951888;B
20240515;101108;1225;50;10373951971;B
20240515;101108;1225;5;10373952115;B
20240515;101111;1224.8;18;10373952476;S
20240515;101111;1225;79;10373952540;B
20240515;101111;1225;1;10373952587;B
20240515;101112;1225;6;10373952725;B
20240515;101114;1225;100;10373952878;B
20240515;101114;1225;5;10373952884;B
20240515;101115;1225;4;10373953108;B
20240515;101116;1225;743;10373953194;B
20240515;101116;1225;60;10373953195;B
20240515;101116;1225;100;10373953196;B
20240515;101116;1225;15;10373953197;B
20240515;101116;1225.2;40;10373953198;B
20240515;101116;1225.2;13;10373953199;B
20240515;101116;1225.2;61;10373953200;B
20240515;101116;1225.4;600;10373953201;B
20240515;101116;1225.4;368;10373953202;B
20240515;101116;1225;4;10373953277;S
20240515;101118;1225.6;2;10373953488;B
20240515;101120;1225.6;100;10373953728;B
20240515;101121;1225;1;10373953999;S
20240515;101122;1225.6;1;10373954050;B
20240515;101123;1225.6;1;10373954219;B
20240515;101128;1226;1;10373955197;B
20240515;101130;1226;3;10373955436;B
20240515;101130;1226;2;10373955460;B
20240515;101131;1226;2;10373955805;B
20240515;101132;1225.8;1;10373955946;S
20240515;101135;1225.6;5;10373956777;S
20240515;101136;1225.4;3;10373956862;S
20240515;101139;1225.4;10;10373957581;S
20240515;101141;1226;1;10373958456;B
20240515;101145;1226;1;10373959329;B
20240515;101145;1226;20;10373959484;B
20240515;101146;1225.8;2;10373959677;B
20240515;101148;1225.8;1;10373959855;B
20240515;101148;1225.6;7;10373959920;B
20240515;101148;1225.6;18;10373959921;B
20240515;101149;1225.6;2;10373960017;B
20240515;101150;1225.6;1;10373960179;B
20240515;101150;1225.6;2;10373960186;B
20240515;101152;1225.4;1;10373960742;B
20240515;101154;1225.2;7;10373961244;S
20240515;101154;1225.2;1;10373961315;B
20240515;101155;1225.2;1;10373961594;B
20240515;101157;1225.2;1;10373962064;B
20240515;101158;1225.2;5;10373962086;B
20240515;101200;1225.2;1;10373962434;B
20240515;101200;1225.2;1;10373962483;B
20240515;101200;1225.2;1;10373962496;B
20240515;101201;1225.2;1;10373962550;B
20240515;101204;1225.4;8;10373963294;B
20240515;101204;1225.4;7;10373963295;B
20240515;101204;1225.4;15;10373963296;B
20240515;101206;1225.4;1;10373963590;B
20240515;101207;1225.4;2;10373963744;B
20240515;101207;1225;2;10373963755;S
20240515;101207;1225;1;10373963756;S
20240515;101207;1225;5;10373963757;S
20240515;101207;1225;1;10373963758;S
20240515;101207;1225;91;10373963759;S
20240515;101207;1225.4;3;10373963804;B
20240515;101212;1225.4;30;10373964582;B
20240515;101212;1225.4;1;10373964676;B
20240515;101213;1225.4;8;10373964806;B
20240515;101213;1225.2;1;10373964825;S
20240515;101214;1225.2;1;10373964837;S
20240515;101214;1225.4;1;10373964913;B
20240515;101214;1225.4;9;10373964914;B
20240515;101216;1225.6;1;10373965064;B
20240515;101216;1225.6;5;10373965134;B
20240515;101219;1225.8;61;10373965677;B
20240515;101219;1225.8;40;10373965678;B
20240515;101219;1225.8;60;10373965679;B
20240515;101219;1225.8;39;10373965680;B
20240515;101219;1225.8;1;10373965751;B
20240515;101219;1225.8;5;10373965775;B
20240515;101221;1225.8;1;10373966028;B
20240515;101224;1225.8;11;10373966519;B
20240515;101224;1225.8;1;10373966524;B
20240515;101225;1225.6;14;10373966694;S
20240515;101226;1225.8;1;10373966926;B
20240515;101229;1225.6;1;10373967388;S
20240515;101232;1225.8;87;10373967784;B
20240515;101232;1225.8;61;10373967785;B
20240515;101232;1226;51;10373967786;B
20240515;101232;1226;15;10373967787;B
20240515;101232;1226;40;10373967788;B
20240515;101232;1226;60;10373967789;B
20240515;101232;1226;4;10373967790;B
20240515;101232;1226;1;10373967791;B
20240515;101232;1226.2;81;10373967792;B
20240515;101232;1226.2;103;10373967793;B
20240515;101232;1226.4;81;10373967794;B
20240515;101232;1226.4;416;10373967795;B
20240515;101238;1226.4;20;10373968757;B
20240515;101238;1226.4;1;10373968775;B
20240515;101240;1226.4;1;10373969046;B
20240515;101242;1226.4;1;10373969228;B
20240515;101244;1226.4;10;10373969528;B
20240515;101246;1226.2;2;10373969960;S
20240515;101246;1226.2;2;10373969961;S
20240515;101248;1226.4;1;10373970177;B
20240515;101251;1226.2;8;10373970590;S
20240515;101256;1226.4;12;10373971136;B
20240515;101256;1226.4;7;10373971154;B
20240515;101257;1226.4;1;10373971215;B
20240515;101257;1226.4;7;10373971283;B
20240515;101257;1226.4;81;10373971284;B
20240515;101257;1226.6;81;10373971285;B
20240515;101257;1226.6;632;10373971286;B
20240515;101257;1226.4;1;10373971291;S
20240515;101258;1226.4;2;10373971308;S
20240515;101300;1226.4;95;10373971575;S
20240515;101300;1226.4;1;10373971576;S
20240515;101300;1226.2;137;10373971577;S
20240515;101300;1226.2;13;10373971578;S
20240515;101300;1226.2;39;10373971579;S
20240515;101300;1226;4;10373971580;S
20240515;101300;1226;1;10373971581;S
20240515;101300;1226;90;10373971582;S
20240515;101300;1225.8;50;10373971583;S
20240515;101302;1225.8;1;10373972051;S
20240515;101302;1226.4;7;10373972152;B
20240515;101303;1226.4;1;10373972263;B
20240515;101306;1226.4;5;10373972743;B
20240515;101310;1226.2;5;10373973373;S
20240515;101311;1226.4;21;10373973555;B
20240515;101315;1226.2;17;10373973937;S
20240515;101316;1226.4;40;10373973994;B
20240515;101316;1226.4;39;10373973995;B
20240515;101316;1226.4;1;10373973996;B
20240515;101316;1226.4;1;10373974010;B
20240515;101316;1226.2;76;10373974073;S
20240515;101316;1226;14;10373974074;S
20240515;101316;1226.4;1;10373974078;B
20240515;101317;1226.4;1;10373974176;B
20240515;101318;1226.4;2;10373974319;B
20240515;101319;1226.2;39;10373974417;B
20240515;101319;1226.2;11;10373974418;B
20240515;101321;1226.4;1;10373974736;B
20240515;101325;1226;3;10373975517;S
20240515;101329;1226.4;1;10373976292;B
20240515;101329;1226;1;10373976349;S
20240515;101330;1226.4;61;10373976389;B
20240515;101330;1226.4;39;10373976390;B
20240515;101330;1226.4;50;10373976391;B
20240515;101330;1226.4;2;10373976427;B
20240515;101330;1226.4;4;10373976428;B
20240515;101330;1226.4;61;10373976429;B
20240515;101330;1226.6;28;10373976430;B
20240515;101330;1226.6;15;10373976496;B
20240515;101331;1226.6;23;10373976563;B
20240515;101332;1226.2;2;10373976738;S
20240515;101333;1226.2;1;10373976802;S
20240515;101336;1226.2;9;10373977324;S
20240515;101337;1226.6;2;10373977425;B
20240515;101342;1226.6;50;10373978172;B
20240515;101345;1226.6;1;10373978618;B
20240515;101349;1226.6;1;10373979233;B
20240515;101350;1226.4;3;10373979312;S
20240515;101350;1226.4;37;10373979313;S
20240515;101352;1226.4;3;10373979621;S
20240515;101354;1226.6;60;10373979887;B
20240515;101354;1226.6;100;10373979888;B
20240515;101354;1226.6;1;10373979907;B
20240515;101355;1226.4;41;10373979991;S
20240515;101355;1226.4;9;10373979992;S
20240515;101355;1226.4;10;10373980081;S
20240515;101355;1226.2;13;10373980082;S
20240515;101355;1226.2;5;10373980083;S
20240515;101355;1226.2;72;10373980084;S
20240515;101357;1226.6;10;10373980361;B
20240515;101359;1226.4;1;10373980651;B
20240515;101359;1226.2;30;10373980869;S
20240515;101400;1226.4;2;10373980973;B
20240515;101400;1226.4;8;10373980974;B
20240515;101401;1226.4;4;10373981278;B
20240515;101402;1226.6;5;10373981409;B
20240515;101404;1226.6;1;10373981752;B
20240515;101405;1226.6;1;10373981816;B
20240515;101406;1226.4;9;10373982085;S
20240515;101406;1226.2;51;10373982086;S
20240515;101406;1226.4;7;10373982123;B
20240515;101411;1226.4;1;10373982795;B
20240515;101412;1226;15;10373982858;S
20240515;101413;1226.4;2;10373983054;B
20240515;101418;1226.4;16;10373983844;B
20240515;101418;1226.6;11;10373983845;B
20240515;101418;1226.6;23;10373983846;B
20240515;101421;1226.4;3;10373984090;B
20240515;101421;1226.6;2;10373984183;B
20240515;101425;1226.2;13;10373984881;S
20240515;101425;1226.2;1;10373984882;S
20240515;101426;1226.6;2;10373984975;B
20240515;101426;1226.6;1;10373985007;B
20240515;101426;1226.6;1;10373985017;B
20240515;101429;1226.6;11;10373985311;B
20240515;101429;1226.6;1;10373985312;B
20240515;101430;1226.6;407;10373985442;B
20240515;101430;1226.6;38;10373985443;B
20240515;101432;1226.8;10;10373985792;B
20240515;101432;1226.6;4;10373985978;S
20240515;101434;1226.6;3;10373986311;S
20240515;101437;1226.8;4;10373986774;B
20240515;101438;1226.8;11;10373986834;B
20240515;101439;1226.6;1;10373986948;S
20240515;101442;1226.8;30;10373987285;B
20240515;101443;1226.8;1;10373987364;B
20240515;101443;1226.8;2;10373987395;B
20240515;101445;1226.8;5;10373987640;B
20240515;101445;1226.8;1;10373987687;B
20240515;101446;1226.6;1;10373987955;S
20240515;101450;1226.8;1;10373988486;B
20240515;101450;1226.8;1;10373988511;B
20240515;101450;1226.6;46;10373988513;S
20240515;101450;1226.6;11;10373988514;S
20240515;101450;1226.4;13;10373988515;S
20240515;101450;1226.4;7;10373988516;S
20240515;101452;1226.8;23;10373988774;B
20240515;101452;1226.8;4;10373988775;B
20240515;101452;1226.8;1;10373988776;B
20240515;101452;1226.8;13;10373988777;B
20240515;101452;1226.8;159;10373988778;B
20240515;101452;1227;1;10373988809;B
20240515;101452;1227;5;10373988810;B
20240515;101452;1227;14;10373988811;B
20240515;101453;1226.6;50;10373988879;S
20240515;101453;1227;67;10373988884;B
20240515;101453;1227;7;10373988885;B
20240515;101453;1227;1;10373988886;B
20240515;101453;1227;38;10373988887;B
20240515;101453;1227.2;81;10373988888;B
20240515;101453;1227.2;20;10373988889;B
20240515;101453;1227;10;10373988960;B
20240515;101456;1227;1;10373989455;B
20240515;101458;1227;1;10373989712;B
20240515;101459;1227;3;10373989860;B
20240515;101500;1226.6;1;10373990071;S
20240515;101501;1227;5;10373990339;B
20240515;101501;1227;15;10373990340;B
20240515;101501;1227;37;10373990341;B
20240515;101501;1227;43;10373990342;B
20240515;101502;1227.2;1;10373990628;B
20240515;101502;1226.6;1;10373990632;S
20240515;101504;1226.6;1;10373990985;S
20240515;101505;1227;2;10373991072;B
20240515;101506;1227.2;21;10373991385;B
20240515;101507;1226.6;7;10373991445;S
20240515;101507;1227;5;10373991466;B
20240515;101508;1226.6;1;10373991622;S
20240515;101508;1226.6;8;10373991623;S
20240515;101509;1227;1;10373991938;B
20240515;101510;1226.6;2;10373992075;S
20240515;101510;1226.6;1;10373992076;S
20240515;101510;1226.4;1;10373992077;S
20240515;101510;1226.4;2;10373992235;S
20240515;101512;1227;1;10373992771;B
20240515;101512;1227;1;10373992772;B
20240515;101512;1226.4;1;10373992894;S
20240515;101513;1226.4;7;10373993041;S
20240515;101513;1226.8;1;10373993140;B
20240515;101513;1226.4;1;10373993275;S
20240515;101514;1226.4;1;10373993395;S
20240515;101515;1226.4;1;10373993656;S
20240515;101515;1226.4;1;10373993677;S
20240515;101515;1226.4;1;10373993749;S
20240515;101515;1226.8;1;10373993812;B
20240515;101515;1226.8;9;10373993813;B
20240515;101515;1226.8;10;10373993815;B
20240515;101515;1227;10;10373993816;B
20240515;101516;1226.4;1;10373993826;S
20240515;101516;1226.4;1;10373993843;S
20240515;101516;1226.8;1;10373993947;S
20240515;101517;1226.8;1;10373994095;S
20240515;101517;1226.6;1;10373994096;S
20240515;101517;1226.6;1;10373994175;S
20240515;101517;1226.6;1;10373994254;S
20240515;101518;1226.2;1;10373994484;S
20240515;101519;1226.8;1;10373994713;B
20240515;101520;1227;1;10373994810;B
20240515;101520;1227;1;10373994811;B
20240515;101520;1227;4;10373994812;B
20240515;101520;1226.2;1;10373994931;S
20240515;101520;1226.2;1;10373994955;S
20240515;101521;1226.4;1;10373995065;S
20240515;101522;1226.2;1;10373995306;S
20240515;101522;1226.8;2;10373995430;B
20240515;101522;1226.8;8;10373995431;B
20240515;101523;1226.2;1;10373995510;S
20240515;101523;1226.8;2;10373995554;B
20240515;101523;1226.2;1;10373995657;S
20240515;101523;1226.2;1;10373995675;S
20240515;101524;1226.2;1;10373995857;S
20240515;101526;1226.2;1;10373996590;S
20240515;101527;1226.8;5;10373996751;B
20240515;101527;1226.8;1;10373996892;B
20240515;101529;1226.8;1;10373997275;B
20240515;101530;1226.8;1;10373997468;B
20240515;101530;1226.8;2;10373997502;B
20240515;101530;1226.8;3;10373997515;B
20240515;101532;1226.2;1;10373998132;S
20240515;101532;1226.2;1;10373998212;S
20240515;101533;1226.2;1;10373998369;S
20240515;101534;1227;2;10373998782;B
20240515;101534;1227;4;10373998952;B
20240515;101535;1227;1;10374000163;B
20240515;101536;1227;1;10374000242;B
20240515;101536;1227;1;10374000248;B
20240515;101538;1226.6;13;10374000786;S
20240515;101538;1226.4;36;10374000787;S
20240515;101538;1226.4;163;10374000788;S
20240515;101538;1226.4;8;10374000789;S
20240515;101538;1226.8;1;10374000920;B
20240515;101539;1226.2;1;10374000987;S
20240515;101539;1226.2;1;10374001022;S
20240515;101539;1226.2;6;10374001024;S
20240515;101541;1226.2;1;10374001440;S
20240515;101542;1226.8;3;10374001614;B
20240515;101542;1226.8;9;10374001671;B
20240515;101542;1226.8;1;10374001694;S
20240515;101543;1227;2;10374001960;B
20240515;101543;1227;1;10374001961;B
20240515;101545;1226.8;1;10374002524;S
20240515;101547;1227;15;10374002947;B
20240515;101550;1226.8;1;10374003778;S
20240515;101551;1227;4;10374003969;B
20240515;101553;1227;1;10374004400;S
20240515;101555;1227.2;1;10374004612;B
20240515;101555;1227.2;1;10374004839;B
20240515;101557;1227.2;1;10374005122;B
20240515;101558;1227.2;4;10374005365;B
20240515;101559;1227.2;4;10374005462;B
20240515;101559;1227.2;20;10374005463;B
20240515;101603;1227.2;2;10374006518;B
20240515;101605;1227.2;2;10374006748;B
20240515;101607;1227.2;4;10374007061;B
20240515;101609;1227;9;10374007406;S
20240515;101609;1227.2;1;10374007488;B
20240515;101609;1227;1;10374007592;S
20240515;101610;1227.2;1;10374007671;B
20240515;101611;1227;2;10374007910;S
20240515;101613;1227.2;3;10374008335;B
20240515;101613;1227.2;17;10374008336;B
20240515;101614;1227.2;2;10374008453;B
20240515;101614;1227;1;10374008475;S
20240515;101616;1227.4;3;10374008776;B
20240515;101616;1227.2;1;10374008879;B
20240515;101617;1227;1;10374008966;S
20240515;101618;1227;1;10374009236;S
20240515;101618;1227.2;1;10374009335;B
20240515;101620;1227;1;10374009570;S
20240515;101621;1227.2;1;10374009730;B
20240515;101623;1227.2;3;10374010034;B
20240515;101623;1227.2;1;10374010035;B
20240515;101623;1227;1;10374010100;S
20240515;101623;1227.2;10;10374010111;B
20240515;101624;1227.2;989;10374010131;B
20240515;101624;1227.2;35;10374010132;B
20240515;101624;1227.2;3;10374010133;B
20240515;101624;1227.4;997;10374010134;B
20240515;101624;1227.4;60;10374010135;B
20240515;101624;1227.4;40;10374010136;B
20240515;101624;1227.4;61;10374010137;B
20240515;101624;1227.4;146;10374010138;B
20240515;101624;1227.6;81;10374010139;B
20240515;101624;1227.8;10;10374010140;B
20240515;101624;1227.8;5;10374010141;B
20240515;101624;1227.8;73;10374010142;B
20240515;101624;1227.6;3;10374010179;B
20240515;101624;1227.8;12;10374010180;B
20240515;101626;1227.2;1;10374010441;S
20240515;101627;1227.2;61;10374010618;S
20240515;101627;1227;2;10374010619;S
20240515;101627;1227;1;10374010620;S
20240515;101627;1227;5;10374010621;S
20240515;101627;1227;35;10374010622;S
20240515;101627;1226.8;8;10374010623;S
20240515;101627;1226.8;10;10374010624;S
20240515;101627;1226.8;146;10374010625;S
20240515;101627;1226.8;32;10374010626;S
20240515;101630;1227.4;1;10374011353;B
20240515;101630;1227.2;1;10374011418;S
20240515;101630;1227.4;2;10374011498;B
20240515;101632;1227.4;5;10374011835;B
20240515;101634;1227.4;1;10374012073;B
20240515;101634;1227.4;4;10374012202;B
20240515;101635;1227.4;1;10374012264;B
20240515;101635;1227.4;35;10374012265;B
20240515;101635;1227.4;6;10374012266;B
20240515;101635;1227.4;34;10374012267;B
20240515;101635;1227.6;1;10374012268;B
20240515;101635;1227.6;60;10374012269;B
20240515;101635;1227.6;146;10374012270;B
20240515;101635;1227.8;314;10374012271;B
20240515;101635;1227.8;184;10374012272;B
20240515;101635;1227.8;600;10374012273;B
20240515;101635;1227.8;15;10374012274;B
20240515;101635;1227.8;61;10374012275;B
20240515;101635;1228;200;10374012276;B
20240515;101635;1228;50;10374012277;B
20240515;101635;1228;1300;10374012278;B
20240515;101635;1228;1;10374012279;B
20240515;101635;1228;5;10374012280;B
20240515;101635;1228;6;10374012281;B
20240515;101635;1228;15;10374012282;B
20240515;101635;1228;81;10374012283;B
20240515;101635;1228.2;30;10374012284;B
20240515;101635;1228.2;5;10374012285;B
20240515;101635;1228.2;284;10374012286;B
20240515;101635;1228.2;100;10374012287;B
20240515;101635;1228.2;30;10374012288;B
20240515;101635;1228.2;10;10374012289;B
20240515;101635;1228.2;1;10374012290;B
20240515;101635;1228.2;81;10374012291;B
20240515;101635;1228.2;98;10374012292;B
20240515;101635;1228.4;2;10374012293;B
20240515;101635;1228.4;50;10374012294;B
20240515;101635;1228.4;20;10374012295;B
20240515;101635;1228.4;130;10374012296;B
20240515;101635;1228.4;81;10374012297;B
20240515;101635;1228.4;60;10374012298;B
20240515;101635;1228.4;163;10374012299;B
20240515;101635;1228.6;10;10374012300;B
20240515;101635;1228.6;1230;10374012301;B
20240515;101635;1228;13;10374012372;S
20240515;101635;1228;10;10374012373;S
20240515;101636;1228;1;10374012405;B
20240515;101636;1228;1;10374012501;B
20240515;101637;1227.6;1;10374012665;S
20240515;101640;1227.8;27;10374012989;B
20240515;101640;1228;11;10374012990;B
20240515;101640;1228;12;10374012991;B
20240515;101640;1228;2;10374013191;B
20240515;101641;1227.6;1;10374013594;S
20240515;101642;1227.6;2;10374013819;S
20240515;101645;1227.8;34;10374014361;S
20240515;101647;1227.8;4;10374014630;S
20240515;101648;1228;35;10374014741;B
20240515;101648;1228.2;1;10374014742;B
20240515;101648;1228.2;98;10374014743;B
20240515;101648;1228.4;66;10374014744;B
20240515;101649;1228;1;10374014998;S
20240515;101651;1228.2;1;10374015394;B
20240515;101651;1228.2;2;10374015422;B
20240515;101652;1228.4;3;10374015551;B
20240515;101654;1228.2;1;10374015865;B
20240515;101655;1228.4;2;10374016023;B
20240515;101655;1228.4;10;10374016027;B
20240515;101656;1228.4;3;10374016182;B
20240515;101656;1228.6;4;10374016250;B
20240515;101656;1228.6;1;10374016251;B
20240515;101656;1228.4;1;10374016270;B
20240515;101657;1228.2;2;10374016340;S
20240515;101657;1228.6;59;10374016444;B
20240515;101657;1228.6;21;10374016445;B
20240515;101658;1228.6;1;10374016686;B
20240515;101658;1228.4;16;10374016700;B
20240515;101658;1228.6;2;10374016805;B
20240515;101659;1228.2;1;10374016870;S
20240515;101659;1228.2;1;10374016896;S
20240515;101700;1228.2;3;10374017162;S
20240515;101701;1228.4;34;10374017273;B
20240515;101701;1228.6;4;10374017274;B
20240515;101701;1228.6;32;10374017275;B
20240515;101701;1228.6;78;10374017361;B
20240515;101701;1228.8;7;10374017362;B
20240515;101701;1228.8;5;10374017363;B
20240515;101701;1228.8;5;10374017364;B
20240515;101701;1228.8;1;10374017365;B
20240515;101701;1228.8;4;10374017366;B
20240515;101702;1228.8;10;10374017616;B
20240515;101704;1228.4;13;10374018241;S
20240515;101704;1228.2;7;10374018242;S
20240515;101705;1228.6;5;10374018386;B
20240515;101706;1228.2;1;10374018548;S
20240515;101707;1228.2;34;10374018632;S
20240515;101707;1228.2;1;10374018633;S
20240515;101707;1228.2;2;10374018678;B
20240515;101707;1228.2;236;10374018724;B
20240515;101707;1228;5;10374018752;S
20240515;101709;1228;2;10374019053;S
20240515;101710;1228.2;2;10374019293;B
20240515;101710;1228;2;10374019296;S
20240515;101710;1228.2;1;10374019353;B
20240515;101711;1228.2;1;10374019412;B
20240515;101711;1228;2;10374019498;S
20240515;101712;1228.2;3;10374019575;B
20240515;101712;1228;3;10374019600;S
20240515;101712;1228;1;10374019664;S
20240515;101712;1228.2;10;10374019665;B
20240515;101713;1228.2;1;10374019736;B
20240515;101713;1228;1;10374019747;S
20240515;101713;1228.2;1;10374019805;B
20240515;101714;1228;54;10374019949;S
20240515;101714;1228;100;10374019950;S
20240515;101714;1228;5;10374019951;S
20240515;101714;1228;5;10374019958;B
20240515;101714;1228;5;10374019959;B
20240515;101715;1227.6;18;10374020107;S
20240515;101716;1228;1;10374020264;B
20240515;101716;1228;1;10374020283;B
20240515;101717;1228;1;10374020325;B
20240515;101717;1227.6;1;10374020344;S
20240515;101718;1227.8;13;10374020581;B
20240515;101718;1227.8;34;10374020582;B
20240515;101718;1228;28;10374020583;B
20240515;101719;1228;1;10374020612;B
20240515;101719;1227.6;7;10374020614;S
20240515;101719;1227.6;3;10374020689;S
20240515;101719;1228;1;10374020691;B
20240515;101720;1227.6;1;10374020776;S
20240515;101720;1227.6;1;10374020877;S
20240515;101720;1227.6;3;10374020893;S
20240515;101721;1228;41;10374021171;B
20240515;101722;1227.6;1;10374021217;S
20240515;101723;1228;2;10374021378;B
20240515;101723;1228;16;10374021409;B
20240515;101723;1228;1;10374021493;B
20240515;101724;1228;2;10374021511;B
20240515;101724;1228;1;10374021579;B
20240515;101724;1228;1;10374021647;B
20240515;101724;1228;1;10374021649;B
20240515;101725;1228;1;10374021787;B
20240515;101725;1228;2;10374021803;B
20240515;101725;1228;1;10374021814;B
20240515;101725;1228;25;10374021824;B
20240515;101726;1228;4;10374021836;B
20240515;101726;1228;2;10374021874;B
20240515;101726;1228;16;10374021878;B
20240515;101726;1228;175;10374021971;B
20240515;101726;1228;34;10374021972;B
20240515;101726;1228;3;10374021973;B
20240515;101726;1228.2;788;10374021974;B
20240515;101728;1228.2;11;10374022378;B
20240515;101729;1228.2;2;10374022536;B
20240515;101729;1228.2;37;10374022561;B
20240515;101730;1228.2;21;10374022596;B
20240515;101731;1228;1;10374022767;S
20240515;101731;1228;10;10374022768;S
20240515;101731;1228.2;10;10374022810;B
20240515;101732;1228.2;1;10374022985;B
20240515;101733;1227.6;7;10374023075;S
20240515;101734;1228;1;10374023240;B
20240515;101734;1227.6;5;10374023348;S
20240515;101734;1228;1;10374023380;B
20240515;101735;1228;1;10374023512;B
20240515;101736;1228;2;10374023635;B
20240515;101736;1227.6;1;10374023667;S
20240515;101736;1227.6;3;10374023668;S
20240515;101736;1228;1;10374023678;B
20240515;101736;1228;1;10374023685;B
20240515;101736;1228;34;10374023686;B
20240515;101736;1228.2;18;10374023687;B
20240515;101737;1228;5;10374023767;B
20240515;101737;1228;1;10374023793;B
20240515;101738;1228.2;125;10374024077;B
20240515;101738;1228.2;25;10374024078;B
20240515;101739;1227.6;1;10374024226;S
20240515;101740;1228.4;2;10374024328;B
20240515;101740;1228.2;1;10374024461;S
20240515;101740;1228;1;10374024462;S
20240515;101740;1228.6;1;10374024463;B
20240515;101740;1228.6;4;10374024528;B
20240515;101741;1228.6;1;10374024579;B
20240515;101741;1228.6;5;10374024638;B
20240515;101742;1228.6;1;10374024840;B
20240515;101744;1228.6;3;10374025128;B
20240515;101744;1228.4;20;10374025151;B
20240515;101744;1228.6;1;10374025166;B
20240515;101744;1228.6;1;10374025167;B
20240515;101745;1228.8;1;10374025230;B
20240515;101745;1228.8;1;10374025323;B
20240515;101745;1228.8;1;10374025368;B
20240515;101745;1228.8;1;10374025374;B
20240515;101746;1228.8;1;10374025412;B
20240515;101746;1228.8;1;10374025456;B
20240515;101746;1228.8;34;10374025457;B
20240515;101746;1228.8;11;10374025479;B
20240515;101746;1228.8;3;10374025496;B
20240515;101747;1228.6;1;10374025591;B
20240515;101748;1228.4;2;10374025697;S
20240515;101748;1228.6;2;10374025751;B
20240515;101748;1228.8;2;10374025752;B
20240515;101748;1228.8;1;10374025753;B
20240515;101748;1228.4;10;10374025768;S
20240515;101748;1228.6;2;10374025822;B
20240515;101749;1228.6;5;10374025868;B
20240515;101751;1228.4;5;10374026382;B
20240515;101752;1228.2;11;10374026451;S
20240515;101752;1228.6;3;10374026488;B
20240515;101752;1228.6;2;10374026489;B
20240515;101754;1228.4;1;10374026807;B
20240515;101757;1228.4;1;10374027245;B
20240515;101757;1228.4;9;10374027246;B
20240515;101757;1228;1;10374027266;S
20240515;101757;1228.2;50;10374027317;S
20240515;101758;1228.6;8;10374027428;B
20240515;101759;1228.6;50;10374027469;B
20240515;101759;1228.6;2;10374027470;B
20240515;101759;1228.6;146;10374027471;B
20240515;101759;1228.8;18;10374027472;B
20240515;101759;1228.8;5;10374027473;B
20240515;101759;1228.8;2;10374027474;B
20240515;101759;1228.8;10;10374027475;B
20240515;101759;1228.8;11;10374027476;B
20240515;101759;1228.8;33;10374027477;B
20240515;101759;1228.8;61;10374027478;B
20240515;101759;1228.8;1;10374027479;B
20240515;101759;1229;8;10374027480;B
20240515;101759;1229;73;10374027481;B
20240515;101759;1229;33;10374027482;B
20240515;101759;1229;2;10374027483;B
20240515;101759;1229;1;10374027484;B
20240515;101759;1229;500;10374027485;B
20240515;101759;1229;1500;10374027486;B
20240515;101759;1229;81;10374027487;B
20240515;101759;1229;10;10374027488;B
20240515;101759;1229.2;23;10374027489;B
20240515;101759;1229.2;11;10374027490;B
20240515;101759;1229.2;10;10374027491;B
20240515;101759;1229.2;10;10374027492;B
20240515;101759;1229.2;1;10374027493;B
20240515;101759;1229.2;81;10374027494;B
20240515;101759;1229.2;10;10374027495;B
20240515;101759;1229.2;98;10374027496;B
20240515;101759;1229.4;5;10374027497;B
20240515;101759;1229.4;1;10374027498;B
20240515;101759;1229.4;5;10374027499;B
20240515;101759;1229.4;500;10374027500;B
20240515;101759;1229.4;2;10374027501;B
20240515;101759;1229.4;333;10374027502;B
20240515;101759;1229.4;81;10374027503;B
20240515;101759;1229.4;12;10374027504;B
20240515;101759;1229.4;10;10374027505;B
20240515;101759;1229.6;100;10374027506;B
20240515;101759;1229.6;1;10374027507;B
20240515;101759;1229.6;2;10374027508;B
20240515;101759;1229.6;1;10374027509;B
20240515;101759;1229.6;2;10374027510;B
20240515;101759;1229.6;2;10374027511;B
20240515;101759;1229.6;3;10374027512;B
20240515;101759;1229.6;2;10374027513;B
20240515;101759;1229.6;7;10374027514;B
20240515;101759;1229.6;9;10374027515;B
20240515;101759;1229.6;2;10374027516;B
20240515;101759;1229.6;10;10374027517;B
20240515;101759;1229.6;4;10374027518;B
20240515;101759;1229.6;325;10374027519;B
20240515;101759;1229.6;2;10374027520;B
20240515;101759;1229.6;10;10374027521;B
20240515;101759;1229.6;60;10374027522;B
20240515;101759;1229.6;10;10374027523;B
20240515;101759;1229.6;350;10374027524;B
20240515;101759;1229.8;10;10374027525;B
20240515;101759;1229.8;25;10374027526;B
20240515;101759;1229.8;50;10374027527;B
20240515;101759;1229.8;5;10374027528;B
20240515;101759;1229.8;2;10374027529;B
20240515;101759;1229.8;1;10374027530;B
20240515;101759;1229.8;1;10374027531;B
20240515;101759;1229.8;35;10374027532;B
20240515;101759;1229.8;229;10374027533;B
20240515;101759;1229.4;1;10374027559;B
20240515;101800;1229.4;15;10374027628;B
20240515;101800;1229.4;60;10374027629;B
20240515;101800;1229.6;146;10374027630;B
20240515;101800;1229.6;34;10374027631;B
20240515;101800;1229.6;98;10374027632;B
20240515;101800;1229.6;1;10374027633;B
20240515;101800;1229.8;146;10374027634;B
20240515;101800;1229.2;5;10374027686;S
20240515;101800;1229.6;3;10374027687;B
20240515;101800;1229.6;5;10374027688;B
20240515;101800;1229.6;2;10374027689;B
20240515;101801;1229.2;8;10374027902;S
20240515;101801;1229.2;4;10374027903;S
20240515;101805;1229.6;10;10374028423;B
20240515;101805;1229.2;1;10374028548;B
20240515;101806;1229;13;10374028653;S
20240515;101806;1228.8;61;10374028654;S
20240515;101806;1228.8;34;10374028655;S
20240515;101806;1228.8;8;10374028660;B
20240515;101806;1228.6;2;10374028694;S
20240515;101808;1228.8;2;10374028850;B
20240515;101809;1228.8;1;10374028970;B
20240515;101809;1228.8;2;10374029019;B
20240515;101809;1228.8;1;10374029047;B
20240515;101810;1228.8;5;10374029111;B
20240515;101812;1228.6;2;10374029409;S
20240515;101812;1228.8;5;10374029480;B
20240515;101812;1228.8;1;10374029482;B
20240515;101813;1228.6;4;10374029603;S
20240515;101813;1228.8;2;10374029609;B
20240515;101813;1228.8;65;10374029705;B
20240515;101813;1228.8;34;10374029706;B
20240515;101813;1229;34;10374029707;B
20240515;101813;1229;47;10374029708;B
20240515;101816;1229;1;10374030423;B
20240515;101816;1228.8;7;10374030478;S
20240515;101818;1228.8;6;10374030910;S
20240515;101820;1229;1;10374031370;B
20240515;101820;1229;2;10374031384;B
20240515;101821;1229;1;10374031410;B
20240515;101823;1229;5;10374031641;B
20240515;101823;1229;3;10374031724;B
20240515;101823;1229;2;10374031725;B
20240515;101823;1229;2;10374031770;B
20240515;101824;1229;2;10374031796;B
20240515;101825;1228.8;14;10374031971;S
20240515;101825;1229;1;10374032019;B
20240515;101827;1229;27;10374032208;B
20240515;101827;1229;2;10374032209;B
20240515;101827;1229;60;10374032210;B
20240515;101827;1229.2;7;10374032211;B
20240515;101827;1229.2;26;10374032212;B
20240515;101827;1229.2;34;10374032213;B
20240515;101827;1229.2;3;10374032214;B
20240515;101827;1229.4;32;10374032215;B
20240515;101827;1229.4;98;10374032216;B
20240515;101827;1229.6;40;10374032217;B
20240515;101827;1229.6;2;10374032218;B
20240515;101827;1229.6;5;10374032219;B
20240515;101827;1229.6;61;10374032220;B
20240515;101827;1229.6;36;10374032221;B
20240515;101827;1229.8;1125;10374032222;B
20240515;101827;1229.8;1500;10374032223;B
20240515;101827;1229.8;1;10374032224;B
20240515;101827;1229.8;81;10374032225;B
20240515;101827;1229.8;1;10374032226;B
20240515;101827;1229.8;146;10374032227;B
20240515;101827;1230;162;10374032228;B
20240515;101827;1230;2;10374032229;B
20240515;101827;1230;1;10374032230;B
20240515;101827;1230;1;10374032231;B
20240515;101827;1230;10;10374032232;B
20240515;101827;1230;1;10374032233;B
20240515;101827;1230;2;10374032234;B
20240515;101827;1230;20;10374032235;B
20240515;101827;1230;10;10374032236;B
20240515;101827;1230;4;10374032237;B
20240515;101827;1230;10;10374032238;B
20240515;101827;1230;50;10374032239;B
20240515;101827;1230;20;10374032240;B
20240515;101827;1230;3;10374032241;B
20240515;101827;1230;1;10374032242;B
20240515;101827;1230;47;10374032243;B
20240515;101827;1230;5;10374032244;B
20240515;101827;1230;150;10374032245;B
20240515;101827;1230;8;10374032246;B
20240515;101827;1230;1;10374032247;B
20240515;101827;1230;1;10374032248;B
20240515;101827;1230;2;10374032249;B
20240515;101827;1230;5;10374032250;B
20240515;101827;1230;1;10374032251;B
20240515;101827;1230;2;10374032252;B
20240515;101827;1230;8;10374032253;B
20240515;101827;1230;2;10374032254;B
20240515;101827;1230;15;10374032255;B
20240515;101827;1230;186;10374032256;B
20240515;101827;1230;1;10374032257;B
20240515;101827;1230;81;10374032258;B
20240515;101827;1230.2;162;10374032259;B
20240515;101827;1230.2;245;10374032260;B
20240515;101827;1230.2;5;10374032261;B
20240515;101827;1230.2;5;10374032262;B
20240515;101827;1230.2;5;10374032263;B
20240515;101827;1230.2;2;10374032264;B
20240515;101827;1230.2;4;10374032265;B
20240515;101827;1230.2;81;10374032266;B
20240515;101827;1230.2;60;10374032267;B
20240515;101827;1230.2;163;10374032268;B
20240515;101827;1230.4;162;10374032269;B
20240515;101827;1230.4;1;10374032270;B
20240515;101827;1230.4;6;10374032271;B
20240515;101827;1230.2;1;10374032275;B
20240515;101827;1230.2;10;10374032278;B
20240515;101827;1230;10;10374032292;B
20240515;101827;1229.8;1;10374032300;S
20240515;101827;1230;1;10374032306;B
20240515;101827;1230;20;10374032322;B
20240515;101827;1230;3;10374032335;B
20240515;101827;1230;57;10374032336;B
20240515;101827;1230;10;10374032337;B
20240515;101827;1230.2;13;10374032338;B
20240515;101827;1230.2;34;10374032339;B
20240515;101827;1230.2;57;10374032340;B
20240515;101827;1230.4;4;10374032341;B
20240515;101827;1230.4;25;10374032342;B
20240515;101827;1230.4;38;10374032344;B
20240515;101827;1230;13;10374032388;S
20240515;101827;1230;18;10374032389;S
20240515;101828;1230;1;10374032397;S
20240515;101828;1230.2;3;10374032413;B
20240515;101828;1230;1;10374032416;S
20240515;101828;1230.2;2;10374032418;B
20240515;101828;1230.2;1;10374032440;B
20240515;101828;1230.2;1;10374032480;B
20240515;101830;1230;2;10374032682;S
20240515;101833;1230.2;4;10374033144;B
20240515;101834;1230;5;10374033208;S
20240515;101834;1230.2;2;10374033223;B
20240515;101835;1230.2;1;10374033436;B
20240515;101835;1230.2;3;10374033444;B
20240515;101837;1230.2;81;10374033768;B
20240515;101837;1230.2;1;10374033769;B
20240515;101837;1230.2;34;10374033770;B
20240515;101837;1230.2;10;10374033771;B
20240515;101837;1230.4;37;10374033772;B
20240515;101837;1230.4;1;10374033773;B
20240515;101837;1230.4;16;10374033774;B
20240515;101837;1230;95;10374033784;S
20240515;101837;1230;1;10374033785;S
20240515;101837;1230;5;10374033786;S
20240515;101837;1230;61;10374033787;S
20240515;101837;1229.8;34;10374033788;S
20240515;101837;1229.8;146;10374033789;S
20240515;101837;1229.6;143;10374033790;S
20240515;101837;1229.6;15;10374033791;S
20240515;101840;1229.4;25;10374034052;S
20240515;101841;1229.4;1;10374034130;S
20240515;101846;1229.8;6;10374035295;B
20240515;101848;1229.8;92;10374035489;B
20240515;101848;1229.8;60;10374035490;B
20240515;101848;1229.8;33;10374035491;B
20240515;101848;1229.8;22;10374035492;B
20240515;101848;1230;13;10374035493;B
20240515;101848;1230;80;10374035494;B
20240515;101849;1229.6;5;10374035596;S
20240515;101849;1229.8;1;10374035614;B
20240515;101851;1229.8;5;10374035838;B
20240515;101851;1229.8;4;10374036034;B
20240515;101851;1229.8;23;10374036035;B
20240515;101851;1229.8;5;10374036036;B
20240515;101851;1229.8;8;10374036037;B
20240515;101852;1229.8;1;10374036104;B
20240515;101853;1229.8;10;10374036200;B
20240515;101853;1229.4;55;10374036273;S
20240515;101853;1229.4;7;10374036274;S
20240515;101853;1229.4;61;10374036275;S
20240515;101853;1229.4;1;10374036300;B
20240515;101857;1229.4;10;10374036928;B
20240515;101857;1229.4;1;10374036931;B
20240515;101859;1229.4;80;10374037349;B
20240515;101859;1229.4;11;10374037365;B
20240515;101902;1229.4;3;10374037729;B
20240515;101902;1229.4;1;10374037738;B
20240515;101902;1229.4;4;10374037743;B
20240515;101903;1229.4;1;10374037862;B
20240515;101903;1229.4;38;10374038007;B
20240515;101904;1229.4;1;10374038074;B
20240515;101904;1229.4;1;10374038237;B
20240515;101905;1229.2;3;10374038271;S
20240515;101906;1229.4;1;10374038862;B
20240515;101908;1229.4;2;10374039010;B
20240515;101909;1229.2;1;10374039365;S
20240515;101910;1229.4;2;10374039449;B
20240515;101910;1229.4;2;10374039562;B
20240515;101913;1229.4;5;10374040028;B
20240515;101915;1229.4;1;10374040250;B
20240515;101915;1229.4;6;10374040270;B
20240515;101916;1229.4;8;10374040461;B
20240515;101918;1229.2;4;10374040670;S
20240515;101918;1229.4;2;10374040680;B
20240515;101919;1229.4;4;10374040819;B
20240515;101919;1229.2;58;10374040931;S
20240515;101919;1229.4;30;10374040943;B
20240515;101920;1229.4;1;10374041051;B
20240515;101922;1229.4;1;10374041250;B
20240515;101923;1229.4;8;10374041389;B
20240515;101924;1229.4;4;10374041650;B
20240515;101925;1229.4;147;10374041703;B
20240515;101925;1229.4;16;10374041704;B
20240515;101925;1229.4;4;10374041705;B
20240515;101925;1229.4;50;10374041706;B
20240515;101925;1229.4;1;10374041707;B
20240515;101925;1229.8;36;10374041708;B
20240515;101925;1229.8;15;10374041709;B
20240515;101925;1229.8;60;10374041710;B
20240515;101925;1229.8;1;10374041711;B
20240515;101925;1229.8;61;10374041712;B
20240515;101925;1230;120;10374041713;B
20240515;101925;1230;34;10374041714;B
20240515;101925;1230;21;10374041715;B
20240515;101925;1230;36;10374041716;B
20240515;101925;1230;2;10374041717;B
20240515;101925;1230;1;10374041718;B
20240515;101925;1230.2;98;10374041719;B
20240515;101925;1230.2;72;10374041720;B
20240515;101925;1230.4;84;10374041721;B
20240515;101925;1230.4;1;10374041722;B
20240515;101925;1230.4;5;10374041723;B
20240515;101925;1230.4;163;10374041724;B
20240515;101925;1230.4;146;10374041725;B
20240515;101925;1230.6;162;10374041726;B
20240515;101925;1230.6;5;10374041727;B
20240515;101925;1230.6;1;10374041728;B
20240515;101925;1230.6;243;10374041729;B
20240515;101925;1230.6;314;10374041730;B
20240515;101925;1230.6;81;10374041731;B
20240515;101925;1230.6;20;10374041732;B
20240515;101925;1230.6;1;10374041793;B
20240515;101927;1230.2;13;10374042091;S
20240515;101927;1230;146;10374042092;S
20240515;101927;1230;33;10374042093;S
20240515;101927;1229.8;230;10374042094;S
20240515;101927;1229.8;60;10374042095;S
20240515;101927;1229.6;81;10374042096;S
20240515;101927;1229.6;61;10374042097;S
20240515;101927;1229.6;107;10374042098;S
20240515;101927;1229.4;98;10374042099;S
20240515;101927;1229.4;81;10374042100;S
20240515;101927;1229.4;120;10374042101;S
20240515;101927;1229.4;65;10374042102;B
20240515;101927;1229.4;1;10374042114;B
20240515;101928;1229.2;10;10374042215;S
20240515;101930;1229.4;25;10374042594;B
20240515;101931;1229.4;1;10374042876;B
20240515;101934;1229.4;2;10374043381;B
20240515;101938;1229.4;1;10374043828;B
20240515;101938;1229.4;10;10374043862;B
20240515;101941;1229.4;2;10374044291;B
20240515;101943;1229.4;1;10374044590;B
20240515;101944;1229.2;1;10374044658;S
20240515;101947;1229.2;1;10374045200;S
20240515;101947;1229.4;62;10374045339;B
20240515;101947;1229.4;36;10374045340;B
20240515;101947;1229.4;25;10374045341;B
20240515;101947;1229.4;33;10374045342;B
20240515;101947;1229.4;3;10374045343;B
20240515;101947;1229.6;13;10374045344;B
20240515;101947;1229.6;34;10374045345;B
20240515;101947;1229.6;22;10374045346;B
20240515;101947;1229.6;61;10374045347;B
20240515;101947;1229.6;60;10374045348;B
20240515;101947;1229.8;98;10374045349;B
20240515;101947;1230;5;10374045350;B
20240515;101947;1230;48;10374045351;B
20240515;101951;1229.8;10;10374046006;B
20240515;101954;1229.4;1;10374046282;S
20240515;101954;1229.8;10;10374046340;B
20240515;101955;1229.8;2;10374046470;B
20240515;101956;1229.8;1;10374046579;B
20240515;101958;1229.4;3;10374046834;S
20240515;102000;1229.8;1;10374047172;B
20240515;102000;1229.8;1;10374047221;B
20240515;102001;1229.8;1;10374047303;B
20240515;102001;1229.8;1;10374047397;B
20240515;102003;1229.8;50;10374047581;B
20240515;102005;1229.8;1;10374047898;B
20240515;102005;1229.8;61;10374047899;B
20240515;102005;1230;2;10374047900;B
20240515;102005;1230;1;10374047901;B
20240515;102005;1230;1;10374047902;B
20240515;102005;1230;12;10374047903;B
20240515;102006;1230.2;5;10374048077;B
20240515;102006;1230.2;4;10374048078;B
20240515;102006;1230.2;2;10374048087;B
20240515;102007;1229.6;8;10374048228;S
20240515;102007;1230.2;40;10374048282;B
20240515;102008;1230.2;10;10374048375;B
20240515;102010;1230.2;60;10374048897;B
20240515;102010;1230.2;61;10374048898;B
20240515;102010;1230.4;1;10374048899;B
20240515;102010;1230.4;32;10374048900;B
20240515;102010;1230.4;174;10374048901;B
20240515;102010;1230.6;11;10374048902;B
20240515;102010;1230.6;1;10374048903;B
20240515;102010;1230.6;1;10374048904;B
20240515;102010;1230.6;14;10374048905;B
20240515;102010;1230.6;50;10374048906;B
20240515;102010;1230.6;1;10374048907;B
20240515;102010;1230.6;1;10374048908;B
20240515;102010;1230.6;20;10374048909;B
20240515;102010;1230.6;89;10374048910;B
20240515;102010;1230.8;162;10374048911;B
20240515;102010;1230.8;10;10374048912;B
20240515;102010;1230.8;102;10374048913;B
20240515;102010;1230.6;8;10374048985;B
20240515;102010;1230.8;1;10374049012;B
20240515;102012;1230.8;50;10374049233;B
20240515;102012;1230.8;5;10374049370;B
20240515;102012;1230.4;2;10374049405;S
20240515;102014;1230.4;1;10374049620;S
20240515;102015;1230.4;5;10374049784;S
20240515;102017;1230.8;20;10374050087;B
20240515;102018;1230.8;3;10374050202;B
20240515;102018;1230.8;10;10374050603;B
20240515;102019;1230.4;2;10374051201;S
20240515;102020;1230.4;10;10374051516;S
20240515;102022;1230.8;12;10374052524;B
20240515;102023;1230.8;3;10374052591;B
20240515;102024;1230.8;1;10374052745;B
20240515;102025;1230.4;70;10374052822;S
20240515;102025;1230.4;2;10374052823;S
20240515;102025;1230.2;13;10374052917;S
20240515;102026;1230.4;1;10374053085;B
20240515;102027;1230.4;6;10374053614;B
20240515;102027;1230.4;1;10374053736;B
20240515;102028;1230.4;1;10374053821;B
20240515;102028;1230.4;1;10374054071;B
20240515;102030;1230.2;13;10374055036;S
20240515;102030;1230.4;2;10374055078;B
20240515;102030;1230.4;2;10374055084;B
20240515;102030;1230.4;1;10374055095;B
20240515;102031;1230.2;37;10374055821;S
