<DATE>;<TIME>;<LAST>;<VOL>;<ID>;<OPER>
20241225;095948;910;1;11821328086;B
20241225;095948;910;2;11821328087;B
20241225;095948;910;2;11821328088;B
20241225;095948;910;1;11821328089;B
20241225;095948;910;2;11821328090;B
20241225;095948;910;42;11821328091;B
20241225;095948;910;33;11821328092;B
20241225;095948;910;8;11821328093;B
20241225;095948;910;1;11821328094;B
20241225;095948;910;30;11821328095;B
20241225;095948;910;5;11821328096;B
20241225;095948;910;10;11821328097;B
20241225;095948;910;110;11821328098;S
20241225;095948;910;20;11821328099;B
20241225;095948;910;20;11821328100;B
20241225;095948;910;2;11821328101;B
20241225;095948;910;202;11821328102;B
20241225;095948;910;200;11821328103;B
20241225;095948;910;300;11821328104;B
20241225;095948;910;17;11821328105;B
20241225;095948;910;1;11821328106;S
20241225;095948;910;10;11821328107;S
20241225;095948;910;7;11821328108;S
20241225;095948;910;40;11821328109;S
20241225;095948;910;90;11821328110;S
20241225;095948;910;2;11821328111;B
20241225;095948;910;2;11821328112;B
20241225;095948;910;1;11821328113;B
20241225;095948;910;1;11821328114;B
20241225;095948;910;1;11821328115;B
20241225;095948;910;1;11821328116;B
20241225;095948;910;1;11821328117;B
20241225;095948;910;1;11821328118;B
20241225;095948;910;218;11821328119;B
20241225;095948;910;2;11821328120;S
20241225;095948;910;3;11821328121;B
20241225;095948;910;1;11821328122;B
20241225;095948;910;1;11821328123;B
20241225;095948;910;5;11821328124;B
20241225;095948;910;3;11821328125;B
20241225;095948;910;5;11821328126;B
20241225;095948;910;5;11821328127;S
20241225;095948;910;1;11821328128;S
20241225;095948;910;1;11821328129;B
20241225;095948;910;1;11821328130;S
20241225;095948;910;7;11821328131;S
20241225;095948;910;5;11821328132;B
20241225;095948;910;1;11821328133;S
20241225;095948;910;66;11821328134;S
20241225;095948;910;153;11821328135;S
20241225;095948;910;4;11821328136;S
20241225;095948;910;1;11821328137;S
20241225;095948;910;5;11821328138;S
20241225;095948;910;2;11821328139;S
20241225;095948;910;1;11821328140;S
20241225;095948;910;5;11821328141;S
20241225;095948;910;5;11821328142;S
20241225;095948;910;24;11821328143;S
20241225;095948;910;46;11821328144;S
20241225;095948;910;8;11821328145;S
20241225;095948;910;45;11821328146;S
20241225;095948;910;1;11821328147;S
20241225;095948;910;14;11821328148;S
20241225;095948;910;5;11821328149;S
20241225;095948;910;5;11821328150;S
20241225;095948;910;42;11821328151;B
20241225;095948;910;5;11821328152;S
20241225;095948;910;5;11821328153;S
20241225;095948;910;5;11821328154;S
20241225;095948;910;5;11821328155;S
20241225;095948;910;4;11821328156;S
20241225;095948;910;1;11821328157;S
20241225;095948;910;5;11821328158;S
20241225;095948;910;5;11821328159;S
20241225;095948;910;5;11821328160;S
20241225;095948;910;1;11821328161;S
20241225;095948;910;5;11821328162;S
20241225;095948;910;15;11821328163;S
20241225;095948;910;1;11821328164;S
20241225;095948;910;1;11821328165;S
20241225;095948;910;1;11821328166;S
20241225;095948;910;2;11821328167;S
20241225;095948;910;50;11821328168;S
20241225;095948;910;2;11821328169;S
20241225;095948;910;16;11821328170;S
20241225;095948;910;1;11821328171;S
20241225;095948;910;2;11821328172;B
20241225;095948;910;25;11821328173;S
20241225;095948;910;772;11821328174;S
20241225;095948;910;2;11821328175;S
20241225;095948;910;96;11821328176;S
20241225;095948;910;1;11821328177;S
20241225;095948;910;1;11821328178;S
20241225;095948;910;2;11821328179;S
20241225;095948;910;100;11821328180;S
20241225;095948;910;2;11821328181;S
20241225;095948;910;48;11821328182;S
20241225;095948;910;8;11821328183;S
20241225;095948;910;94;11821328184;S
20241225;095948;910;2;11821328185;S
20241225;095948;910;146;11821328186;S
20241225;095948;910;1;11821328187;S
20241225;095948;910;3;11821328188;S
20241225;095948;910;65;11821328189;S
20241225;095948;910;43;11821328190;S
20241225;095948;910;892;11821328191;S
20241225;095948;910;1;11821328192;S
20241225;095948;910;8;11821328193;S
20241225;095948;910;5;11821328194;B
20241225;095948;910;1;11821328195;S
20241225;095948;910;50;11821328196;S
20241225;095948;910;1;11821328197;S
20241225;095948;910;10;11821328198;S
20241225;095948;910;4;11821328199;S
20241225;095948;910;28;11821328200;S
20241225;095948;910;2;11821328201;S
20241225;095948;910;251;11821328202;B
20241225;095948;910;1;11821328203;B
20241225;095948;910;1;11821328204;B
20241225;095948;910;2;11821328205;B
20241225;095948;910;1;11821328206;B
20241225;095948;910;1;11821328207;B
20241225;100001;910;18;11821330995;B
20241225;100001;910;68;11821331008;B
20241225;100001;910;18;11821331013;B
20241225;100001;910;7;11821331021;B
20241225;100001;910;57;11821331050;B
20241225;100001;910;50;11821331059;B
20241225;100001;910;4;11821331102;B
20241225;100001;910;4;11821331119;B
20241225;100001;910;17;11821331247;B
20241225;100001;910;7;11821331248;B
20241225;100001;910;736;11821331249;B
20241225;100001;910;7;11821331250;B
20241225;100001;910;81;11821331251;B
20241225;100001;910;8;11821331256;B
20241225;100001;910;124;11821331261;B
20241225;100001;910;6;11821331304;B
20241225;100001;910.2;1;11821331305;B
20241225;100001;910.2;15;11821331306;B
20241225;100001;910.2;2;11821331307;B
20241225;100001;910.4;5;11821331308;B
20241225;100001;910.4;2;11821331309;B
20241225;100001;910.4;69;11821331310;B
20241225;100001;910.6;3;11821331460;B
20241225;100001;910.6;16;11821331461;B
20241225;100001;910.6;20;11821331462;B
20241225;100001;910.6;4;11821331463;B
20241225;100001;910.8;13;11821331510;B
20241225;100001;910.8;2;11821331511;B
20241225;100001;911;42;11821331535;B
20241225;100001;911;6;11821331546;B
20241225;100001;911;8;11821331604;B
20241225;100001;910.8;150;11821331660;S
20241225;100001;911;8;11821331662;B
20241225;100001;910.8;70;11821332123;S
20241225;100001;910.6;200;11821332124;S
20241225;100001;910.6;328;11821332125;S
20241225;100001;910.4;102;11821332126;S
20241225;100002;911;81;11821332335;B
20241225;100002;911;81;11821332377;B
20241225;100002;911;12;11821332469;B
20241225;100002;911;12;11821332488;B
20241225;100002;911;200;11821332632;B
20241225;100002;911;50;11821332639;B
20241225;100002;911;25;11821332640;B
20241225;100002;911;1;11821332641;B
20241225;100002;911;2;11821332642;B
20241225;100002;911;1;11821332643;B
20241225;100002;911;1;11821332644;B
20241225;100002;911;1;11821332645;B
20241225;100002;911.2;70;11821332646;B
20241225;100002;911.4;13;11821332647;B
20241225;100002;911.8;36;11821332648;B
20241225;100002;911.8;73;11821332652;B
20241225;100002;911.8;4;11821332653;B
20241225;100002;912;123;11821332654;B
20241225;100002;911.8;109;11821332663;B
20241225;100002;912;91;11821332664;B
20241225;100002;912;200;11821332668;B
20241225;100002;912;86;11821332678;B
20241225;100002;912;114;11821332679;B
20241225;100002;912;86;11821332690;B
20241225;100002;912;1;11821332691;B
20241225;100002;912;2;11821332692;B
20241225;100002;912;109;11821332693;B
20241225;100002;912;2;11821332694;B
20241225;100002;912;200;11821332713;B
20241225;100002;911.8;5;11821332741;B
20241225;100002;912;95;11821332742;B
20241225;100002;910.8;2;11821332820;S
20241225;100002;910.8;98;11821332821;S
20241225;100002;910.6;1;11821332919;S
20241225;100002;910.8;28;11821333247;S
20241225;100002;910.6;328;11821333248;S
20241225;100002;910.6;328;11821333249;S
20241225;100002;910.4;2;11821333250;S
20241225;100002;910.4;400;11821333251;S
20241225;100002;910.4;54;11821333252;S
20241225;100002;910.4;109;11821333253;S
20241225;100002;910.2;241;11821333254;S
20241225;100002;910.2;10;11821333255;S
20241225;100002;911.2;5;11821333463;B
20241225;100003;910.6;3;11821333500;S
20241225;100003;910.4;15;11821333501;S
20241225;100003;910.4;94;11821333635;S
20241225;100003;910.2;231;11821333636;S
20241225;100003;910.2;45;11821333637;S
20241225;100003;910.2;10;11821333668;S
20241225;100003;910.2;50;11821333776;S
20241225;100003;911.2;1;11821333812;B
20241225;100003;911;1;11821333895;B
20241225;100003;911;99;11821333896;B
20241225;100003;910.2;1;11821334057;S
20241225;100003;910.6;24;11821334069;B
20241225;100003;910.6;76;11821334070;B
20241225;100003;910.6;1;11821334360;B
20241225;100003;910.2;280;11821334379;S
20241225;100004;910;37;11821334414;S
20241225;100004;910;280;11821334418;S
20241225;100004;910;36;11821334429;S
20241225;100004;910;1;11821334452;S
20241225;100004;910;1;11821334467;S
20241225;100004;910.2;4;11821334505;B
20241225;100004;910;1;11821334601;S
20241225;100004;910;1;11821334608;S
20241225;100004;910;1;11821334610;S
20241225;100004;910;1;11821334618;S
20241225;100004;910;41;11821334639;S
20241225;100004;910;1;11821334640;S
20241225;100004;910;10;11821334641;S
20241225;100004;910;10;11821334642;S
20241225;100004;910;4;11821334643;S
20241225;100004;910;6;11821334649;S
20241225;100004;910;5;11821334650;S
20241225;100004;910;5;11821334651;S
20241225;100004;910;10;11821334652;S
20241225;100004;910;42;11821334653;S
20241225;100004;910;2;11821334668;S
20241225;100004;910;284;11821334670;S
20241225;100004;910;16;11821334671;S
20241225;100004;910;12;11821334788;S
20241225;100004;910;12;11821334794;S
20241225;100004;910;10;11821334821;S
20241225;100004;910;10;11821334854;S
20241225;100004;910;14;11821334859;S
20241225;100004;910;14;11821334883;S
20241225;100004;910;24;11821334912;S
20241225;100004;910;24;11821334922;S
20241225;100004;910;53;11821334944;S
20241225;100004;910;53;11821334949;S
20241225;100004;910.2;100;11821334959;B
20241225;100004;910;1;11821335017;S
20241225;100004;910;2;11821335183;S
20241225;100004;910;66;11821335308;S
20241225;100004;910;23;11821335330;S
20241225;100004;910;1;11821335341;S
20241225;100005;910;1;11821335459;S
20241225;100005;910;2;11821335477;S
20241225;100005;910.2;147;11821335585;B
20241225;100005;910.2;5;11821335586;B
20241225;100005;910.2;1;11821335587;B
20241225;100005;910.2;95;11821335646;S
20241225;100005;910.2;7;11821335647;S
20241225;100005;910.2;45;11821335734;S
20241225;100005;910;62;11821335735;S
20241225;100005;909.8;512;11821335737;S
20241225;100005;909.8;247;11821335738;S
20241225;100006;909.8;240;11821336118;S
20241225;100006;910;1;11821336436;B
20241225;100006;910;1;11821336584;B
20241225;100006;909.8;1;11821337185;S
20241225;100006;909.8;12;11821337186;S
20241225;100006;909.8;1;11821337187;S
20241225;100006;909.8;77;11821337188;S
20241225;100006;909.8;91;11821337206;S
20241225;100006;909.8;2;11821337413;S
20241225;100006;909.8;2;11821337420;S
20241225;100006;910;148;11821337465;B
20241225;100006;910;142;11821337466;B
20241225;100006;910;5;11821337467;B
20241225;100006;910;5;11821337468;B
20241225;100007;910;12;11821337519;S
20241225;100007;910;12;11821337537;S
20241225;100007;910;3;11821337644;S
20241225;100007;910.2;1;11821337772;B
20241225;100007;910;1;11821338568;S
20241225;100007;909.8;24;11821339022;S
20241225;100008;910;1;11821339592;B
20241225;100008;910;1;11821339599;B
20241225;100008;909.8;1;11821339724;S
20241225;100008;910;1;11821340435;B
20241225;100008;910;2;11821340436;B
20241225;100009;910;104;11821341400;B
20241225;100009;910;49;11821341401;B
20241225;100009;910;1;11821341412;B
20241225;100009;909.8;1;11821341573;S
20241225;100009;909.8;49;11821341688;S
20241225;100010;909.8;3;11821341859;S
20241225;100010;910.2;1;11821341867;B
20241225;100010;910.2;43;11821341875;B
20241225;100010;910.2;13;11821341895;B
20241225;100010;910.2;52;11821341967;B
20241225;100010;910.2;7;11821341968;B
20241225;100010;909.8;91;11821342035;S
20241225;100010;910.2;69;11821342043;B
20241225;100010;910.2;53;11821342050;B
20241225;100010;910.2;32;11821342214;B
20241225;100010;909.8;2;11821342348;S
20241225;100010;909.8;10;11821342453;S
20241225;100010;909.8;19;11821342462;S
20241225;100010;909.8;1;11821342544;S
20241225;100010;910.2;1;11821342567;B
20241225;100010;910.2;139;11821342658;B
20241225;100010;910.2;109;11821342667;B
20241225;100010;910.4;7;11821342747;S
20241225;100011;910.6;24;11821342757;B
20241225;100011;910.2;22;11821342800;S
20241225;100011;910.6;1;11821342843;B
20241225;100011;910.2;4;11821342857;S
20241225;100011;910.6;1;11821342902;B
20241225;100011;910.2;4;11821342985;S
20241225;100011;909.8;6;11821342986;S
20241225;100011;909.8;200;11821343228;S
20241225;100011;909.8;9;11821343274;S
20241225;100011;909.8;4;11821343284;S
20241225;100011;910.6;20;11821343286;B
20241225;100011;909.8;1;11821343288;S
20241225;100011;909.8;8;11821343306;S
20241225;100011;909.8;3;11821343322;S
20241225;100011;910;1;11821343879;S
20241225;100011;910;4;11821343902;S
20241225;100011;910;40;11821343903;S
20241225;100011;910;1;11821343906;S
20241225;100012;910.6;1;11821344194;B
20241225;100012;910.2;1;11821344385;S
20241225;100012;910.2;19;11821344386;S
20241225;100012;910.4;1;11821344641;B
20241225;100012;910.4;4;11821344882;B
20241225;100012;910.6;39;11821344883;B
20241225;100012;910.6;127;11821345091;B
20241225;100012;910.6;2;11821345100;B
20241225;100012;911.2;1;11821345119;B
20241225;100013;911;18;11821345295;B
20241225;100013;910.6;1;11821345781;S
20241225;100013;911;4;11821346071;B
20241225;100015;910.4;1;11821347354;S
20241225;100015;910.4;49;11821347355;S
20241225;100016;910.8;5;11821347490;B
20241225;100016;911.2;67;11821347491;B
20241225;100017;911;67;11821347857;S
20241225;100017;911;6;11821347858;S
20241225;100017;911;6;11821347862;B
20241225;100017;911;6;11821347949;B
20241225;100017;911;2;11821347963;B
20241225;100017;911;4;11821348303;S
20241225;100017;910.8;96;11821348304;S
20241225;100017;911;12;11821348398;S
20241225;100017;910.8;99;11821348399;S
20241225;100017;910.8;12;11821348400;S
20241225;100017;910.6;10;11821348401;S
20241225;100017;910.4;74;11821348402;S
20241225;100017;910.4;243;11821348403;S
20241225;100018;910.8;1;11821348950;S
20241225;100018;911;5;11821349096;S
20241225;100018;911.2;4;11821349143;S
20241225;100019;911.6;16;11821349510;B
20241225;100019;911.2;15;11821349540;S
20241225;100020;911.2;55;11821349908;S
20241225;100020;911.2;1;11821350021;B
20241225;100021;911.2;4;11821350382;B
20241225;100021;911.4;1;11821350383;B
20241225;100021;910.8;2;11821350398;S
20241225;100023;911.4;128;11821351635;S
20241225;100026;911.4;3;11821352387;S
20241225;100028;911.6;5;11821353307;B
20241225;100028;911.6;109;11821353308;B
20241225;100028;911.6;86;11821353309;B
20241225;100028;911.4;45;11821353430;S
20241225;100028;911.2;113;11821353431;S
20241225;100028;911.6;109;11821353432;B
20241225;100028;911.8;109;11821353436;B
20241225;100028;911.8;109;11821353437;B
20241225;100029;911.4;7;11821353700;S
20241225;100029;911.4;33;11821353701;S
20241225;100029;911.2;219;11821353702;S
20241225;100029;911.2;4;11821353703;S
20241225;100029;911.2;118;11821353704;S
20241225;100029;911;19;11821353705;S
20241225;100029;911.8;109;11821353743;B
20241225;100029;911.8;191;11821353744;B
20241225;100029;911.4;43;11821353813;S
20241225;100029;911.4;43;11821353818;B
20241225;100029;911;23;11821353821;S
20241225;100029;911.4;60;11821353959;B
20241225;100029;911.4;12;11821353977;B
20241225;100029;911.4;60;11821353989;B
20241225;100029;911.4;1;11821354007;B
20241225;100030;912;31;11821354312;B
20241225;100032;911.8;31;11821354940;S
20241225;100032;911.8;5;11821354941;S
20241225;100032;911.4;328;11821354942;S
20241225;100032;911.4;51;11821354943;S
20241225;100033;911.2;7;11821355081;S
20241225;100041;911.2;4;11821357748;S
20241225;100041;911.2;5;11821357929;S
20241225;100041;911.2;95;11821357930;S
20241225;100041;911.2;23;11821357931;S
20241225;100041;911.2;13;11821357932;S
20241225;100041;911;2;11821358145;S
20241225;100042;911.2;1;11821358406;B
20241225;100043;911;48;11821358819;S
20241225;100043;911;440;11821358820;S
20241225;100043;911;1;11821358821;S
20241225;100043;910.8;118;11821358822;S
20241225;100043;910.6;95;11821358823;S
20241225;100043;910.4;109;11821358824;S
20241225;100043;910.2;1;11821358825;S
20241225;100043;910.2;14;11821358826;S
20241225;100043;910.2;174;11821358827;S
20241225;100045;911;5;11821359604;B
20241225;100045;911;78;11821359605;B
20241225;100045;911;26;11821359606;B
20241225;100045;911.2;63;11821359623;B
20241225;100045;911.2;46;11821359624;B
20241225;100045;910.6;50;11821359644;S
20241225;100046;910.6;150;11821359768;S
20241225;100048;910.4;100;11821360590;S
20241225;100049;911;2;11821360886;B
20241225;100049;911.2;10;11821360887;B
20241225;100049;911.2;2;11821360888;B
20241225;100049;911.2;6;11821360889;B
20241225;100050;911;8;11821361213;B
20241225;100050;911;2;11821361216;B
20241225;100050;911.4;11;11821361328;B
20241225;100051;911.4;27;11821361486;B
20241225;100054;911.4;3;11821362416;S
20241225;100055;911.4;9;11821362822;S
20241225;100056;911.4;12;11821363226;B
20241225;100057;911.2;6;11821363428;S
20241225;100057;911.2;10;11821363429;S
20241225;100058;911.2;6;11821363650;S
20241225;100058;911.2;5;11821363651;S
20241225;100058;911.2;40;11821363668;S
20241225;100058;911.4;132;11821363774;B
20241225;100059;911.2;5;11821363884;S
20241225;100059;911;1;11821363885;S
20241225;100059;911;2;11821363886;S
20241225;100059;911;13;11821363887;S
20241225;100059;910.8;95;11821363888;S
20241225;100059;910.8;125;11821363889;S
20241225;100059;910.6;114;11821363890;S
20241225;100059;910.4;1;11821363954;S
20241225;100059;911;100;11821363991;B
20241225;100100;910.8;5;11821364459;B
20241225;100103;911;11;11821365344;S
20241225;100103;911;4;11821365345;S
20241225;100103;911.4;1;11821365445;B
20241225;100104;911.2;11;11821365771;S
20241225;100104;911;35;11821365772;S
20241225;100104;911;4;11821365773;S
20241225;100107;911;28;11821366703;S
20241225;100107;910.8;118;11821366704;S
20241225;100107;910.8;54;11821366705;S
20241225;100109;910.6;109;11821367325;S
20241225;100109;910.6;75;11821367326;S
20241225;100109;910.6;26;11821367327;S
20241225;100109;910.4;118;11821367328;S
20241225;100109;910.4;13;11821367329;S
20241225;100109;910.2;134;11821367330;S
20241225;100109;910.2;25;11821367331;S
20241225;100109;910.8;59;11821367354;B
20241225;100109;910.8;2;11821367425;B
20241225;100109;910.4;109;11821367456;S
20241225;100109;910.4;53;11821367457;S
20241225;100109;910.4;328;11821367458;S
20241225;100109;910.4;10;11821367459;S
20241225;100111;910.8;1;11821368366;B
20241225;100112;910.4;10;11821368685;S
20241225;100112;910.4;99;11821368838;S
20241225;100112;910.4;87;11821368839;S
20241225;100112;910.2;75;11821368840;S
20241225;100112;910.2;140;11821368841;S
20241225;100112;910;1;11821368842;S
20241225;100112;910;30;11821368843;S
20241225;100112;910;3;11821368844;S
20241225;100112;910;62;11821368845;S
20241225;100112;910;328;11821368846;S
20241225;100112;910;175;11821368847;S
20241225;100113;910;20;11821369569;S
20241225;100114;910;50;11821369901;S
20241225;100114;910.2;2;11821369946;S
20241225;100115;910.4;20;11821370201;B
20241225;100116;910.8;5;11821371105;B
20241225;100116;910.8;50;11821371107;B
20241225;100116;910.8;100;11821371108;B
20241225;100116;910.8;34;11821371109;B
20241225;100116;910.8;2;11821371110;B
20241225;100116;911;10;11821371111;B
20241225;100117;911;46;11821371518;S
20241225;100117;911;46;11821371519;S
20241225;100117;910.6;14;11821371520;S
20241225;100117;910.6;19;11821371521;S
20241225;100117;910.4;1;11821371569;S
20241225;100118;910.4;1;11821371736;S
20241225;100118;910.4;107;11821371741;S
20241225;100118;910.4;193;11821371742;S
20241225;100121;911;36;11821373048;S
20241225;100121;910.8;36;11821373049;S
20241225;100121;910.6;28;11821373050;S
20241225;100122;911;1;11821373244;B
20241225;100122;911;1;11821373312;B
20241225;100123;911.2;1;11821373838;S
20241225;100123;910.8;7;11821373839;S
20241225;100123;910.8;7;11821373840;S
20241225;100123;910.6;35;11821373841;S
20241225;100124;911.4;12;11821374247;B
20241225;100125;911.4;48;11821374522;B
20241225;100125;911.4;44;11821374601;B
20241225;100125;911.4;10;11821374602;B
20241225;100125;911.4;2;11821374603;B
20241225;100126;911.6;2;11821374931;B
20241225;100126;911.6;2;11821375020;S
20241225;100126;911.4;17;11821375021;S
20241225;100126;911.4;86;11821375108;S
20241225;100128;911.6;1;11821375847;S
20241225;100131;911.8;6;11821376757;B
20241225;100132;911.8;4;11821377132;B
20241225;100132;911.8;32;11821377133;B
20241225;100132;912;92;11821377134;B
20241225;100132;912;272;11821377135;B
20241225;100132;911.6;2;11821377146;S
20241225;100133;911.8;48;11821377447;S
20241225;100134;911.8;37;11821377622;S
20241225;100134;911.6;110;11821377623;S
20241225;100134;911.6;62;11821377709;S
20241225;100134;911.6;2;11821377785;B
20241225;100136;911;2;11821378281;S
20241225;100136;911;110;11821378282;S
20241225;100136;911;1;11821378288;B
20241225;100136;911;17;11821378325;B
20241225;100136;911;1;11821378376;B
20241225;100137;911;2;11821378712;B
20241225;100138;911;22;11821378772;B
20241225;100138;911;45;11821378878;B
20241225;100138;911;65;11821378879;B
20241225;100138;911;6;11821378917;B
20241225;100138;911;254;11821378958;B
20241225;100138;911;40;11821378959;B
20241225;100139;911.6;30;11821379316;B
20241225;100139;911.8;63;11821379317;B
20241225;100139;911.8;8;11821379318;B
20241225;100139;911.8;118;11821379380;B
20241225;100139;912.2;8;11821379387;B
20241225;100139;912.2;4;11821379388;B
20241225;100139;912.2;33;11821379389;B
20241225;100140;912.2;1;11821379493;B
20241225;100141;912.4;1;11821379894;B
20241225;100141;912;4;11821379943;S
20241225;100142;912.4;1;11821380170;B
20241225;100143;912.4;42;11821380238;B
20241225;100143;912.4;6;11821380247;B
20241225;100143;912.6;2;11821380287;B
20241225;100143;912.6;34;11821380288;B
20241225;100143;912.4;10;11821380469;S
20241225;100143;912.4;2;11821380484;S
20241225;100143;912;3;11821380507;S
20241225;100143;912.4;118;11821380539;B
20241225;100143;912.4;16;11821380540;B
20241225;100146;912.6;1;11821381170;S
20241225;100146;912.6;55;11821381171;S
20241225;100147;912.6;7;11821381771;S
20241225;100149;912.6;5;11821382008;S
20241225;100149;912.8;1;11821382192;B
20241225;100151;912.8;2;11821382564;B
20241225;100151;912.8;1;11821382565;B
20241225;100151;912.8;2;11821382566;B
20241225;100151;912.6;1;11821382639;S
20241225;100151;912.6;10;11821382664;S
20241225;100153;912.6;100;11821383177;S
20241225;100154;912.6;2;11821383263;S
20241225;100157;912.6;100;11821384023;S
20241225;100200;912.8;2;11821384857;B
20241225;100204;912.8;15;11821385626;B
20241225;100205;912.8;22;11821385971;B
20241225;100208;912.8;9;11821386586;B
20241225;100208;912.8;2;11821386587;B
20241225;100208;912.8;2;11821386588;B
20241225;100209;912.8;67;11821386931;S
20241225;100211;913;50;11821387289;B
20241225;100212;912.8;10;11821387534;S
20241225;100212;913;80;11821387562;B
20241225;100215;912.8;1;11821388347;S
20241225;100216;913;200;11821388600;B
20241225;100220;913;170;11821389339;B
20241225;100220;913;2;11821389340;B
20241225;100220;913;25;11821389341;B
20241225;100220;913;100;11821389342;B
20241225;100220;913;50;11821389343;B
20241225;100220;913.2;13;11821389344;B
20241225;100220;913.2;40;11821389345;B
20241225;100220;913.2;2;11821389453;B
20241225;100223;913.2;20;11821390004;B
20241225;100224;913;100;11821390125;S
20241225;100224;913;50;11821390317;S
20241225;100227;913;140;11821390824;S
20241225;100228;913.2;2;11821391043;B
20241225;100228;913.2;76;11821391093;B
20241225;100228;913.2;4;11821391094;B
20241225;100228;913.2;1;11821391095;B
20241225;100228;913.2;69;11821391096;B
20241225;100232;913.2;25;11821391889;S
20241225;100232;913.4;2;11821391937;B
20241225;100234;913.2;10;11821392378;S
20241225;100234;913.4;98;11821392394;B
20241225;100234;913.4;118;11821392395;B
20241225;100234;913.4;80;11821392396;B
20241225;100234;913.6;100;11821392397;B
20241225;100234;913.6;1;11821392398;B
20241225;100234;913.6;50;11821392399;B
20241225;100234;913.6;29;11821392400;B
20241225;100234;913.6;24;11821392401;B
20241225;100234;913.4;10;11821392542;S
20241225;100234;913.6;5;11821392547;B
20241225;100235;913.6;113;11821392747;B
20241225;100235;913.6;50;11821392748;B
20241225;100235;913.8;200;11821392749;B
20241225;100235;913.8;37;11821392750;B
20241225;100235;913.4;60;11821392861;S
20241225;100238;913.4;1;11821393336;S
20241225;100239;913.4;146;11821393507;S
20241225;100239;913.2;1;11821393571;S
20241225;100239;913;17;11821393572;S
20241225;100239;913;1;11821393573;S
20241225;100239;913;52;11821393574;S
20241225;100239;912.8;400;11821393575;S
20241225;100239;912.8;1;11821393576;S
20241225;100239;912.6;1;11821393577;S
20241225;100239;912.6;23;11821393578;S
20241225;100239;912.6;118;11821393579;S
20241225;100239;912;179;11821393580;S
20241225;100239;912;4;11821393581;S
20241225;100239;911.8;203;11821393582;S
20241225;100244;911.8;76;11821394394;S
20241225;100246;912.6;4;11821394794;B
20241225;100246;912.8;9;11821394854;B
20241225;100246;913;1;11821394858;B
20241225;100247;913;3;11821394913;B
20241225;100247;913;20;11821394914;B
20241225;100248;913;3;11821394996;B
20241225;100248;913;65;11821395083;B
20241225;100248;913;17;11821395114;B
20241225;100249;913;13;11821395278;B
20241225;100249;913;107;11821395279;B
20241225;100251;912.8;2;11821395531;B
20241225;100251;912.2;2;11821395582;S
20241225;100252;912.6;3;11821395665;B
20241225;100254;912.4;1;11821396156;B
20241225;100254;912.4;2;11821396189;B
20241225;100255;912;1;11821396265;S
20241225;100255;911.6;100;11821396320;S
20241225;100256;911.6;250;11821396427;S
20241225;100257;911.6;100;11821396761;S
20241225;100259;911.6;10;11821397085;S
20241225;100301;911.6;5;11821397415;S
20241225;100301;911.6;31;11821397416;S
20241225;100301;911.6;69;11821397465;S
20241225;100301;911.6;31;11821397466;S
20241225;100302;911.8;1;11821397614;B
20241225;100302;911.8;1;11821397623;B
20241225;100302;912;9;11821397624;B
20241225;100302;912;186;11821397625;B
20241225;100302;912;4;11821397626;B
20241225;100303;912.2;10;11821397859;B
20241225;100304;911.6;118;11821398109;S
20241225;100304;911.4;399;11821398110;S
20241225;100304;911.4;4;11821398111;S
20241225;100304;911.4;6;11821398112;S
20241225;100304;911.2;300;11821398113;S
20241225;100304;911;850;11821398114;S
20241225;100304;911;2;11821398115;S
20241225;100304;910.8;100;11821398116;S
20241225;100304;910.8;90;11821398117;S
20241225;100304;910.6;4;11821398118;S
20241225;100304;910.6;320;11821398119;S
20241225;100304;910.6;29;11821398120;S
20241225;100304;910.6;118;11821398174;S
20241225;100304;910.4;5;11821398175;S
20241225;100304;910.4;10;11821398176;S
20241225;100304;910.2;4;11821398177;S
20241225;100304;910.2;863;11821398178;S
20241225;100306;910.8;35;11821398390;B
20241225;100308;911.2;1;11821398743;B
20241225;100309;910.8;90;11821398911;S
20241225;100311;910.6;4;11821399262;S
20241225;100311;910.2;35;11821399263;S
20241225;100312;910.2;2;11821399561;S
20241225;100312;910.8;118;11821399620;B
20241225;100312;910.8;328;11821399621;B
20241225;100312;911;554;11821399622;B
20241225;100312;910.2;100;11821399693;S
20241225;100313;910.2;3;11821399775;S
20241225;100313;910.8;20;11821399829;B
20241225;100313;910.2;160;11821399863;S
20241225;100313;910.2;40;11821399864;S
20241225;100315;911;2;11821400179;B
20241225;100315;910.4;30;11821400180;S
20241225;100315;911;3;11821400256;B
20241225;100317;910.4;100;11821400533;B
20241225;100317;910.4;184;11821400600;S
20241225;100317;910.2;3;11821400601;S
20241225;100317;910;26;11821400602;S
20241225;100317;910;41;11821400662;S
20241225;100317;910;1;11821400663;S
20241225;100317;910;10;11821400664;S
20241225;100317;910;15;11821400665;S
20241225;100317;910;1;11821400666;S
20241225;100317;910;45;11821400667;S
20241225;100317;910;106;11821400668;S
20241225;100318;910.4;3;11821400939;B
20241225;100318;911;54;11821400975;B
20241225;100319;910.6;57;11821401044;S
20241225;100319;910.2;3;11821401045;S
20241225;100319;910.2;118;11821401046;S
20241225;100319;910;1;11821401047;S
20241225;100319;910;22;11821401048;S
20241225;100319;910;433;11821401049;B
20241225;100319;910;366;11821401050;B
20241225;100321;910.8;6;11821401668;B
20241225;100322;910.2;1;11821401794;S
20241225;100322;910.2;4;11821401877;S
20241225;100322;910.2;6;11821401878;S
20241225;100323;910;1;11821401883;S
20241225;100323;910;15;11821401963;S
20241225;100324;910;20;11821402117;S
20241225;100326;910.2;1;11821402358;B
20241225;100326;910.2;79;11821402495;B
20241225;100326;910.4;118;11821402496;B
20241225;100326;910.8;15;11821402497;B
20241225;100327;911;2;11821402585;B
20241225;100328;911;1;11821402937;B
20241225;100329;910.4;30;11821402949;S
20241225;100329;911;5;11821403034;B
20241225;100331;911;6;11821403385;B
20241225;100332;910.6;9;11821403650;B
20241225;100332;910.8;28;11821403651;B
20241225;100335;910.6;20;11821404089;S
20241225;100337;910.8;6;11821404579;B
20241225;100337;910.8;153;11821404592;B
20241225;100337;911;847;11821404593;B
20241225;100338;910.8;1;11821404678;S
20241225;100338;910.8;1;11821404754;S
20241225;100338;910.8;163;11821404761;S
20241225;100338;910.8;1;11821404772;S
20241225;100338;910.8;1;11821404828;S
20241225;100338;910.8;35;11821404844;S
20241225;100338;910.8;15;11821404845;S
20241225;100338;910.6;1;11821404867;S
20241225;100339;910.8;1;11821404878;S
20241225;100339;910.6;1;11821404934;S
20241225;100339;910.8;1;11821404953;S
20241225;100339;910.6;1;11821404990;S
20241225;100339;911;600;11821405009;B
20241225;100339;910.8;1;11821405010;S
20241225;100339;910.8;1;11821405053;S
20241225;100340;910.8;1;11821405078;S
20241225;100340;910.8;1;11821405150;S
20241225;100340;910.8;1;11821405182;S
20241225;100340;910.8;1;11821405224;S
20241225;100340;910.8;1;11821405240;S
20241225;100340;910.8;1;11821405275;S
20241225;100341;910.8;2;11821405294;S
20241225;100341;910.8;1;11821405295;S
20241225;100341;910.8;10;11821405305;S
20241225;100341;910.8;1;11821405309;S
20241225;100341;910.8;1;11821405343;S
20241225;100341;910.8;1;11821405354;S
20241225;100341;910.8;1;11821405372;S
20241225;100341;910.8;1;11821405383;S
20241225;100342;910.8;1;11821405436;S
20241225;100342;910.8;1;11821405537;S
20241225;100342;910.8;1;11821405546;S
20241225;100342;910.8;1;11821405613;S
20241225;100342;910.8;1;11821405628;S
20241225;100342;910.8;1;11821405645;S
20241225;100342;910.8;1;11821405666;S
20241225;100343;910.8;1;11821405679;S
20241225;100343;910.8;1;11821405738;S
20241225;100343;910.8;1;11821405753;S
20241225;100343;911;10;11821405776;B
20241225;100344;911;2;11821405856;B
20241225;100344;911;2;11821405946;B
20241225;100345;910.8;11;11821406043;S
20241225;100346;910.8;22;11821406376;S
20241225;100346;910.8;24;11821406377;S
20241225;100349;910.8;1;11821407252;S
20241225;100352;910.8;30;11821407839;S
20241225;100355;910.8;160;11821408531;S
20241225;100356;911;5;11821408660;B
20241225;100356;910.8;80;11821408765;S
20241225;100356;911;50;11821408766;B
20241225;100400;910.8;1;11821409705;S
20241225;100400;911;100;11821409727;B
20241225;100400;910.8;20;11821409760;S
20241225;100402;911;58;11821410386;B
20241225;100402;911;58;11821410423;B
20241225;100402;910.8;22;11821410444;S
20241225;100402;910.8;17;11821410445;S
20241225;100405;910.8;1;11821410861;S
20241225;100405;910.8;199;11821410862;S
20241225;100405;911;1;11821410974;B
20241225;100405;911;1;11821410989;B
20241225;100412;911;6;11821412561;B
20241225;100413;910.8;20;11821412771;S
20241225;100414;911;1;11821412912;B
20241225;100415;911;32;11821413483;B
20241225;100415;911;8;11821413505;B
20241225;100416;910.8;20;11821413828;S
20241225;100418;911;200;11821414257;B
20241225;100420;911;1;11821414510;B
20241225;100423;911;1;11821415184;B
20241225;100427;910.8;11;11821415959;S
20241225;100427;911;14;11821415963;B
20241225;100428;910.8;250;11821416110;S
20241225;100428;910.8;118;11821416111;S
20241225;100428;910.8;19;11821416112;S
20241225;100428;910.8;10;11821416113;S
20241225;100428;910.8;53;11821416114;S
20241225;100428;911;50;11821416231;B
20241225;100429;910.8;2;11821416379;S
20241225;100429;910.8;17;11821416380;S
20241225;100429;910.6;17;11821416381;S
20241225;100429;910.6;52;11821416382;S
20241225;100431;911;1;11821416733;B
20241225;100431;911;3;11821416776;B
20241225;100431;910.8;16;11821416778;S
20241225;100431;910.8;10;11821416779;S
20241225;100432;911;55;11821417008;B
20241225;100433;910.8;14;11821417052;S
20241225;100433;910.6;16;11821417053;S
20241225;100433;910.8;13;11821417143;S
20241225;100433;910.8;11;11821417144;S
20241225;100434;910.6;132;11821417330;S
20241225;100434;910.6;20;11821417331;S
20241225;100434;910.6;328;11821417332;S
20241225;100434;910.6;5;11821417333;S
20241225;100434;910.6;118;11821417334;S
20241225;100434;910.6;236;11821417335;S
20241225;100434;910.4;20;11821417336;S
20241225;100434;910.4;542;11821417337;S
20241225;100434;910.4;12;11821417338;S
20241225;100434;910.4;300;11821417339;S
20241225;100434;910.2;100;11821417340;S
20241225;100434;910.2;10;11821417341;S
20241225;100434;910.2;1014;11821417342;S
20241225;100434;910.2;1108;11821417343;S
20241225;100434;910.2;1055;11821417344;S
20241225;100435;910.8;1;11821417504;B
20241225;100436;910.8;63;11821417801;B
20241225;100439;910.8;211;11821418383;B
20241225;100440;910.8;30;11821418529;B
20241225;100441;910.8;1;11821418710;B
20241225;100443;910.8;70;11821419193;B
20241225;100443;910.8;34;11821419194;B
20241225;100443;911;226;11821419195;B
20241225;100443;911;300;11821419196;B
20241225;100444;910.8;5;11821419355;S
20241225;100446;910.8;2;11821419853;S
20241225;100446;910.8;15;11821419875;S
20241225;100447;910.8;1;11821420108;S
20241225;100447;911;386;11821420138;B
20241225;100447;911;50;11821420139;B
20241225;100447;911;20;11821420140;B
20241225;100447;911;2;11821420141;B
20241225;100447;911;463;11821420142;B
20241225;100447;911;37;11821420143;B
20241225;100447;911;48;11821420144;B
20241225;100449;911;12;11821420474;B
20241225;100449;911;16;11821420475;B
20241225;100449;911;5;11821420476;B
20241225;100449;911;667;11821420477;B
20241225;100449;911;70;11821420478;B
20241225;100449;911;2;11821420479;B
20241225;100449;911;21;11821420480;B
20241225;100450;911.4;1;11821420609;B
20241225;100450;911.2;100;11821420804;S
20241225;100450;911.2;136;11821420805;S
20241225;100450;911.2;118;11821420806;S
20241225;100450;911;207;11821420807;S
20241225;100450;911;11;11821420808;S
20241225;100450;911;428;11821420809;S
20241225;100452;911.2;1;11821421053;S
20241225;100454;911.2;1;11821421400;S
20241225;100457;911.4;1;11821422050;B
20241225;100501;911.4;4;11821422840;B
20241225;100501;911.2;9;11821422861;S
20241225;100503;911.4;1;11821423273;S
20241225;100503;911.2;49;11821423274;S
20241225;100506;911.6;5;11821423800;B
20241225;100506;911.6;5;11821423870;B
20241225;100506;911.6;5;11821423871;B
20241225;100507;911.2;55;11821423949;S
20241225;100508;911.2;5;11821424144;S
20241225;100508;911.2;10;11821424243;S
20241225;100508;911.2;49;11821424316;S
20241225;100508;911.2;117;11821424317;S
20241225;100508;911.2;19;11821424318;S
20241225;100508;911;100;11821424319;S
20241225;100508;911;10;11821424320;S
20241225;100508;911;10;11821424321;S
20241225;100508;911;32;11821424322;S
20241225;100511;911.4;1;11821424926;B
20241225;100513;911;40;11821425225;S
20241225;100515;911;9;11821425853;B
20241225;100515;911;12;11821425854;B
20241225;100515;911.2;32;11821425855;B
20241225;100515;911.2;56;11821425856;B
20241225;100515;911.2;1;11821425857;B
20241225;100517;911.2;9;11821426161;S
20241225;100517;911;118;11821426162;S
20241225;100517;910.8;16;11821426163;S
20241225;100517;910.8;15;11821426164;S
20241225;100517;910.8;12;11821426165;S
20241225;100517;910.8;328;11821426166;S
20241225;100517;910.6;352;11821426167;S
20241225;100522;911;54;11821427136;B
20241225;100524;910.4;4;11821427860;S
20241225;100524;910.4;47;11821427861;S
20241225;100527;910;1;11821428353;S
20241225;100527;910;1;11821428354;S
20241225;100527;910;10;11821428362;S
20241225;100528;910.4;1;11821428593;B
20241225;100530;910;5;11821429059;S
20241225;100532;910;11;11821429563;S
20241225;100533;910.4;11;11821429596;B
20241225;100533;910.8;9;11821429597;B
20241225;100534;910.8;2;11821429927;B
20241225;100534;910.4;65;11821429936;S
20241225;100534;910.4;8;11821429937;S
20241225;100534;910.2;15;11821429938;S
20241225;100534;910.2;118;11821429939;S
20241225;100534;910.2;10;11821429940;S
20241225;100534;910;55;11821429941;S
20241225;100534;910;20;11821429942;S
20241225;100534;910;50;11821429943;S
20241225;100534;910;58;11821429944;S
20241225;100537;910.4;5;11821430346;B
20241225;100539;910.2;10;11821430926;S
20241225;100539;910.4;50;11821430945;B
20241225;100540;910.2;18;11821431044;S
20241225;100540;910.2;2;11821431045;S
20241225;100540;910.2;8;11821431109;S
20241225;100540;910;17;11821431110;S
20241225;100540;910.2;200;11821431203;S
20241225;100541;910.8;1;11821431280;B
20241225;100542;910.8;3;11821431380;B
20241225;100542;910.8;2;11821431392;B
20241225;100543;910.8;1;11821431624;B
20241225;100544;911;10;11821431944;B
20241225;100545;911;1;11821432238;B
20241225;100548;910.8;5;11821432860;S
20241225;100548;910.8;2;11821432919;B
20241225;100550;910.6;1;11821433387;S
20241225;100550;910.4;5;11821433388;S
20241225;100552;910.4;375;11821433503;S
20241225;100552;910.4;59;11821433504;S
20241225;100552;910.4;7;11821433505;S
20241225;100552;910.2;2;11821433506;S
20241225;100552;910.2;328;11821433507;S
20241225;100552;910.2;160;11821433508;S
20241225;100552;910.2;118;11821433509;S
20241225;100552;910;25;11821433510;S
20241225;100552;910;10;11821433511;S
20241225;100552;910;181;11821433512;S
20241225;100552;910;1;11821433513;S
20241225;100552;910;100;11821433514;S
20241225;100552;910;3;11821433515;S
20241225;100552;910;32;11821433516;S
20241225;100552;910;1;11821433517;S
20241225;100552;910;1;11821433518;S
20241225;100552;910;145;11821433519;S
20241225;100552;910;32;11821433520;S
20241225;100552;910;6;11821433521;S
20241225;100552;910;392;11821433522;B
20241225;100552;910;1;11821433613;B
20241225;100553;909.8;70;11821433885;S
20241225;100553;909.8;100;11821433886;S
20241225;100553;909.8;29;11821433887;S
20241225;100553;909.8;13;11821433888;S
20241225;100553;909.8;54;11821433971;S
20241225;100554;909.8;2;11821433984;S
20241225;100554;909.8;30;11821434055;S
20241225;100554;910;1;11821434244;B
20241225;100555;909.8;95;11821434267;S
20241225;100555;909.6;1;11821434347;S
20241225;100556;909.6;100;11821434418;S
20241225;100556;909.6;4;11821434456;S
20241225;100556;909.6;50;11821434517;S
20241225;100557;909.8;5;11821434612;B
20241225;100557;909.6;219;11821434618;S
20241225;100557;909.6;500;11821434663;S
20241225;100557;909.8;15;11821434706;B
20241225;100557;909.6;32;11821434742;S
20241225;100559;909.6;21;11821435097;S
20241225;100600;909.6;50;11821435253;S
20241225;100600;909.8;5;11821435254;B
20241225;100600;909.8;15;11821435303;B
20241225;100600;909.6;23;11821435360;S
20241225;100600;909.6;9;11821435361;S
20241225;100601;909.6;3;11821435554;S
20241225;100601;909.6;4;11821435555;S
20241225;100601;909.6;4;11821435556;S
20241225;100602;909.6;1;11821435657;S
20241225;100605;909.4;1;11821436456;S
20241225;100605;909.6;78;11821436459;B
20241225;100605;909.6;43;11821436460;B
20241225;100605;909.6;12;11821436461;B
20241225;100605;909.6;184;11821436462;B
20241225;100605;909.8;4;11821436463;B
20241225;100605;909.6;133;11821436567;S
20241225;100605;909.4;817;11821436568;S
20241225;100605;909.4;100;11821436576;S
20241225;100605;909.4;82;11821436616;S
20241225;100605;909.4;5;11821436617;S
20241225;100605;909.4;3;11821436618;S
20241225;100605;909.4;10;11821436619;S
20241225;100605;909.4;75;11821436620;S
20241225;100606;909.4;175;11821436626;S
20241225;100606;909.4;50;11821436714;S
20241225;100606;909.4;10;11821436760;S
20241225;100607;909.6;6;11821436908;B
20241225;100607;909.6;118;11821436909;B
20241225;100607;909.8;76;11821436910;B
20241225;100608;909.6;15;11821437095;S
20241225;100608;909.4;6;11821437096;S
20241225;100608;909.2;154;11821437097;S
20241225;100608;909.4;107;11821437104;S
20241225;100608;909.2;68;11821437105;S
20241225;100608;909.2;10;11821437239;S
20241225;100609;909.6;1;11821437381;S
20241225;100610;909.4;6;11821437568;S
20241225;100610;909.2;19;11821437569;S
20241225;100610;909.2;175;11821437572;S
20241225;100611;909.8;1;11821437727;B
20241225;100612;909.2;1;11821437808;S
20241225;100612;909.4;5;11821437873;B
20241225;100612;909.6;10;11821437874;B
20241225;100612;909.2;18;11821437875;S
20241225;100613;909.6;4;11821438145;B
20241225;100614;909.2;175;11821438235;S
20241225;100614;909.2;48;11821438255;S
20241225;100614;909.6;2;11821438368;B
20241225;100615;909.6;1;11821438390;B
20241225;100615;909.4;1;11821438544;S
20241225;100616;909.6;101;11821438566;B
20241225;100616;909.6;99;11821438567;B
20241225;100616;909.4;1;11821438581;S
20241225;100616;909.4;93;11821438582;S
20241225;100616;909.2;1;11821438583;S
20241225;100616;909.2;1;11821438651;S
20241225;100616;909.6;12;11821438707;B
20241225;100618;909.2;13;11821439215;S
20241225;100619;909.6;110;11821439331;B
20241225;100620;909.6;2;11821439486;B
20241225;100621;909.2;100;11821439665;S
20241225;100621;909.6;100;11821439775;B
20241225;100621;909.2;1;11821439778;S
20241225;100622;909.2;216;11821439946;S
20241225;100622;909.2;20;11821439947;S
20241225;100622;909.2;1;11821439948;S
20241225;100622;909.2;1;11821439949;S
20241225;100622;909.2;10;11821439950;S
20241225;100622;909.2;5;11821439951;S
20241225;100622;909.2;118;11821439952;S
20241225;100622;909.2;93;11821439953;S
20241225;100622;909.2;328;11821439954;S
20241225;100622;909.2;205;11821439955;B
20241225;100622;909.2;200;11821439956;B
20241225;100622;909.2;32;11821439957;B
20241225;100623;909;54;11821440040;S
20241225;100623;909;20;11821440102;S
20241225;100623;909.2;8;11821440124;B
20241225;100623;909;24;11821440133;S
20241225;100623;909;200;11821440139;S
20241225;100623;909;2;11821440150;S
20241225;100623;909.2;20;11821440161;B
20241225;100624;909.2;100;11821440222;B
20241225;100624;909;330;11821440239;S
20241225;100624;909.2;10;11821440272;B
20241225;100624;909.2;2;11821440273;B
20241225;100625;909.2;5;11821440431;B
20241225;100625;909;7;11821440471;S
20241225;100625;909.2;57;11821440552;B
20241225;100625;909.2;9;11821440566;B
20241225;100627;909.2;140;11821440830;B
20241225;100627;909.2;189;11821440831;B
20241225;100627;909.2;19;11821440832;B
20241225;100628;909;363;11821440918;S
20241225;100628;909;1;11821440919;S
20241225;100628;909;1;11821440920;S
20241225;100628;909;100;11821440921;S
20241225;100628;909;500;11821440922;S
20241225;100628;909;5;11821440923;S
20241225;100628;909;684;11821440924;S
20241225;100628;909;1;11821440925;S
20241225;100628;909;1;11821440926;S
20241225;100628;909;968;11821440927;S
20241225;100628;909.2;233;11821440973;B
20241225;100630;909.2;33;11821441323;S
20241225;100631;909.2;34;11821441606;S
20241225;100631;909.2;11;11821441607;S
20241225;100633;909.2;10;11821441891;S
20241225;100633;909.2;44;11821441892;S
20241225;100636;909.2;50;11821442399;S
20241225;100636;909.2;43;11821442445;S
20241225;100639;909.2;63;11821443029;S
20241225;100639;909.2;10;11821443030;S
20241225;100639;909.2;27;11821443031;S
20241225;100640;909.4;1;11821443154;B
20241225;100640;909.4;118;11821443155;B
20241225;100640;909.4;2;11821443156;B
20241225;100640;909.6;217;11821443157;B
20241225;100640;909.6;100;11821443158;B
20241225;100640;909.8;6;11821443159;B
20241225;100640;909.8;328;11821443160;B
20241225;100640;909.8;151;11821443161;B
20241225;100640;909.8;30;11821443207;B
20241225;100644;909.8;1;11821443748;B
20241225;100644;909.6;5;11821443750;S
20241225;100644;909.4;15;11821443751;S
20241225;100644;909.4;85;11821443752;S
20241225;100644;909.4;3;11821443753;S
20241225;100644;909.2;3;11821443754;S
20241225;100644;909.2;328;11821443755;S
20241225;100644;909.2;700;11821443756;S
20241225;100644;909.2;118;11821443757;S
20241225;100644;909.2;5;11821443758;S
20241225;100644;909;1032;11821443759;S
20241225;100644;909;1;11821443760;S
20241225;100644;909;3;11821443761;S
20241225;100644;909;4;11821443762;S
20241225;100644;909;1;11821443763;S
20241225;100644;909;50;11821443764;S
20241225;100644;909;1;11821443765;S
20241225;100644;909;100;11821443766;S
20241225;100644;909;5;11821443767;S
20241225;100644;909;1;11821443768;S
20241225;100644;909;1;11821443769;S
20241225;100644;909;39;11821443770;S
20241225;100644;909;1;11821443860;S
20241225;100646;909;330;11821444155;S
20241225;100647;909.6;70;11821444304;B
20241225;100649;909;30;11821444613;S
20241225;100649;909;20;11821444614;S
20241225;100649;909.4;1;11821444660;B
20241225;100652;909;11;11821445194;S
20241225;100653;909.2;2;11821445318;B
20241225;100654;909;20;11821445385;S
20241225;100654;909;120;11821445449;S
20241225;100654;909;25;11821445507;S
20241225;100655;909;40;11821445564;S
20241225;100655;909;60;11821445565;S
20241225;100655;909.2;8;11821445568;B
20241225;100655;909.4;18;11821445569;B
20241225;100655;909.4;2;11821445570;B
20241225;100655;909.4;10;11821445583;B
20241225;100656;909.4;1;11821445721;B
20241225;100659;909.2;10;11821446173;B
20241225;100701;909;1;11821446445;S
20241225;100701;909.4;1;11821446450;B
20241225;100702;909.4;1;11821446582;B
20241225;100703;909.4;5;11821446764;B
20241225;100704;909.4;3;11821446897;B
20241225;100704;909.4;25;11821446985;B
20241225;100705;909.4;1;11821446993;B
20241225;100705;909;83;11821447081;S
20241225;100705;909;10;11821447082;S
20241225;100705;909;3;11821447083;S
20241225;100705;909;20;11821447084;S
20241225;100705;909;41;11821447085;S
20241225;100705;909.4;5;11821447141;B
20241225;100705;909.4;9;11821447144;B
20241225;100706;909;20;11821447310;S
20241225;100708;909.4;55;11821447442;B
20241225;100708;909.4;1;11821447443;B
20241225;100708;909.4;1;11821447444;B
20241225;100708;909.4;58;11821447491;B
20241225;100708;909.4;60;11821447524;B
20241225;100708;909.6;3;11821447531;B
20241225;100708;909.4;58;11821447587;B
20241225;100710;909.6;7;11821448435;B
20241225;100710;909.4;10;11821448505;S
20241225;100710;909.6;200;11821448631;B
20241225;100712;909.4;30;11821448836;S
20241225;100713;909.4;1;11821449134;S
20241225;100713;909.4;59;11821449157;S
20241225;100714;909.4;87;11821449317;S
20241225;100714;909.6;200;11821449334;B
20241225;100714;909.6;1;11821449430;B
20241225;100715;909.4;150;11821449515;S
20241225;100717;909.4;1;11821449863;S
20241225;100719;909.4;1;11821450165;S
20241225;100720;909.4;12;11821450335;S
20241225;100721;909.4;17;11821450407;S
20241225;100722;909.6;10;11821450585;B
20241225;100723;909.6;2;11821450803;B
20241225;100723;909.4;20;11821450869;S
20241225;100725;909.4;5;11821451120;S
20241225;100725;909.4;195;11821451121;S
20241225;100725;909.4;2;11821451183;S
20241225;100728;909.6;5;11821451832;B
20241225;100729;909.6;13;11821451974;B
20241225;100730;909.4;100;11821452381;S
20241225;100731;909.6;7;11821452506;B
20241225;100731;909.6;75;11821452544;B
20241225;100733;909.4;50;11821452792;S
20241225;100734;909.6;10;11821452916;B
20241225;100735;909.4;4;11821453249;S
20241225;100735;909.6;1;11821453264;B
20241225;100736;909.6;20;11821453460;B
20241225;100737;909.6;1;11821453709;B
20241225;100738;909.6;1;11821453757;B
20241225;100738;909.6;3;11821453783;B
20241225;100738;909.6;5;11821453802;B
20241225;100738;909.4;31;11821453846;S
20241225;100738;909.4;19;11821453847;S
20241225;100739;909.6;36;11821454056;B
20241225;100739;909.6;200;11821454057;B
20241225;100739;909.6;117;11821454058;B
20241225;100739;909.6;47;11821454059;B
20241225;100741;909.6;355;11821454322;B
20241225;100741;909.6;48;11821454370;B
20241225;100741;909.6;100;11821454469;S
20241225;100742;909.8;24;11821454492;B
20241225;100742;909.8;476;11821454493;B
20241225;100742;909.8;24;11821454583;B
20241225;100742;909.8;10;11821454584;B
20241225;100742;909.8;118;11821454585;B
20241225;100742;910;148;11821454586;B
20241225;100742;909.8;100;11821454629;S
20241225;100743;910;1;11821454780;B
20241225;100743;910;200;11821454837;B
20241225;100744;909.8;5;11821454886;S
20241225;100744;910;1;11821454916;B
20241225;100744;910;600;11821454922;B
20241225;100744;910;300;11821454962;B
20241225;100744;909.8;3;11821455003;S
20241225;100745;910;500;11821455050;B
20241225;100745;909.8;15;11821455112;S
20241225;100746;910;500;11821455228;B
20241225;100746;910;3;11821455356;B
20241225;100746;909.8;3;11821455425;S
20241225;100747;909.8;15;11821455664;S
20241225;100748;909.8;110;11821455850;S
20241225;100748;910;183;11821455956;B
20241225;100749;910;200;11821456061;B
20241225;100750;910;384;11821456264;B
20241225;100750;910;5;11821456265;B
20241225;100750;910;100;11821456266;B
20241225;100750;910;11;11821456267;B
20241225;100750;910;1;11821456312;B
20241225;100750;910;98;11821456426;B
20241225;100750;910;10;11821456427;B
20241225;100750;910;92;11821456428;B
20241225;100751;910;58;11821456452;B
20241225;100751;910;442;11821456453;B
20241225;100752;910;58;11821456822;B
20241225;100752;910;42;11821456823;B
20241225;100755;910;16;11821457305;B
20241225;100756;910;20;11821457612;B
20241225;100756;910;1;11821457616;B
20241225;100756;910;5;11821457631;B
20241225;100758;910;30;11821457930;B
20241225;100800;910;3;11821458376;B
20241225;100801;910;13;11821458513;B
20241225;100801;910;87;11821458514;B
20241225;100803;910;163;11821459071;B
20241225;100803;910;300;11821459072;B
20241225;100803;910;100;11821459073;B
20241225;100803;910;200;11821459074;B
20241225;100803;910;100;11821459075;B
20241225;100803;910;11;11821459076;B
20241225;100803;910;8;11821459077;B
20241225;100803;910;10;11821459078;B
20241225;100803;910;25;11821459079;B
20241225;100804;910.2;2;11821459158;S
20241225;100804;910.4;300;11821459159;B
20241225;100804;910.6;5;11821459160;B
20241225;100804;910.8;1;11821459161;B
20241225;100804;910.8;206;11821459162;B
20241225;100804;911;6;11821459163;B
20241225;100804;911;15;11821459164;B
20241225;100804;911;118;11821459165;B
20241225;100804;911.2;700;11821459166;B
20241225;100804;911.4;428;11821459167;B
20241225;100804;911.4;4;11821459168;B
20241225;100804;911.6;452;11821459169;B
20241225;100804;911.6;10;11821459170;B
20241225;100804;911.6;20;11821459171;B
20241225;100804;911.8;340;11821459172;B
20241225;100804;911.8;200;11821459173;B
20241225;100804;912;330;11821459174;B
20241225;100804;912;100;11821459175;B
20241225;100804;912;482;11821459176;B
20241225;100804;912.2;50;11821459177;B
20241225;100804;912.2;42;11821459178;B
20241225;100804;912.4;482;11821459179;B
20241225;100804;912.6;50;11821459180;B
20241225;100804;912.6;1;11821459181;B
20241225;100804;912.6;158;11821459182;B
20241225;100804;912.4;118;11821459183;B
20241225;100804;912.8;16;11821459184;B
20241225;100804;912.8;500;11821459185;B
20241225;100804;912.4;16;11821459188;S
20241225;100804;912.6;10;11821459270;B
20241225;100804;912.6;54;11821459276;B
20241225;100804;912.6;1;11821459277;B
20241225;100804;912.6;5;11821459279;B
20241225;100805;912.6;48;11821459309;B
20241225;100805;913;2;11821459310;B
20241225;100805;912.8;21;11821459333;B
20241225;100805;912.8;11;11821459390;B
20241225;100805;912.8;2;11821459423;B
20241225;100805;912.8;2;11821459424;B
20241225;100805;912.8;2;11821459425;B
20241225;100805;912.8;54;11821459439;B
20241225;100805;912.8;26;11821459444;B
20241225;100805;913;7;11821459445;B
20241225;100805;912.6;236;11821459447;S
20241225;100805;912.6;236;11821459449;S
20241225;100805;912.8;23;11821459472;B
20241225;100805;912.8;9;11821459493;B
20241225;100806;912.4;236;11821459520;S
20241225;100806;912.4;33;11821459521;S
20241225;100806;912.2;5;11821459522;S
20241225;100806;912;50;11821459523;S
20241225;100806;911.8;412;11821459524;S
20241225;100806;912.6;224;11821459525;S
20241225;100810;911.8;70;11821460449;S
20241225;100812;911.8;328;11821460964;S
20241225;100812;911.4;150;11821461006;S
20241225;100816;911.4;1;11821461589;S
20241225;100820;911.8;172;11821462370;B
20241225;100820;912;18;11821462371;B
20241225;100822;911.6;38;11821462763;B
20241225;100822;912;4;11821462764;B
20241225;100822;912;10;11821462765;B
20241225;100822;912;100;11821462766;B
20241225;100824;912.2;250;11821463504;B
20241225;100824;912.4;40;11821463505;B
20241225;100824;912.8;300;11821463506;B
20241225;100824;912.8;31;11821463507;B
20241225;100826;912.2;100;11821463707;S
20241225;100826;912.8;11;11821463718;B
20241225;100828;912.2;5;11821464119;B
20241225;100832;912;1;11821464739;S
20241225;100832;912;1;11821464740;S
20241225;100834;912;91;11821465016;S
20241225;100834;912;91;11821465036;S
20241225;100835;912.2;5;11821465248;B
20241225;100835;912.2;95;11821465249;B
20241225;100835;912;100;11821465365;S
20241225;100835;912;64;11821465387;S
20241225;100835;912;10;11821465388;S
20241225;100835;911.8;4;11821465389;S
20241225;100835;911.8;49;11821465390;S
20241225;100835;911.6;326;11821465391;S
20241225;100835;911.4;1;11821465392;S
20241225;100835;911.4;700;11821465393;S
20241225;100835;911.4;700;11821465394;S
20241225;100835;911.4;118;11821465395;S
20241225;100835;910.6;4;11821465396;S
20241225;100835;910.6;32;11821465397;S
20241225;100835;910.4;200;11821465398;S
20241225;100835;910.2;292;11821465399;S
20241225;100836;910.8;3;11821465424;B
20241225;100836;911.2;2;11821465476;B
20241225;100839;911.2;3;11821466024;B
20241225;100840;911.4;4;11821466177;B
20241225;100842;910.8;4;11821466431;S
20241225;100842;910.6;46;11821466432;S
20241225;100842;910.6;10;11821466544;S
20241225;100843;911.2;23;11821466626;B
20241225;100843;911.2;4;11821466627;B
20241225;100843;911.4;46;11821466628;B
20241225;100845;911.4;10;11821466944;B
20241225;100845;911.4;23;11821466947;B
20241225;100846;910.8;1;11821467114;S
20241225;100847;910.8;117;11821467308;S
20241225;100847;910.6;3;11821467309;S
20241225;100847;910.6;2;11821467310;S
20241225;100847;911.2;1;11821467320;B
20241225;100847;911.4;249;11821467321;B
20241225;100847;911.4;34;11821467322;B
20241225;100847;911.4;328;11821467323;B
20241225;100847;911.6;700;11821467324;B
20241225;100847;911.6;118;11821467325;B
20241225;100847;911.8;700;11821467326;B
20241225;100847;912;1;11821467327;B
20241225;100847;912.2;110;11821467328;B
20241225;100847;912.4;10;11821467329;B
20241225;100847;912.6;563;11821467330;B
20241225;100847;912.6;350;11821467331;B
20241225;100847;912.8;328;11821467332;B
20241225;100847;912.8;500;11821467333;B
20241225;100847;912.8;100;11821467334;B
20241225;100847;913;4;11821467335;B
20241225;100847;913;67;11821467336;B
20241225;100847;913;69;11821467337;B
20241225;100847;913;10;11821467338;B
20241225;100847;913;300;11821467339;B
20241225;100847;913;10;11821467340;B
20241225;100847;913;448;11821467341;B
20241225;100849;912.6;13;11821467746;B
20241225;100851;912.6;2;11821468061;B
20241225;100851;912.6;3;11821468137;B
20241225;100851;912;20;11821468221;S
20241225;100853;911.4;10;11821468684;S
20241225;100853;911.2;3;11821468685;S
20241225;100853;911.2;26;11821468686;S
20241225;100855;911.2;2;11821468933;B
20241225;100855;911;6;11821469090;S
20241225;100857;911.2;95;11821469354;B
20241225;100858;911.4;20;11821469466;B
20241225;100859;911.2;2;11821469594;B
20241225;100902;911;1;11821470246;S
20241225;100902;911.2;3;11821470462;B
20241225;100904;911.2;25;11821470724;S
20241225;100904;911.2;21;11821470725;S
20241225;100905;910.8;3;11821471088;S
20241225;100905;910.8;22;11821471115;S
20241225;100906;911;10;11821471175;B
20241225;100908;911;2;11821471560;B
20241225;100909;911;10;11821471694;B
20241225;100909;910.8;3;11821471741;S
20241225;100909;910.8;88;11821471771;S
20241225;100910;910.6;114;11821471914;S
20241225;100910;910.8;2;11821471965;B
20241225;100912;910.4;15;11821472281;S
20241225;100912;910.4;3;11821472304;S
20241225;100912;910.8;10;11821472339;B
20241225;100915;910.8;1;11821472912;B
20241225;100915;910.4;1;11821472913;S
20241225;100915;910.8;10;11821472916;B
20241225;100915;910.4;65;11821472951;S
20241225;100915;910.6;7;11821472992;S
20241225;100917;910.8;20;11821473292;B
20241225;100920;910.6;236;11821473784;B
20241225;100920;910.6;7;11821473796;B
20241225;100920;910.8;229;11821473797;B
20241225;100920;910.8;1;11821473808;B
20241225;100920;910.8;108;11821473809;B
20241225;100925;910.8;3;11821474459;S
20241225;100925;910.6;3;11821474482;S
20241225;100925;910.6;6;11821474491;B
20241225;100925;910.6;118;11821474492;B
20241225;100926;910.6;108;11821474955;B
20241225;100926;911;10;11821475011;B
20241225;100926;910.6;72;11821475095;S
20241225;100927;910.6;33;11821475143;S
20241225;100928;910.6;1;11821475419;S
20241225;100928;910.6;1;11821475420;S
20241225;100928;910.6;2;11821475446;B
20241225;100928;910.8;114;11821475527;B
20241225;100928;910.8;108;11821475528;B
20241225;100928;910.8;14;11821475529;B
20241225;100928;910.6;110;11821475532;B
20241225;100928;910.6;108;11821475533;B
20241225;100929;910.6;18;11821475631;S
20241225;100929;910.4;10;11821475688;S
20241225;100929;910.4;81;11821475689;S
20241225;100929;910.4;73;11821475697;S
20241225;100929;910.6;200;11821475861;B
20241225;100929;910.6;5;11821475873;B
20241225;100930;910.6;1;11821475966;B
20241225;100932;910.4;8;11821476360;S
20241225;100932;910.6;1;11821476484;B
20241225;100932;910.6;2;11821476529;B
20241225;100933;910.8;11;11821476686;B
20241225;100933;910.8;11;11821476687;B
20241225;100933;911;20;11821476688;B
20241225;100933;911;6;11821476689;B
20241225;100933;911.2;6;11821476690;B
20241225;100934;911.2;100;11821476827;S
20241225;100934;910.4;118;11821476911;S
20241225;100934;910.4;4;11821476912;S
20241225;100934;910.4;178;11821476913;S
20241225;100936;911.2;200;11821477194;B
20241225;100936;911.2;45;11821477195;B
20241225;100936;911.4;100;11821477196;B
20241225;100936;911.4;118;11821477197;B
20241225;100936;911.6;328;11821477198;B
20241225;100936;911.6;328;11821477199;B
20241225;100936;911.8;700;11821477200;B
20241225;100936;912;50;11821477201;B
20241225;100936;912;5;11821477202;B
20241225;100936;912;4;11821477203;B
20241225;100936;912;700;11821477204;B
20241225;100936;912.2;16;11821477205;B
20241225;100936;912.4;350;11821477206;B
20241225;100936;912.6;21;11821477207;B
20241225;100936;912.6;300;11821477208;S
20241225;100936;912.6;500;11821477209;S
20241225;100936;912.8;32;11821477211;S
20241225;100936;912.8;700;11821477247;S
20241225;100936;912.6;236;11821477260;S
20241225;100936;912.6;300;11821477261;S
20241225;100936;912.6;236;11821477266;S
20241225;100936;912.6;236;11821477322;S
20241225;100936;912.6;236;11821477337;S
20241225;100936;912.6;160;11821477374;S
20241225;100936;912.4;3;11821477377;S
20241225;100937;911.8;433;11821477560;S
20241225;100937;911.8;67;11821477561;S
20241225;100937;911.4;6;11821477660;S
20241225;100939;911.6;8;11821477936;B
20241225;100939;911.4;2;11821478066;S
20241225;100940;911.6;1;11821478099;B
20241225;100940;911.6;5;11821478178;B
20241225;100942;911.4;24;11821478484;S
20241225;100943;911.4;24;11821478572;B
20241225;100944;911.6;10;11821478762;B
20241225;100944;912.2;11;11821478763;B
20241225;100944;912.4;79;11821478764;B
20241225;100944;911.6;3;11821478842;B
20241225;100944;911.8;2;11821478843;B
20241225;100948;911.4;2;11821479415;S
20241225;100952;911.8;1;11821479851;B
20241225;100952;912;1;11821479852;B
20241225;100952;912.2;18;11821479853;B
20241225;100952;911.8;2;11821479900;B
20241225;100952;912;1;11821479901;B
20241225;100952;912;10;11821479902;B
20241225;100952;912.2;7;11821479903;B
20241225;100952;912.2;1;11821479913;B
20241225;100952;912.2;13;11821479934;B
20241225;100952;912.2;12;11821479935;B
20241225;100955;912;2;11821480286;B
20241225;100955;912.2;12;11821480287;B
20241225;100955;912.2;2;11821480288;B
20241225;100955;912.2;1;11821480289;B
20241225;100955;911.6;2;11821480290;S
20241225;100955;911.6;2;11821480315;S
20241225;100955;911.6;50;11821480375;S
20241225;100957;912.2;1;11821480610;B
20241225;101001;912.2;96;11821481304;S
20241225;101001;912;4;11821481305;S
20241225;101002;912.2;108;11821481452;B
20241225;101002;912.4;500;11821481453;B
20241225;101002;912.4;4;11821481454;B
20241225;101002;912.4;388;11821481455;S
20241225;101002;912.4;118;11821481456;S
20241225;101005;912.4;31;11821481967;B
20241225;101005;912.4;89;11821481968;B
20241225;101005;912.6;148;11821481969;B
20241225;101005;912.6;1;11821481970;B
20241225;101005;912.6;108;11821481971;B
20241225;101005;913;92;11821481972;B
20241225;101005;913.2;50;11821481973;B
20241225;101005;913.2;20;11821481974;B
20241225;101005;913.2;11;11821481975;B
20241225;101005;913.2;1;11821481976;B
20241225;101005;913.2;118;11821481977;B
20241225;101005;913.4;1;11821481978;B
20241225;101005;913.4;178;11821481979;B
20241225;101005;913.4;328;11821481980;B
20241225;101005;913.4;328;11821481981;B
20241225;101005;913.4;32;11821481982;B
20241225;101005;913.6;1000;11821481983;B
20241225;101005;913.6;201;11821481984;B
20241225;101005;913.6;3;11821481985;B
20241225;101005;913.6;350;11821481986;B
20241225;101005;913.8;7;11821481987;B
20241225;101005;913.8;365;11821481988;B
20241225;101005;913.8;10;11821481989;B
20241225;101005;913.8;106;11821481990;B
20241225;101005;913.8;100;11821481991;B
20241225;101005;913.8;30;11821481992;B
20241225;101005;913.8;1;11821481993;B
20241225;101005;913.8;70;11821481994;B
20241225;101005;913.8;8;11821481995;B
20241225;101005;913.8;700;11821481996;B
20241225;101005;914;2;11821481997;B
20241225;101005;914;511;11821481998;B
20241225;101005;913.2;16;11821482013;B
20241225;101005;913.4;4;11821482014;B
20241225;101005;913.2;2;11821482021;B
20241225;101006;913.2;2;11821482080;B
20241225;101006;913.2;2;11821482124;B
20241225;101008;912.8;35;11821482409;S
20241225;101014;912.6;35;11821483535;S
20241225;101015;912.6;1;11821483824;S
20241225;101016;912.8;1;11821483840;B
20241225;101016;912.6;1;11821483877;S
20241225;101019;912.6;81;11821484370;S
20241225;101019;912.6;142;11821484371;S
20241225;101021;912.8;49;11821484617;B
20241225;101021;913.2;112;11821484618;B
20241225;101021;913.2;196;11821484619;S
20241225;101021;913;273;11821484620;B
20241225;101021;912.8;20;11821484763;S
20241225;101023;913;7;11821484971;B
20241225;101023;913.2;328;11821484972;B
20241225;101023;913.4;328;11821484973;B
20241225;101023;913.4;338;11821484974;B
20241225;101023;913.6;82;11821484975;B
20241225;101023;913.6;10;11821484976;B
20241225;101023;913.8;407;11821484977;B
20241225;101025;913.2;50;11821485594;S
20241225;101025;913.2;50;11821485601;S
20241225;101025;912.8;4;11821485632;S
20241225;101026;913.2;20;11821485786;S
20241225;101029;913.2;41;11821486192;S
20241225;101030;913.6;1;11821486289;B
20241225;101031;913.2;3;11821486528;S
20241225;101033;913.2;1;11821486689;B
20241225;101034;913;30;11821486901;S
20241225;101035;913;10;11821486952;S
20241225;101038;913.2;21;11821487341;B
20241225;101039;913;10;11821487480;S
20241225;101043;913;5;11821488097;B
20241225;101044;912.8;46;11821488475;S
20241225;101044;912.8;4;11821488476;S
20241225;101044;912.8;16;11821488545;S
20241225;101045;913;9;11821488598;B
20241225;101046;913;3;11821488817;B
20241225;101048;912.8;1;11821489035;S
20241225;101048;913;2;11821489069;B
20241225;101048;913;9;11821489070;B
20241225;101048;912.8;10;11821489141;S
20241225;101049;912.8;20;11821489189;S
20241225;101050;912.8;71;11821489414;S
20241225;101050;912.8;3;11821489415;S
20241225;101050;912.8;4;11821489416;S
20241225;101050;912.8;14;11821489417;S
20241225;101050;912.8;5;11821489418;S
20241225;101050;912.8;103;11821489419;S
20241225;101052;913;100;11821489710;B
20241225;101052;912.6;1;11821489817;S
20241225;101052;912.6;5;11821489818;S
20241225;101052;912.6;19;11821489819;S
20241225;101055;912.6;1;11821490090;S
20241225;101056;912.8;10;11821490329;B
20241225;101102;912.6;50;11821491241;S
20241225;101105;912.6;25;11821491835;S
20241225;101106;912.6;10;11821492113;S
20241225;101106;912.6;15;11821492114;S
20241225;101107;912.6;85;11821492248;S
20241225;101107;912.4;3;11821492249;S
20241225;101107;912.4;2;11821492250;S
20241225;101107;912.4;4;11821492251;S
20241225;101107;912.2;2;11821492252;S
20241225;101107;912.2;504;11821492253;S
20241225;101108;912.6;1;11821492368;B
20241225;101108;912.8;4;11821492369;B
20241225;101113;912.6;1;11821493203;B
20241225;101124;912.6;1;11821494526;B
20241225;101126;912.6;80;11821494784;B
20241225;101126;912.6;20;11821494785;B
20241225;101129;912.4;50;11821495311;S
20241225;101132;912.4;1;11821495648;B
20241225;101134;912.6;1;11821496002;B
20241225;101136;912.4;1;11821496250;S
20241225;101136;912.4;2;11821496273;S
20241225;101137;912.6;34;11821496374;B
20241225;101142;912.2;1;11821497108;S
20241225;101146;912.6;50;11821497872;B
20241225;101146;912.6;50;11821497873;B
20241225;101157;912.4;50;11821499696;B
20241225;101204;912;1;11821500698;S
20241225;101205;912;15;11821500855;S
20241225;101206;912.2;3;11821501116;B
20241225;101213;912.2;1;11821502329;B
20241225;101214;912.2;1;11821502504;B
20241225;101216;912;100;11821502815;S
20241225;101218;912.2;3;11821503127;B
20241225;101221;912.2;1;11821503772;B
20241225;101222;912.2;2;11821503868;B
20241225;101224;912;1;11821504211;S
20241225;101226;912.2;1;11821504526;B
20241225;101226;912.2;1;11821504618;B
20241225;101228;912;16;11821504937;S
20241225;101229;912;10;11821505076;S
20241225;101231;912;153;11821505297;S
20241225;101231;912;100;11821505314;S
20241225;101232;912.2;2;11821505664;B
20241225;101234;912.2;4;11821505955;B
20241225;101236;912.2;2;11821506247;B
20241225;101241;912;1;11821506844;S
20241225;101241;912.2;16;11821506983;B
20241225;101243;912;6;11821507208;S
20241225;101243;912;1;11821507245;S
20241225;101243;912;10;11821507251;S
20241225;101244;912;10;11821507312;S
20241225;101244;912;8;11821507378;S
20241225;101247;912;1;11821507692;S
20241225;101249;912.2;5;11821508107;B
20241225;101250;912.2;1;11821508236;B
20241225;101250;912;54;11821508284;S
20241225;101252;912.2;1;11821508539;B
20241225;101254;912.2;3;11821508761;B
20241225;101254;912.2;7;11821508762;B
20241225;101257;912.2;1;11821509215;B
20241225;101301;912;509;11821509815;S
20241225;101301;912;10;11821509816;S
20241225;101301;912;107;11821509817;S
20241225;101301;912;1;11821509818;S
20241225;101301;912;1;11821509819;S
20241225;101301;912;20;11821509820;S
20241225;101301;912;79;11821509821;S
20241225;101301;912;118;11821509822;S
20241225;101301;911.6;148;11821509958;S
20241225;101301;911.6;45;11821509959;S
20241225;101301;911.6;13;11821509960;S
20241225;101306;911.6;5;11821510905;B
20241225;101307;911.6;1;11821511067;B
20241225;101312;911.2;1;11821512095;S
20241225;101318;911.2;1;11821513137;S
20241225;101319;911.2;117;11821513306;S
20241225;101319;911.2;21;11821513307;S
20241225;101319;911.2;28;11821513308;S
20241225;101319;911.2;8;11821513309;S
20241225;101319;911;1;11821513310;S
20241225;101319;911;1;11821513311;S
20241225;101319;911;2;11821513312;S
20241225;101319;911;80;11821513313;S
20241225;101321;911.6;1;11821513508;B
20241225;101321;911.4;2;11821513545;S
20241225;101322;911.2;5;11821513795;S
20241225;101322;911.2;45;11821513796;S
20241225;101322;911.2;55;11821513797;S
20241225;101322;911.2;295;11821513798;S
20241225;101323;911.6;2;11821513966;B
20241225;101327;911.2;20;11821514619;S
20241225;101332;911.2;1;11821515594;B
20241225;101334;911;5;11821515884;S
20241225;101334;911;67;11821515885;S
20241225;101334;911;48;11821515886;S
20241225;101335;911.4;26;11821516273;B
20241225;101335;911.4;62;11821516274;B
20241225;101335;911.4;167;11821516276;B
20241225;101335;911.4;73;11821516278;B
20241225;101335;911.4;110;11821516279;B
20241225;101335;911.4;21;11821516280;B
20241225;101335;911.4;12;11821516281;B
20241225;101335;911.4;13;11821516283;B
20241225;101335;911.4;10;11821516285;B
20241225;101335;911.4;21;11821516287;B
20241225;101335;911.6;13;11821516290;B
20241225;101335;911.6;14;11821516291;B
20241225;101335;911.6;219;11821516292;B
20241225;101335;911.8;1;11821516294;B
20241225;101336;911.8;104;11821516460;S
20241225;101336;911.8;118;11821516461;S
20241225;101336;911.6;98;11821516462;S
20241225;101336;911.6;680;11821516463;S
20241225;101342;912;1;11821518155;B
20241225;101342;912;39;11821518156;B
20241225;101348;912.2;20;11821519186;B
20241225;101351;912;2;11821519781;S
20241225;101352;912;44;11821519958;S
20241225;101354;912.2;30;11821520520;B
20241225;101354;912.2;1;11821520521;B
20241225;101354;912.2;19;11821520522;B
20241225;101356;912.2;6;11821520795;B
20241225;101356;912.2;431;11821520796;B
20241225;101356;912.2;148;11821520797;B
20241225;101357;912.2;32;11821521153;B
20241225;101357;912.2;40;11821521154;B
20241225;101358;912.2;8;11821521429;B
20241225;101358;912.2;9;11821521430;B
20241225;101401;912;20;11821522122;S
20241225;101404;912.2;121;11821522589;B
20241225;101407;912.2;4;11821522968;B
20241225;101410;912;30;11821523330;S
20241225;101410;912;118;11821523331;S
20241225;101410;912;17;11821523332;S
20241225;101410;912;40;11821523333;S
20241225;101410;912;1;11821523334;S
20241225;101410;911.8;328;11821523335;S
20241225;101410;911.8;40;11821523336;S
20241225;101410;911.6;210;11821523337;S
20241225;101410;911.4;1;11821523338;S
20241225;101410;911.4;82;11821523339;S
20241225;101410;911.4;133;11821523340;S
20241225;101412;912;1;11821523661;B
20241225;101413;912;2;11821523692;B
20241225;101413;912;1;11821523700;B
20241225;101420;911.8;1;11821524901;B
20241225;101427;911.4;77;11821525637;S
20241225;101435;911.6;3;11821526983;B
20241225;101438;911.6;2;11821527342;B
20241225;101440;911.8;25;11821527560;B
20241225;101441;911.2;4;11821527727;S
20241225;101442;911.6;3;11821528072;B
20241225;101443;911.2;1;11821528170;S
20241225;101445;911.8;4;11821528397;B
20241225;101445;911.2;1;11821528403;S
20241225;101447;911.4;82;11821528877;B
20241225;101447;911.4;81;11821528878;B
20241225;101447;911.4;24;11821528879;B
20241225;101447;911.4;13;11821528880;B
20241225;101453;911.6;4;11821529714;B
20241225;101456;911.8;1;11821530054;B
20241225;101459;911.4;1;11821530509;S
20241225;101501;911.8;10;11821531094;B
20241225;101501;911.4;16;11821531144;S
20241225;101501;911.4;34;11821531145;S
20241225;101505;911.4;84;11821532027;S
20241225;101505;911.2;2;11821532028;S
20241225;101505;911.2;82;11821532029;S
20241225;101505;911.2;71;11821532030;S
20241225;101505;911;2;11821532031;S
20241225;101505;911;1;11821532032;S
20241225;101505;911;210;11821532033;S
20241225;101505;911;482;11821532034;S
20241225;101505;911;66;11821532035;S
20241225;101512;911.6;1;11821533245;B
20241225;101514;911.6;7;11821533824;B
20241225;101514;911.6;10;11821533825;B
20241225;101514;911.6;7;11821533826;B
20241225;101514;911.6;2;11821533827;B
20241225;101514;911.6;8;11821533828;B
20241225;101514;911.6;14;11821533829;B
20241225;101514;911.6;19;11821533833;B
20241225;101515;911.8;52;11821534132;S
20241225;101515;911.8;22;11821534133;S
20241225;101515;911.8;96;11821534186;S
20241225;101515;911.8;126;11821534187;S
20241225;101515;911.6;78;11821534188;S
20241225;101516;912;40;11821534334;B
20241225;101516;912;10;11821534335;B
20241225;101516;912;2;11821534336;B
20241225;101516;912;50;11821534337;B
20241225;101516;912;50;11821534338;B
20241225;101516;912.2;7;11821534339;B
20241225;101516;912.2;4;11821534340;B
20241225;101516;912.2;1;11821534341;B
20241225;101516;912.2;10;11821534342;B
20241225;101516;912.4;20;11821534343;B
20241225;101516;912.4;10;11821534344;B
20241225;101516;912.4;47;11821534345;B
20241225;101523;912;300;11821535399;S
20241225;101523;912;118;11821535400;S
20241225;101523;911.8;1;11821535401;S
20241225;101523;911.8;26;11821535402;S
20241225;101523;911.8;2;11821535403;S
20241225;101523;911.8;210;11821535404;S
20241225;101523;911.6;343;11821535405;S
20241225;101532;912.4;82;11821537429;B
20241225;101532;912.6;10;11821537430;B
20241225;101532;912.6;200;11821537431;B
20241225;101532;912.6;8;11821537432;B
20241225;101536;912.6;5;11821537880;B
20241225;101536;912.6;1;11821538051;B
20241225;101536;912.6;1;11821538052;B
20241225;101537;912.6;1;11821538131;B
20241225;101539;912.4;20;11821538467;S
20241225;101541;912.6;34;11821538765;B
20241225;101541;912.6;2;11821538766;B
20241225;101541;912.8;102;11821538767;B
20241225;101541;912.8;2;11821538768;B
20241225;101541;912.8;10;11821538769;B
20241225;101542;912.6;50;11821538818;S
20241225;101542;912.6;11;11821538974;S
20241225;101545;912.8;1;11821539419;B
20241225;101546;912.8;19;11821539569;B
20241225;101546;913;1;11821539570;B
20241225;101546;913;10;11821539571;B
20241225;101546;913;5;11821539572;B
20241225;101546;913;50;11821539573;B
20241225;101546;913;1;11821539574;B
20241225;101546;913;68;11821539575;B
20241225;101547;912.6;5;11821539842;S
20241225;101547;913;82;11821539896;B
20241225;101547;913;5;11821539897;B
20241225;101547;913;67;11821539898;B
20241225;101547;913;100;11821539899;B
20241225;101547;913;9;11821539900;B
20241225;101548;913.2;1;11821539950;B
20241225;101549;913.2;1;11821540114;B
20241225;101551;913;16;11821540533;S
20241225;101551;913.2;5;11821540618;B
20241225;101552;913.2;3;11821540673;B
20241225;101552;913.2;2;11821540699;B
20241225;101557;912.8;1;11821541598;S
20241225;101558;913.2;5;11821541652;B
20241225;101609;913.2;3;11821543810;B
20241225;101609;913.2;10;11821543811;B
20241225;101609;913.2;7;11821543812;B
20241225;101611;913.2;1;11821544156;B
20241225;101616;913.2;1;11821545253;B
20241225;101616;912.8;2;11821545342;S
20241225;101616;912.8;5;11821545379;S
20241225;101616;913;152;11821545498;B
20241225;101616;913;65;11821545499;B
20241225;101616;913;3;11821545500;B
20241225;101616;913.2;41;11821545501;B
20241225;101616;913.2;54;11821545502;B
20241225;101616;913.2;50;11821545503;B
20241225;101616;913.2;30;11821545504;B
20241225;101616;913.2;59;11821545505;B
20241225;101616;913.2;10;11821545506;B
20241225;101616;913.2;109;11821545507;B
20241225;101616;913.2;41;11821545508;B
20241225;101616;913.4;50;11821545509;B
20241225;101616;913.4;328;11821545510;B
20241225;101616;913.4;8;11821545511;B
20241225;101618;912.8;1;11821545939;S
20241225;101618;913;1;11821546009;S
20241225;101619;912.8;8;11821546089;S
20241225;101622;913;1;11821546694;B
20241225;101622;913;42;11821546695;B
20241225;101622;913.2;74;11821546696;B
20241225;101622;913;10;11821546713;B
20241225;101622;913.2;1;11821546714;B
20241225;101622;912.6;7;11821546747;S
20241225;101625;912.6;2;11821547228;S
20241225;101626;912.6;1;11821547264;S
20241225;101627;912.6;3;11821547535;S
20241225;101627;912.6;3;11821547570;S
20241225;101627;912.6;31;11821547589;S
20241225;101627;912.6;5;11821547599;S
20241225;101627;912.6;1;11821547600;S
20241225;101627;912.4;156;11821547621;S
20241225;101627;912.4;17;11821547633;S
20241225;101627;912.4;7;11821547639;S
20241225;101627;912.4;1;11821547640;S
20241225;101627;912.2;1;11821547651;S
20241225;101627;912.2;6;11821547652;S
20241225;101627;912.2;11;11821547654;S
20241225;101627;912;10;11821547662;S
20241225;101627;912;1;11821547663;S
20241225;101627;912;64;11821547664;S
20241225;101627;912;24;11821547675;S
20241225;101627;912.2;198;11821547690;S
20241225;101627;912.2;31;11821547698;S
20241225;101627;912.2;99;11821547700;S
20241225;101627;912.2;2;11821547721;B
20241225;101627;912;1;11821547723;S
20241225;101627;911.8;100;11821547729;B
20241225;101627;911.6;1;11821547741;S
20241225;101627;911.6;2;11821547742;S
20241225;101628;911.6;2;11821547996;B
20241225;101630;911.4;1;11821548373;S
20241225;101630;911.4;49;11821548374;S
20241225;101630;911.4;5;11821548375;S
20241225;101633;911.2;3;11821549366;B
20241225;101633;911.2;2;11821549367;B
20241225;101633;911;30;11821549368;S
20241225;101633;911;67;11821549369;S
20241225;101633;911;82;11821549370;S
20241225;101633;911;10;11821549412;S
20241225;101636;911;1;11821549844;B
20241225;101636;911;7;11821549882;B
20241225;101637;910.8;1;11821550084;S
20241225;101637;910.8;1;11821550085;S
20241225;101637;910.8;2;11821550086;S
20241225;101637;910.8;33;11821550087;S
20241225;101638;911;1;11821550153;B
20241225;101643;911;1;11821551070;B
20241225;101645;911;40;11821551323;B
20241225;101645;911;1;11821551328;B
20241225;101646;910.8;200;11821551469;S
20241225;101647;911;5;11821551593;B
20241225;101650;911;3;11821551947;B
20241225;101650;911;1;11821551964;B
20241225;101650;911;4;11821552012;B
20241225;101651;911;76;11821552331;B
20241225;101651;911;30;11821552332;B
20241225;101651;911.2;25;11821552335;B
20241225;101651;911.4;67;11821552336;B
20241225;101651;911.6;40;11821552345;B
20241225;101655;911.8;82;11821552938;S
20241225;101655;911.8;139;11821552939;S
20241225;101655;911.8;118;11821552940;S
20241225;101655;911.6;161;11821552941;S
20241225;101705;912;2;11821554030;S
20241225;101714;911.6;115;11821555044;S
20241225;101714;911.6;85;11821555059;S
20241225;101714;911.6;82;11821555060;B
20241225;101715;911.6;3;11821555232;S
20241225;101716;911.8;40;11821555442;B
20241225;101716;911.6;87;11821555443;S
20241225;101716;911.6;28;11821555444;S
20241225;101718;911.6;10;11821555590;B
20241225;101718;911.4;22;11821555669;S
20241225;101719;911.6;1;11821555789;B
20241225;101719;911.4;2;11821555796;S
20241225;101724;911.8;2;11821556455;B
20241225;101728;911.6;1;11821557196;B
20241225;101732;911.4;55;11821557694;S
20241225;101732;911.6;1;11821557767;B
20241225;101732;911.6;39;11821557768;B
20241225;101733;911.6;10;11821557938;B
20241225;101734;911.6;1;11821558048;B
20241225;101751;911.8;67;11821560638;B
20241225;101751;911.8;44;11821560639;B
20241225;101758;911.8;5;11821561750;B
20241225;101758;911.8;30;11821561755;B
20241225;101802;911.8;5;11821562287;B
20241225;101803;911.6;1;11821562437;S
20241225;101803;911.8;8;11821562446;B
20241225;101803;911.8;21;11821562447;B
20241225;101803;911.8;4;11821562448;B
20241225;101803;911.8;328;11821562449;B
20241225;101803;911.8;29;11821562450;B
20241225;101803;912;47;11821562451;B
20241225;101803;912;50;11821562452;B
20241225;101803;912;210;11821562453;B
20241225;101803;912;100;11821562454;B
20241225;101803;912;49;11821562455;B
20241225;101803;912;118;11821562456;B
20241225;101803;912.2;4;11821562457;B
20241225;101806;912.2;118;11821562779;S
20241225;101806;912.2;72;11821562780;S
20241225;101806;912;4810;11821562781;S
20241225;101806;912;120;11821562782;S
20241225;101806;912;106;11821562783;S
20241225;101806;912;129;11821562784;S
20241225;101806;912;81;11821562785;S
20241225;101806;911.8;2;11821562786;S
20241225;101806;911.6;1;11821562787;S
20241225;101806;911.4;121;11821562788;S
20241225;101806;911.4;2;11821562789;S
20241225;101806;911.4;185;11821562790;S
20241225;101808;911.4;50;11821563098;S
20241225;101809;911.6;5;11821563253;B
20241225;101814;911.6;10;11821563979;S
20241225;101818;911.6;10;11821564570;S
20241225;101818;911.8;100;11821564614;B
20241225;101818;911.8;8;11821564615;B
20241225;101823;912;1;11821565439;B
20241225;101824;911.6;39;11821565464;S
20241225;101824;911.6;9;11821565465;S
20241225;101824;911.6;12;11821565466;S
20241225;101824;911.6;34;11821565467;S
20241225;101824;911.6;6;11821565468;S
20241225;101828;911.8;1;11821566187;B
20241225;101832;911.8;4;11821566597;B
20241225;101832;912;179;11821566709;B
20241225;101832;912;21;11821566710;B
20241225;101835;912;1;11821567231;B
20241225;101838;911.6;2;11821567696;S
20241225;101844;911.6;3;11821568427;S
20241225;101846;911.8;50;11821568653;B
20241225;101848;911.8;5;11821568991;B
20241225;101850;911.6;50;11821569181;S
20241225;101855;911.6;3;11821569857;S
20241225;101856;911.8;1;11821569961;B
20241225;101857;911.8;5;11821570054;B
20241225;101857;911.6;4;11821570117;S
20241225;101857;911.6;2;11821570118;S
20241225;101857;911.6;13;11821570119;S
20241225;101857;911.6;10;11821570120;S
20241225;101857;911.6;62;11821570121;S
20241225;101857;911.6;57;11821570188;S
20241225;101857;911.4;50;11821570318;S
20241225;101859;911.4;50;11821570535;S
20241225;101900;911.4;50;11821570685;S
20241225;101900;911.4;1;11821570686;S
20241225;101900;911.4;100;11821570687;S
20241225;101900;911.4;2;11821570688;S
20241225;101900;911.4;20;11821570689;S
20241225;101900;911.4;46;11821570690;B
20241225;101900;911.4;54;11821570691;B
20241225;101900;911.2;100;11821570692;S
20241225;101900;911.2;2;11821570693;S
20241225;101900;911.4;64;11821570694;B
20241225;101900;911.4;136;11821570695;B
20241225;101900;911.2;34;11821570696;S
20241225;101900;911.2;66;11821570697;S
20241225;101900;911.2;6;11821570698;S
20241225;101900;911.2;8;11821570699;B
20241225;101900;911.4;4;11821570700;B
20241225;101902;911.6;35;11821570923;B
20241225;101904;911.8;1;11821571100;B
20241225;101904;911.8;9;11821571101;B
20241225;101905;911.8;11;11821571323;B
20241225;101907;911.6;64;11821571550;S
20241225;101907;911.6;64;11821571580;S
20241225;101907;911.6;12;11821571647;S
20241225;101907;911.6;12;11821571672;S
20241225;101908;911.6;213;11821571705;S
20241225;101908;911.6;277;11821571706;S
20241225;101908;911.4;17;11821571707;S
20241225;101908;911.4;71;11821571708;S
20241225;101908;911.4;142;11821571709;S
20241225;101908;911.4;58;11821571710;S
20241225;101908;911.4;1;11821571711;S
20241225;101908;911.2;100;11821571712;S
20241225;101908;911.2;72;11821571713;S
20241225;101908;911.4;100;11821571714;B
20241225;101908;911.2;27;11821571715;S
20241225;101908;911.2;154;11821571716;S
20241225;101908;911.2;19;11821571717;S
20241225;101908;911.2;1;11821571718;S
20241225;101908;911.4;73;11821571719;B
20241225;101908;911.4;82;11821571720;B
20241225;101908;911.4;145;11821571721;B
20241225;101908;911.2;99;11821571723;S
20241225;101908;911.4;1;11821571853;B
20241225;101909;911.4;5;11821571952;B
20241225;101911;911.2;100;11821572335;S
20241225;101911;911.2;70;11821572336;B
20241225;101911;911.2;130;11821572337;B
20241225;101911;911.2;198;11821572338;B
20241225;101911;911.2;2;11821572339;B
20241225;101911;911.2;200;11821572340;B
20241225;101911;911.2;100;11821572341;B
20241225;101913;911.4;20;11821572477;B
20241225;101913;911.4;1;11821572528;B
20241225;101914;911.2;100;11821572656;S
20241225;101914;911.2;100;11821572657;B
20241225;101914;911.2;79;11821572743;B
20241225;101914;911.2;95;11821572744;B
20241225;101915;911;1;11821572839;S
20241225;101915;911;1;11821572840;S
20241225;101915;911;10;11821572841;S
20241225;101915;911;20;11821572842;S
20241225;101915;911;2;11821572843;S
20241225;101915;911;16;11821572844;S
20241225;101915;911;6;11821572935;S
20241225;101917;911;11;11821573318;S
20241225;101917;911;17;11821573328;S
20241225;101917;911;33;11821573329;S
20241225;101918;911.2;7;11821573437;B
20241225;101918;911.2;38;11821573438;B
20241225;101918;911.2;5;11821573439;B
20241225;101920;911;42;11821573892;S
20241225;101928;911;10;11821575369;S
20241225;101928;911.2;1;11821575400;B
20241225;101929;911;115;11821575504;S
20241225;101929;911;100;11821575505;S
20241225;101929;911;1;11821575506;S
20241225;101929;911;7;11821575507;S
20241225;101929;911;2;11821575508;S
20241225;101929;911;100;11821575509;B
20241225;101929;910.8;20;11821575510;S
20241225;101929;910.8;100;11821575511;S
20241225;101929;911;175;11821575512;B
20241225;101929;911;25;11821575513;B
20241225;101929;911;83;11821575514;B
20241225;101929;911;17;11821575515;B
20241225;101929;911;100;11821575516;B
20241225;101929;911;3;11821575535;B
20241225;101929;911;100;11821575554;B
20241225;101932;911;15;11821575877;B
20241225;101932;911;85;11821575878;B
20241225;101932;911;1;11821575931;B
20241225;101934;910.8;10;11821576286;S
20241225;101936;911;3;11821576469;B
20241225;101938;911;19;11821576685;B
20241225;101938;911;81;11821576686;B
20241225;101938;911;69;11821576687;B
20241225;101938;911;31;11821576688;B
20241225;101941;910.8;190;11821577118;S
20241225;101941;910.8;100;11821577119;S
20241225;101941;910.8;118;11821577120;S
20241225;101941;910.8;103;11821577121;S
20241225;101941;910.6;2;11821577122;S
20241225;101941;910.6;5;11821577123;S
20241225;101941;910.6;982;11821577124;S
20241225;101941;911;77;11821577125;B
20241225;101941;911;10;11821577126;B
20241225;101942;911.2;1;11821577197;B
20241225;101944;911;13;11821577460;S
20241225;101944;911;86;11821577461;S
20241225;101945;911;32;11821577698;S
20241225;101947;911.2;44;11821577956;B
20241225;101953;911.4;1;11821578579;B
20241225;101954;911.2;50;11821578676;S
20241225;101957;911.2;11;11821578960;S
20241225;102001;911.2;1;11821579514;S
20241225;102003;911.2;2;11821579758;S
20241225;102005;911.2;31;11821579968;S
20241225;102008;911.4;2;11821580474;B
20241225;102009;911.4;3;11821580654;B
20241225;102011;911.2;1;11821580990;S
20241225;102014;911.4;1;11821581568;B
20241225;102015;911.2;4;11821581723;S
20241225;102015;911.2;15;11821581724;S
20241225;102015;911.2;31;11821581725;S
20241225;102018;911.4;93;11821582154;B
20241225;102018;911.4;5;11821582155;B
20241225;102018;911.4;2;11821582156;B
20241225;102019;911.4;5;11821582399;B
20241225;102020;911.4;15;11821582807;B
20241225;102020;911.4;7;11821582808;B
20241225;102020;911.4;8;11821582809;B
20241225;102022;911.2;23;11821583701;S
20241225;102022;911.2;77;11821583702;S
20241225;102023;911.4;5;11821584140;B
20241225;102023;911.4;2;11821584325;B
20241225;102023;911.4;6;11821584326;B
20241225;102023;911.4;6;11821584327;B
20241225;102025;911.4;5;11821585266;B
20241225;102027;911.2;91;11821586439;S
20241225;102027;911.2;9;11821586440;S
20241225;102028;911.4;1;11821586980;B
20241225;102029;911.4;1;11821588081;B
20241225;102030;911.2;23;11821588137;S
20241225;102030;911.2;62;11821588279;S
20241225;102035;911.4;13;11821591605;B
20241225;102035;911.4;6;11821591606;B
20241225;102035;911.4;6;11821591607;B
20241225;102040;911.2;27;11821593956;S
20241225;102040;911.4;4;11821594274;B
20241225;102040;911.4;46;11821594275;B
20241225;102042;911.2;20;11821595486;S
20241225;102046;911.4;4;11821597553;B
20241225;102047;911.2;1;11821597882;S
20241225;102047;911.2;61;11821597883;S
20241225;102047;911.2;2;11821597884;S
20241225;102047;911.2;1;11821597885;S
20241225;102047;911.2;22;11821597886;S
20241225;102047;911.2;4;11821597887;S
20241225;102047;911;82;11821597888;S
20241225;102047;911;25;11821597889;S
20241225;102047;911;100;11821597890;S
20241225;102047;911;1;11821597891;S
20241225;102047;911;61;11821597892;S
20241225;102047;910.8;100;11821597893;S
20241225;102047;910.8;118;11821597894;S
20241225;102047;910.6;18;11821597895;S
20241225;102047;910.6;20;11821597896;S
20241225;102047;910.6;2;11821597897;S
20241225;102047;910.6;82;11821597898;S
20241225;102047;910.6;300;11821597899;S
20241225;102047;911.4;6;11821598058;B
20241225;102047;911.4;11;11821598059;B
20241225;102049;911.2;1;11821599246;S
20241225;102056;911.4;3;11821602868;B
20241225;102056;911.4;6;11821602869;B
20241225;102056;911.4;103;11821602870;B
20241225;102056;911.4;15;11821602871;B
20241225;102056;911.4;108;11821602872;B
20241225;102056;911.6;128;11821602873;B
20241225;102056;911.6;37;11821602874;B
20241225;102056;911.6;12;11821602875;B
20241225;102056;911.4;6;11821602898;S
20241225;102056;911.4;6;11821602944;S
20241225;102056;911.4;6;11821602980;S
20241225;102056;911.4;6;11821603013;S
20241225;102056;911.4;6;11821603043;S
20241225;102056;911.4;6;11821603076;S
20241225;102056;911.4;6;11821603112;S
20241225;102056;911.4;5;11821603170;S
20241225;102057;911.6;1;11821603381;B
20241225;102057;911.6;50;11821603551;B
20241225;102100;911.4;10;11821604778;S
20241225;102102;911.6;1;11821606137;B
20241225;102103;911.6;39;11821606307;B
20241225;102103;911.6;65;11821606308;B
20241225;102103;911.6;56;11821606309;B
20241225;102103;911.6;630;11821606310;B
20241225;102103;911.6;150;11821606311;B
20241225;102103;911.6;60;11821606312;B
20241225;102103;911.6;84;11821606313;B
20241225;102103;911.6;95;11821606314;B
20241225;102103;911.6;102;11821606315;B
20241225;102103;911.6;42;11821606316;B
20241225;102103;911.6;2;11821606317;B
20241225;102103;911.8;31;11821606318;B
20241225;102103;911.8;3;11821606319;B
20241225;102103;911.8;25;11821606321;B
20241225;102103;911.8;5;11821606322;B
20241225;102103;911.8;43;11821606323;B
20241225;102103;911.8;27;11821606324;B
20241225;102103;911.8;26;11821606332;B
20241225;102103;911.8;43;11821606333;B
20241225;102103;911.8;2;11821606334;B
20241225;102103;911.8;5;11821606365;B
20241225;102103;912;10;11821606366;B
20241225;102103;912;7;11821606367;B
20241225;102103;912.2;4;11821606370;B
20241225;102103;912.2;1;11821606373;B
20241225;102103;912.2;25;11821606374;B
20241225;102103;912.2;1;11821606523;B
20241225;102107;912.2;1;11821608375;B
20241225;102108;912.2;10;11821608470;B
20241225;102108;912;12;11821608936;S
20241225;102108;912;58;11821608946;S
20241225;102108;912;10;11821608947;S
20241225;102108;912;36;11821608950;S
20241225;102108;911.8;194;11821608963;S
20241225;102108;911.6;56;11821608996;S
20241225;102108;911.6;73;11821608997;S
20241225;102109;911.4;1;11821609068;S
20241225;102109;911.4;45;11821609072;S
20241225;102109;911.4;19;11821609073;S
20241225;102109;911.4;5;11821609074;S
20241225;102109;911.4;41;11821609080;S
20241225;102109;911.4;10;11821609086;S
20241225;102109;911.4;7;11821609102;S
20241225;102109;911.2;1;11821609201;S
20241225;102110;911.2;1;11821610050;B
20241225;102110;911.2;1;11821610051;B
20241225;102111;911.2;51;11821610172;B
20241225;102111;911.2;85;11821610173;B
20241225;102111;911.2;23;11821610174;B
20241225;102111;911.2;27;11821610175;B
20241225;102111;911.2;80;11821610176;B
20241225;102111;911.4;10;11821610177;B
20241225;102111;911.4;82;11821610178;B
20241225;102111;911.6;19;11821610179;B
20241225;102111;911.6;1;11821610181;B
20241225;102111;911.6;7;11821610182;B
20241225;102111;911.6;8;11821610183;B
20241225;102111;911.6;30;11821610185;B
20241225;102113;911.8;3;11821611637;B
20241225;102123;911.8;2;11821616218;B
20241225;102127;911.6;84;11821618105;B
20241225;102127;911.6;56;11821618106;B
20241225;102135;911.6;1;11821621626;B
20241225;102141;911.6;3;11821624743;B
20241225;102144;911.4;5;11821626229;S
20241225;102155;911.6;23;11821630325;B
20241225;102157;911.6;50;11821630623;B
20241225;102202;911.6;472;11821631467;B
20241225;102202;911.8;30;11821631468;B
20241225;102202;912;12;11821631469;B
20241225;102202;912;210;11821631470;B
20241225;102210;912;2;11821633045;S
20241225;102211;912;5;11821633209;S
20241225;102213;912;1;11821633442;S
20241225;102216;912;151;11821633942;S
20241225;102217;912.2;13;11821634016;B
20241225;102217;912.2;32;11821634017;B
20241225;102223;912.2;3;11821635121;S
20241225;102223;912.4;50;11821635332;B
20241225;102223;912.2;32;11821635362;S
20241225;102223;912;44;11821635363;S
20241225;102223;912;18;11821635364;S
20241225;102223;912;143;11821635365;S
20241225;102223;912;118;11821635366;S
20241225;102223;911.8;210;11821635367;S
20241225;102223;911.8;35;11821635368;S
20241225;102225;911.8;48;11821635654;B
20241225;102226;911.8;19;11821636047;B
20241225;102226;912;8;11821636048;B
20241225;102226;912.2;3;11821636049;B
20241225;102227;912;17;11821636194;B
20241225;102229;912.2;17;11821636648;S
20241225;102230;912;6;11821636794;S
20241225;102232;912.4;1;11821637204;B
20241225;102233;912.2;1;11821637392;S
20241225;102234;912.4;1;11821637623;B
20241225;102234;912.4;20;11821637629;B
20241225;102234;912.4;28;11821637630;B
20241225;102234;912.4;1;11821637639;B
20241225;102234;912.4;1;11821637646;B
20241225;102235;912.4;6;11821637857;B
20241225;102235;912.4;14;11821637903;B
20241225;102235;912.4;109;11821637904;B
20241225;102235;912.4;13;11821637905;B
20241225;102235;912.4;2;11821637906;B
20241225;102235;912.4;20;11821637907;B
20241225;102235;912.6;41;11821637910;B
20241225;102235;912.6;4;11821637914;B
20241225;102235;912.6;55;11821637915;B
20241225;102235;912.6;5;11821637916;B
20241225;102235;912.6;1;11821638004;B
20241225;102235;912.8;1;11821638037;B
20241225;102236;912.6;6;11821638171;S
20241225;102236;912.6;6;11821638188;S
20241225;102236;912.4;18;11821638196;S
20241225;102236;912.6;10;11821638218;B
20241225;102236;912.2;9;11821638519;S
20241225;102237;912.4;5;11821638753;B
20241225;102238;912.2;2;11821638943;S
20241225;102239;912.2;11;11821639274;S
20241225;102240;912.4;1;11821639423;B
20241225;102241;912.2;2;11821639755;S
20241225;102241;912.2;5;11821639772;S
20241225;102241;912.2;1;11821639914;S
20241225;102241;912.2;3;11821639940;S
20241225;102243;912.4;10;11821640330;B
20241225;102245;912.2;47;11821640561;S
20241225;102245;912.2;118;11821640562;S
20241225;102245;912.2;82;11821640563;S
20241225;102245;912;640;11821640564;S
20241225;102246;912.4;129;11821640753;B
20241225;102251;912.4;15;11821641852;B
20241225;102251;912.4;180;11821641853;B
20241225;102251;912.4;44;11821641854;B
20241225;102251;912.6;82;11821641855;B
20241225;102251;912.6;210;11821641856;B
20241225;102251;912.6;118;11821641857;B
20241225;102251;912.8;33;11821641858;B
20241225;102251;912.8;50;11821641859;B
20241225;102251;912.8;268;11821641860;B
20241225;102253;912.2;5;11821642240;S
20241225;102253;912.2;1;11821642266;S
20241225;102254;912.4;2;11821642507;B
20241225;102254;912.4;14;11821642508;B
20241225;102254;912.4;84;11821642509;B
20241225;102255;912.4;13;11821642663;B
20241225;102255;912.4;328;11821642664;B
20241225;102255;912.6;172;11821642665;B
20241225;102255;912.6;35;11821642666;B
20241225;102255;912.6;118;11821642667;B
20241225;102255;912.8;334;11821642668;B
20241225;102258;912.8;1;11821643172;B
20241225;102259;912.2;10;11821643440;S
20241225;102259;912.4;1;11821643506;B
20241225;102259;912.6;1;11821643507;B
20241225;102303;912;2;11821644354;S
20241225;102304;912;5;11821644544;S
20241225;102308;912.2;50;11821645050;B
20241225;102309;912.2;20;11821645279;B
20241225;102313;912.2;40;11821645961;B
20241225;102313;912;255;11821645962;S
20241225;102313;912;75;11821645963;S
20241225;102313;912;8;11821645964;S
20241225;102313;912;118;11821645965;S
20241225;102313;912;10;11821645966;S
20241225;102313;911.8;7;11821645967;S
20241225;102315;911.8;2;11821646372;B
20241225;102317;912;1;11821646732;B
20241225;102319;911.8;1;11821646948;B
20241225;102324;912;2;11821647805;B
20241225;102325;912;1;11821647876;B
20241225;102325;911.8;1;11821647884;S
20241225;102325;911.8;42;11821647885;S
20241225;102328;912;118;11821648289;B
20241225;102328;912.2;82;11821648290;B
20241225;102328;912.2;12;11821648291;B
20241225;102328;912.2;148;11821648292;B
20241225;102328;912.2;210;11821648293;B
20241225;102328;912.2;30;11821648294;B
20241225;102328;912.4;1100;11821648295;B
20241225;102330;912.8;61;11821648653;B
20241225;102338;912.6;11;11821649855;B
20241225;102339;912.4;5;11821649908;S
20241225;102339;912.4;1;11821649919;S
20241225;102341;912.4;20;11821650129;S
20241225;102342;912.4;37;11821650423;S
20241225;102342;912.4;17;11821650424;S
20241225;102342;912.4;46;11821650425;S
20241225;102342;912.4;116;11821650426;S
20241225;102342;912.4;45;11821650427;S
20241225;102342;912.4;13;11821650428;S
20241225;102342;912;17;11821650429;S
20241225;102342;912;25;11821650430;S
20241225;102342;912;15;11821650431;S
20241225;102342;912;74;11821650432;S
20241225;102342;912;79;11821650433;S
20241225;102342;911.6;1;11821650434;S
20241225;102342;911.6;6;11821650435;S
20241225;102342;911.6;4;11821650436;S
20241225;102342;911.6;60;11821650437;S
20241225;102345;911.8;11;11821650736;B
20241225;102345;912;31;11821650737;B
20241225;102345;912.2;1;11821650744;B
20241225;102346;911.6;1;11821650915;S
20241225;102348;912;1;11821651299;B
20241225;102349;911.6;230;11821651364;S
20241225;102349;911.4;7;11821651365;S
20241225;102349;911.4;5;11821651366;S
20241225;102349;911.4;118;11821651367;S
20241225;102349;911.4;48;11821651368;S
20241225;102349;911.2;14;11821651369;S
20241225;102349;911.2;1;11821651370;S
20241225;102349;911.2;1;11821651371;S
20241225;102349;911.2;4;11821651372;S
20241225;102349;911.2;71;11821651373;S
20241225;102352;911.4;10;11821651851;S
20241225;102353;911.6;1;11821651934;B
20241225;102353;911.6;1;11821651935;B
20241225;102353;911.8;1;11821651936;B
20241225;102357;911.8;10;11821652462;B
20241225;102357;912;9;11821652463;B
20241225;102405;911.8;2;11821653799;S
20241225;102405;911.8;8;11821653804;S
20241225;102405;912;3;11821653879;B
20241225;102407;911.6;2;11821654135;S
20241225;102410;912;1;11821654525;B
20241225;102410;912;3;11821654526;B
20241225;102410;912.2;54;11821654650;B
20241225;102410;912.4;9;11821654651;B
20241225;102410;912.6;33;11821654652;B
20241225;102410;912.6;4;11821654653;B
20241225;102410;912;3;11821654654;S
20241225;102411;912.4;2;11821654704;B
20241225;102411;912.4;1;11821654734;B
20241225;102420;912.2;3;11821656048;S
20241225;102420;912;3;11821656049;S
20241225;102420;912;494;11821656050;S
20241225;102421;912.2;1;11821656115;B
20241225;102423;912.2;80;11821656378;B
20241225;102423;912.2;20;11821656379;B
20241225;102426;912.2;2;11821656898;B
20241225;102430;912.2;2;11821657457;B
20241225;102435;912.2;1;11821658107;B
20241225;102437;912;6;11821658484;S
20241225;102437;912;9;11821658485;S
20241225;102437;912;1;11821658486;S
20241225;102437;911.8;50;11821658487;S
20241225;102437;911.6;98;11821658489;S
20241225;102439;911.6;54;11821658824;B
20241225;102442;911.4;1;11821660137;S
20241225;102442;911;1;11821660236;S
20241225;102442;911;1;11821660237;S
20241225;102442;911;1;11821660238;S
20241225;102442;911;17;11821660239;S
20241225;102444;911;243;11821660573;S
20241225;102444;911;200;11821660574;S
20241225;102444;911;1;11821660575;S
20241225;102444;911;56;11821660576;S
20241225;102444;911.2;1;11821660696;B
20241225;102444;911.2;3;11821660697;B
20241225;102445;911;215;11821660859;S
20241225;102445;911;200;11821660860;S
20241225;102445;911;85;11821660861;S
20241225;102445;911.2;1;11821660865;B
20241225;102446;911;200;11821660979;S
20241225;102446;911;300;11821660980;S
20241225;102447;911;100;11821661016;S
20241225;102447;911;102;11821661017;S
20241225;102447;910.8;128;11821661018;S
20241225;102447;910.8;1;11821661019;S
20241225;102447;910.8;1;11821661020;S
20241225;102447;910.8;57;11821661021;S
20241225;102447;910.8;111;11821661022;S
20241225;102448;911.2;26;11821661308;B
20241225;102448;911.2;44;11821661309;B
20241225;102449;911.4;42;11821661325;B
20241225;102449;911.6;41;11821661326;B
20241225;102449;911.6;41;11821661327;B
20241225;102449;911.6;118;11821661328;B
20241225;102449;911.6;8;11821661329;B
20241225;102449;911.8;34;11821661330;B
20241225;102449;911.8;16;11821661331;B
20241225;102449;911.6;22;11821661391;B
20241225;102455;911.6;100;11821662267;B
20241225;102456;911.2;56;11821662370;S
20241225;102500;911.2;4;11821663149;S
20241225;102502;911.2;2;11821663373;S
20241225;102502;911.2;58;11821663451;S
20241225;102502;911.4;44;11821663478;B
20241225;102502;911.4;38;11821663479;B
20241225;102505;911.4;1;11821664430;B
20241225;102506;911.4;51;11821664485;B
20241225;102508;911.2;1;11821664797;S
20241225;102517;911.2;2;11821666043;S
20241225;102519;911.4;1;11821666254;B
20241225;102519;911.4;8;11821666255;B
20241225;102519;911.4;9;11821666256;B
20241225;102519;911.4;6;11821666257;B
20241225;102519;911.4;2;11821666258;B
20241225;102519;911.4;8;11821666259;B
