<DATE>;<TIME>;<LAST>;<VOL>;<ID>;<OPER>
20240524;095932;593.6;8;10462373234;S
20240524;095932;593.6;1;10462373235;S
20240524;095932;593.6;20;10462373236;S
20240524;095932;593.6;79;10462373237;S
20240524;095932;593.6;51;10462373238;S
20240524;095932;593.6;50;10462373239;S
20240524;095932;593.6;2;10462373240;S
20240524;095932;593.6;4;10462373241;S
20240524;095932;593.6;3;10462373242;S
20240524;095932;593.6;1;10462373243;S
20240524;095932;593.6;139;10462373244;S
20240524;095932;593.6;1;10462373245;S
20240524;095932;593.6;217;10462373246;S
20240524;095932;593.6;2;10462373247;S
20240524;095932;593.6;1;10462373248;S
20240524;095932;593.6;3;10462373249;B
20240524;095932;593.6;2;10462373250;S
20240524;095932;593.6;24;10462373251;S
20240524;095932;593.6;18;10462373252;S
20240524;095932;593.6;1;10462373253;S
20240524;095932;593.6;2;10462373254;B
20240524;095932;593.6;1;10462373255;B
20240524;095932;593.6;8;10462373256;B
20240524;095932;593.6;8;10462373257;B
20240524;095932;593.6;18;10462373258;B
20240524;095932;593.6;1;10462373259;B
20240524;095932;593.6;1;10462373260;S
20240524;095932;593.6;1;10462373261;B
20240524;095932;593.6;3;10462373262;S
20240524;095932;593.6;3;10462373263;S
20240524;095932;593.6;1;10462373264;S
20240524;095932;593.6;2;10462373265;S
20240524;095932;593.6;1;10462373266;S
20240524;095932;593.6;107;10462373267;S
20240524;095932;593.6;3;10462373268;B
20240524;095932;593.6;191;10462373269;B
20240524;095932;593.6;3;10462373270;S
20240524;095932;593.6;2;10462373271;S
20240524;095932;593.6;154;10462373272;B
20240524;095932;593.6;5;10462373273;B
20240524;095932;593.6;3;10462373274;B
20240524;095932;593.6;1;10462373275;S
20240524;095932;593.6;1;10462373276;S
20240524;095932;593.6;3;10462373277;B
20240524;095932;593.6;10;10462373278;B
20240524;095932;593.6;1;10462373279;B
20240524;095932;593.6;1;10462373280;B
20240524;095932;593.6;2;10462373281;B
20240524;095932;593.6;3;10462373282;B
20240524;095932;593.6;1;10462373283;B
20240524;095932;593.6;2;10462373284;B
20240524;095932;593.6;7;10462373285;B
20240524;095932;593.6;3;10462373286;B
20240524;095932;593.6;1;10462373287;B
20240524;095932;593.6;1;10462373288;B
20240524;095932;593.6;1;10462373289;B
20240524;095932;593.6;1;10462373290;B
20240524;095932;593.6;6;10462373291;B
20240524;095932;593.6;28;10462373292;S
20240524;095932;593.6;99;10462373293;S
20240524;095932;593.6;2;10462373294;S
20240524;095932;593.6;4;10462373295;S
20240524;095932;593.6;2;10462373296;S
20240524;095932;593.6;1;10462373297;S
20240524;095932;593.6;1;10462373298;S
20240524;095932;593.6;15;10462373299;B
20240524;095932;593.6;4;10462373300;B
20240524;095932;593.6;4;10462373301;B
20240524;095932;593.6;9;10462373302;B
20240524;095932;593.6;7;10462373303;S
20240524;095932;593.6;71;10462373304;S
20240524;095932;593.6;5;10462373305;S
20240524;095932;593.6;3;10462373306;S
20240524;095932;593.6;21;10462373307;S
20240524;095932;593.6;4;10462373308;B
20240524;095932;593.6;50;10462373309;B
20240524;095932;593.6;11;10462373310;B
20240524;100000;593.55;200;10462378234;B
20240524;100000;593.55;10;10462378379;B
20240524;100000;593.6;46;10462378380;B
20240524;100000;593.6;2;10462378381;B
20240524;100000;593.65;26;10462378530;B
20240524;100000;593.65;7;10462378865;B
20240524;100002;593.65;177;10462379573;B
20240524;100002;593.65;28;10462379575;S
20240524;100002;593.65;182;10462379576;S
20240524;100003;593.45;6;10462380362;S
20240524;100004;593.5;6;10462380801;S
20240524;100004;593.7;1000;10462380803;B
20240524;100004;593.7;1;10462380804;B
20240524;100004;593.7;20;10462380805;B
20240524;100004;593.7;3;10462380806;B
20240524;100004;593.75;168;10462380807;B
20240524;100004;593.75;1;10462380808;B
20240524;100004;593.75;60;10462380809;B
20240524;100004;593.75;4;10462380810;B
20240524;100004;593.8;14;10462380811;B
20240524;100004;593.8;1;10462380831;B
20240524;100004;593.8;1;10462381067;B
20240524;100004;593.8;1;10462381068;B
20240524;100004;593.45;20;10462381071;S
20240524;100004;593.45;2;10462381072;S
20240524;100004;593.8;1;10462381073;B
20240524;100004;593.8;1;10462381074;B
20240524;100004;593.8;2;10462381079;B
20240524;100004;593.45;1;10462381261;S
20240524;100004;593.45;1;10462381266;S
20240524;100004;593.45;1;10462381268;S
20240524;100004;593.8;1;10462381269;B
20240524;100004;593.45;2;10462381291;S
20240524;100004;593.8;100;10462381330;B
20240524;100004;593.8;46;10462381334;B
20240524;100004;593.8;2;10462381335;B
20240524;100004;593.85;52;10462381336;B
20240524;100005;593.45;2;10462381514;S
20240524;100005;593.85;2;10462381516;B
20240524;100005;593.45;1;10462381518;S
20240524;100005;593.45;32;10462381519;S
20240524;100005;593.45;168;10462381520;S
20240524;100005;593.85;1;10462381522;B
20240524;100005;593.85;1;10462381523;B
20240524;100005;593.45;3;10462381543;S
20240524;100005;593.45;23;10462381544;S
20240524;100005;593.85;1;10462381547;B
20240524;100005;593.45;2;10462381548;S
20240524;100005;593.45;2;10462381549;S
20240524;100005;593.85;1;10462381552;B
20240524;100005;593.85;1;10462381556;B
20240524;100005;593.45;1;10462381684;S
20240524;100005;593.45;2;10462381732;S
20240524;100005;593.45;1;10462381734;S
20240524;100005;593.45;2;10462381735;S
20240524;100005;593.85;2;10462381740;B
20240524;100005;593.85;1;10462381741;B
20240524;100005;593.85;1;10462381745;B
20240524;100005;593.45;2;10462381746;S
20240524;100005;593.85;5;10462381792;B
20240524;100005;593.85;100;10462382171;B
20240524;100005;593.85;5;10462382172;B
20240524;100005;593.9;168;10462382173;B
20240524;100005;593.9;27;10462382174;B
20240524;100005;593.9;1;10462382177;B
20240524;100005;593.9;2;10462382187;B
20240524;100005;593.9;1;10462382191;B
20240524;100005;593.9;3;10462382394;B
20240524;100005;593.9;2;10462382397;B
20240524;100005;593.55;62;10462382450;S
20240524;100005;593.9;1;10462382504;B
20240524;100005;593.9;2;10462382505;B
20240524;100005;593.6;28;10462382629;S
20240524;100006;593.9;1;10462382802;B
20240524;100006;593.9;5;10462382803;B
20240524;100006;593.9;3;10462382811;B
20240524;100006;593.9;2;10462382820;B
20240524;100006;593.9;1;10462382826;B
20240524;100006;593.45;2;10462382852;S
20240524;100006;593.45;2;10462382855;S
20240524;100006;593.45;2;10462382859;S
20240524;100006;593.45;3;10462382863;S
20240524;100006;593.45;1;10462382875;S
20240524;100006;593.9;1;10462382879;B
20240524;100006;593.9;2;10462382903;B
20240524;100006;593.45;2;10462382916;S
20240524;100006;593.9;1;10462382921;B
20240524;100006;593.9;4;10462382923;B
20240524;100006;593.9;1;10462382925;B
20240524;100006;593.9;2;10462382930;B
20240524;100006;593.9;2;10462382949;B
20240524;100006;593.5;1;10462383385;S
20240524;100006;593.45;1;10462383389;S
20240524;100006;593.9;1;10462383390;B
20240524;100006;593.9;2;10462383392;B
20240524;100006;593.9;2;10462383396;B
20240524;100006;593.85;1;10462383399;B
20240524;100006;593.45;2;10462383402;S
20240524;100006;593.45;1;10462383407;S
20240524;100006;593.45;1;10462383447;S
20240524;100006;593.85;1;10462383449;B
20240524;100006;593.85;1;10462383453;B
20240524;100006;593.85;1;10462383457;B
20240524;100006;593.85;7;10462383458;B
20240524;100006;593.85;1;10462383459;B
20240524;100006;593.85;2;10462383467;B
20240524;100006;593.85;2;10462383468;B
20240524;100006;593.45;2;10462383591;S
20240524;100006;593.85;1;10462383593;B
20240524;100006;593.85;1;10462383619;B
20240524;100006;593.85;1;10462383620;B
20240524;100006;593.9;1;10462383621;B
20240524;100006;593.5;2;10462383622;S
20240524;100006;593.5;122;10462383623;S
20240524;100006;593.85;1;10462383630;B
20240524;100006;593.85;1;10462383631;B
20240524;100006;593.45;2;10462383632;S
20240524;100006;593.45;2;10462383635;S
20240524;100006;593.85;2;10462383958;B
20240524;100006;593.45;6;10462383960;S
20240524;100006;593.4;7;10462383961;S
20240524;100006;593.4;2;10462383962;S
20240524;100006;593.4;1;10462383963;S
20240524;100006;593.4;13;10462383964;S
20240524;100006;593.45;3;10462384036;S
20240524;100006;593.8;1;10462384037;B
20240524;100006;593.85;1;10462384038;B
20240524;100006;593.85;1;10462384039;B
20240524;100006;593.9;51;10462384040;B
20240524;100006;593.45;10;10462384043;S
20240524;100006;593.45;2;10462384045;S
20240524;100006;593.45;5;10462384046;S
20240524;100006;593.85;2;10462384047;B
20240524;100006;593.85;1;10462384048;B
20240524;100006;593.85;1;10462384049;B
20240524;100006;593.45;1;10462384050;S
20240524;100006;593.85;1;10462384051;B
20240524;100007;593.45;4;10462384516;S
20240524;100007;593.45;6;10462384517;S
20240524;100007;593.85;1;10462384524;B
20240524;100007;593.85;1;10462384527;B
20240524;100007;593.5;1;10462384565;S
20240524;100007;593.5;2;10462384759;S
20240524;100007;593.5;2;10462384761;S
20240524;100007;593.5;7;10462384762;S
20240524;100007;593.85;1;10462384764;B
20240524;100007;593.85;2;10462384765;B
20240524;100007;593.5;2;10462384767;S
20240524;100007;593.5;2;10462384928;S
20240524;100007;593.5;2;10462384929;S
20240524;100007;593.85;1;10462384930;B
20240524;100007;593.85;1;10462384932;B
20240524;100007;593.6;2;10462385287;S
20240524;100007;593.85;1;10462385293;B
20240524;100007;593.9;210;10462385294;B
20240524;100007;593.95;168;10462385295;B
20240524;100007;593.95;1;10462385296;B
20240524;100007;593.95;42;10462385297;B
20240524;100007;594;125;10462385298;B
20240524;100007;594.1;168;10462385299;B
20240524;100007;594.1;1;10462385300;B
20240524;100007;594.1;7;10462385301;B
20240524;100007;594.15;168;10462385302;B
20240524;100007;594.2;168;10462385303;B
20240524;100007;594.2;100;10462385304;B
20240524;100007;594.2;1;10462385305;B
20240524;100007;594.25;168;10462385306;B
20240524;100007;594.25;109;10462385307;B
20240524;100007;594.25;384;10462385308;B
20240524;100007;594.3;168;10462385309;B
20240524;100007;594.35;11;10462385310;B
20240524;100007;593.65;2;10462385323;S
20240524;100007;594.3;1;10462385324;B
20240524;100007;594.25;2;10462385325;B
20240524;100007;593.65;2;10462385326;S
20240524;100007;593.65;6;10462385327;S
20240524;100008;594.1;210;10462385514;B
20240524;100008;594.15;25;10462385515;B
20240524;100008;594.2;42;10462385516;B
20240524;100008;594.3;458;10462385517;B
20240524;100008;594.3;15;10462385518;B
20240524;100010;594;20;10462386177;S
20240524;100010;593.7;4;10462386178;S
20240524;100010;593.65;8;10462386179;S
20240524;100010;593.8;14;10462386272;S
20240524;100010;594.1;23;10462386319;B
20240524;100010;594.15;29;10462386320;B
20240524;100010;593.8;11;10462386405;S
20240524;100010;594.1;14;10462386410;B
20240524;100010;594.15;10;10462386411;B
20240524;100010;593.8;20;10462386417;S
20240524;100015;594.1;11;10462387855;B
20240524;100015;594.05;2;10462388069;S
20240524;100018;594.3;11;10462389067;B
20240524;100019;594.25;29;10462389077;S
20240524;100019;594.2;11;10462389078;S
20240524;100020;594.2;1;10462389432;S
20240524;100020;594.2;91;10462389463;S
20240524;100024;594.3;1;10462390423;B
20240524;100025;594.3;10;10462390566;B
20240524;100025;594.3;4;10462390574;B
20240524;100025;594.3;274;10462390575;B
20240524;100025;594.3;20;10462390576;B
20240524;100026;594.35;12;10462390846;B
20240524;100026;594.35;145;10462390894;B
20240524;100026;594.35;210;10462390895;B
20240524;100026;594.3;2;10462390926;S
20240524;100031;594.4;168;10462392230;B
20240524;100032;594.35;112;10462392361;S
20240524;100032;594.3;196;10462392362;S
20240524;100032;594.3;447;10462392363;B
20240524;100035;594.45;1;10462392950;B
20240524;100036;594.45;101;10462393587;B
20240524;100041;594.45;66;10462394545;B
20240524;100041;594.45;53;10462394546;B
20240524;100041;594.4;100;10462394547;S
20240524;100041;594.4;196;10462394548;S
20240524;100041;594.3;54;10462394549;S
20240524;100041;594.3;251;10462394550;S
20240524;100042;594.3;200;10462394704;B
20240524;100044;594.25;2;10462395009;B
20240524;100044;594.2;1;10462395145;S
20240524;100045;594.25;1;10462395203;B
20240524;100045;594.25;1;10462395365;B
20240524;100046;594.25;1;10462395406;B
20240524;100053;594.2;1;10462397103;S
20240524;100054;594.25;2;10462397369;B
20240524;100055;594.2;2;10462397514;S
20240524;100055;594.2;1;10462397592;S
20240524;100056;594.2;2;10462397690;S
20240524;100100;594.2;143;10462398576;S
20240524;100100;594.15;200;10462398620;S
20240524;100100;594.15;37;10462398621;S
20240524;100100;594.15;136;10462398622;S
20240524;100100;594.05;25;10462398623;S
20240524;100100;594.05;500;10462398624;S
20240524;100100;594;210;10462398625;S
20240524;100100;594;196;10462398626;S
20240524;100100;593.8;168;10462398627;S
20240524;100100;593.75;169;10462398628;S
20240524;100100;593.7;168;10462398629;S
20240524;100100;593.7;371;10462398630;S
20240524;100100;593.7;200;10462398631;S
20240524;100100;593.65;300;10462398632;S
20240524;100100;593.65;5;10462398633;S
20240524;100100;593.75;169;10462398634;S
20240524;100100;593.75;31;10462398635;B
20240524;100100;594;29;10462398662;S
20240524;100107;593.8;169;10462399972;S
20240524;100107;593.75;290;10462399973;S
20240524;100107;593.7;38;10462399974;S
20240524;100107;593.55;4;10462399982;S
20240524;100107;593.55;206;10462399992;S
20240524;100107;593.55;39;10462399993;S
20240524;100107;593.55;3;10462400123;B
20240524;100109;593.55;10;10462400460;B
20240524;100118;593.55;1;10462402142;B
20240524;100118;593.55;185;10462402200;B
20240524;100118;593.65;169;10462402201;B
20240524;100118;593.7;346;10462402202;B
20240524;100119;593.75;3;10462402333;B
20240524;100122;593.55;41;10462402718;S
20240524;100122;593.55;5;10462402719;S
20240524;100123;593.65;3;10462402926;B
20240524;100123;593.65;1;10462403061;B
20240524;100128;593.55;1;10462403760;S
20240524;100128;593.75;7;10462403799;B
20240524;100130;593.55;1;10462404041;S
20240524;100132;593.75;186;10462404318;B
20240524;100132;593.75;40;10462404319;B
20240524;100132;593.8;21;10462404320;B
20240524;100132;593.85;1000;10462404321;B
20240524;100132;594;12;10462404332;B
20240524;100133;594;96;10462404568;B
20240524;100134;594;555;10462404633;B
20240524;100135;593.95;169;10462404737;S
20240524;100135;593.95;196;10462404738;S
20240524;100135;593.95;52;10462404739;S
20240524;100135;593.95;210;10462404740;S
20240524;100135;593.95;145;10462404741;S
20240524;100135;593.9;228;10462404742;S
20240524;100135;594;1;10462404833;B
20240524;100136;593.95;5;10462404878;S
20240524;100136;594;150;10462404905;B
20240524;100137;594;10;10462405080;B
20240524;100139;594;5;10462405343;B
20240524;100139;594;1;10462405351;B
20240524;100144;594;1;10462405938;B
20240524;100144;593.95;164;10462405944;S
20240524;100144;593.95;73;10462405945;S
20240524;100144;593.95;51;10462405946;S
20240524;100144;593.95;210;10462405947;S
20240524;100144;593.95;371;10462405948;S
20240524;100144;593.9;196;10462405949;S
20240524;100144;593.9;168;10462405950;S
20240524;100144;593.85;10767;10462405951;S
20240524;100144;593.95;30;10462405952;S
20240524;100145;593.9;8;10462406110;S
20240524;100146;594;69;10462406224;B
20240524;100146;594.05;51;10462406225;B
20240524;100146;594.1;180;10462406226;B
20240524;100157;594.15;10;10462407722;B
20240524;100157;594.2;156;10462407723;B
20240524;100201;594.05;51;10462408351;S
20240524;100201;594.2;7;10462408368;B
20240524;100201;594.05;1;10462408421;S
20240524;100202;594.2;33;10462408521;B
20240524;100202;594.25;67;10462408522;B
20240524;100203;594.25;2;10462408689;B
20240524;100207;594.25;1;10462409117;B
20240524;100207;594.25;3;10462409197;B
20240524;100212;594.15;1;10462409848;S
20240524;100212;594.05;113;10462409849;S
20240524;100212;594.05;50;10462409850;S
20240524;100212;594;2;10462409851;S
20240524;100212;594;42;10462409852;S
20240524;100212;594;36;10462409853;S
20240524;100212;593.95;250;10462409854;S
20240524;100212;593.9;363;10462409855;S
20240524;100212;593.85;1986;10462409856;S
20240524;100212;593.85;196;10462409857;S
20240524;100212;593.85;50;10462409858;S
20240524;100212;593.75;100;10462409880;S
20240524;100212;593.6;50;10462409881;S
20240524;100212;593.75;2;10462409957;B
20240524;100215;593.75;10;10462410534;B
20240524;100216;593.75;4;10462410639;B
20240524;100220;593.6;51;10462411128;S
20240524;100220;593.55;28;10462411129;S
20240524;100220;593.55;1;10462411130;S
20240524;100220;593.55;1;10462411139;S
20240524;100223;593.75;1;10462411572;B
20240524;100227;593.55;1;10462412201;S
20240524;100229;593.55;297;10462412507;S
20240524;100229;593.55;2;10462412508;S
20240524;100229;593.55;10;10462412509;S
20240524;100229;593.55;1;10462412510;S
20240524;100229;593.55;210;10462412511;S
20240524;100229;593.5;51;10462412512;S
20240524;100229;593.4;168;10462412513;S
20240524;100229;593.35;196;10462412514;S
20240524;100229;593.35;42;10462412515;S
20240524;100229;593.35;32;10462412516;S
20240524;100229;593.3;1;10462412517;S
20240524;100229;593.3;14;10462412518;S
20240524;100230;593.6;3;10462412534;B
20240524;100230;593.6;44;10462412630;B
20240524;100233;593.55;13;10462412970;B
20240524;100243;593.65;4;10462414380;B
20240524;100245;593.65;6;10462414657;B
20240524;100246;593.7;1;10462414747;S
20240524;100246;593.7;13;10462414826;S
20240524;100247;593.6;8;10462414904;B
20240524;100250;593.6;98;10462415194;B
20240524;100251;593.6;100;10462415325;B
20240524;100254;593.55;12;10462415628;S
20240524;100254;593.55;47;10462415629;S
20240524;100254;593.5;169;10462415630;S
20240524;100254;593.45;210;10462415631;S
20240524;100254;593.45;196;10462415632;S
20240524;100254;593.4;18;10462415633;S
20240524;100254;593.35;371;10462415634;S
20240524;100254;593.3;34;10462415635;S
20240524;100254;593.3;168;10462415636;S
20240524;100254;593.3;2;10462415637;S
20240524;100254;593.25;42;10462415638;S
20240524;100254;593.25;552;10462415639;S
20240524;100254;593.6;1;10462415718;B
20240524;100255;593.6;30;10462415778;B
20240524;100255;593.6;22;10462415779;B
20240524;100302;593.55;4;10462416627;S
20240524;100310;593.55;3;10462417534;B
20240524;100310;593.75;196;10462417535;B
20240524;100310;593.75;46;10462417536;B
20240524;100310;593.75;5;10462417537;B
20240524;100312;593.6;6;10462417803;S
20240524;100321;593.8;1;10462418992;B
20240524;100323;593.8;4;10462419249;B
20240524;100323;593.8;1;10462419287;B
20240524;100335;593.8;2;10462420885;B
20240524;100336;593.8;35;10462420966;B
20240524;100336;593.8;1;10462420967;B
20240524;100338;593.65;1;10462421187;S
20240524;100343;593.85;43;10462422135;B
20240524;100349;593.8;8;10462423131;S
20240524;100349;593.85;40;10462423138;B
20240524;100349;593.85;2;10462423163;B
20240524;100350;593.85;80;10462423239;B
20240524;100350;593.85;724;10462423264;B
20240524;100350;593.8;1;10462423289;S
20240524;100350;593.85;5;10462423328;B
20240524;100352;593.85;125;10462423510;B
20240524;100352;593.8;10;10462423552;S
20240524;100353;593.85;125;10462423826;B
20240524;100354;593.8;37;10462424020;S
20240524;100354;593.8;195;10462424021;S
20240524;100357;593.85;767;10462424362;B
20240524;100357;593.9;42;10462424363;B
20240524;100357;593.9;49;10462424364;B
20240524;100357;593.95;142;10462424365;B
20240524;100359;594;100;10462424710;B
20240524;100359;594.05;23;10462424711;B
20240524;100401;593.8;3;10462424926;S
20240524;100401;593.85;1;10462425017;B
20240524;100401;593.85;3;10462425019;B
20240524;100404;594;5;10462425425;B
20240524;100404;594;62;10462425437;B
20240524;100409;594;189;10462426232;B
20240524;100412;594.05;2;10462426614;B
20240524;100415;594;282;10462426940;S
20240524;100415;593.95;47;10462426941;S
20240524;100415;593.9;196;10462426942;S
20240524;100416;593.9;15;10462427132;B
20240524;100416;593.85;10;10462427224;S
20240524;100417;593.9;100;10462427328;B
20240524;100419;593.85;6;10462427530;S
20240524;100422;593.85;5;10462427833;B
20240524;100422;593.75;72;10462427858;S
20240524;100423;593.75;19;10462428037;S
20240524;100428;593.85;2;10462428620;S
20240524;100428;593.9;843;10462428622;B
20240524;100429;593.9;1;10462428774;B
20240524;100430;593.9;2;10462428819;B
20240524;100430;593.9;10;10462428855;B
20240524;100432;593.9;169;10462429041;B
20240524;100433;593.8;1;10462429265;S
20240524;100433;593.9;10;10462429323;B
20240524;100436;593.9;1;10462429610;B
20240524;100439;593.9;1;10462429996;B
20240524;100442;593.85;1;10462430387;S
20240524;100442;593.85;39;10462430429;S
20240524;100442;593.8;13;10462430430;S
20240524;100442;593.8;65;10462430431;S
20240524;100442;593.7;12;10462430432;S
20240524;100442;593.7;71;10462430433;S
20240524;100443;593.75;4;10462430517;S
20240524;100445;593.9;1000;10462430692;B
20240524;100451;593.75;10;10462431321;S
20240524;100451;593.9;114;10462431353;B
20240524;100451;593.9;25;10462431381;B
20240524;100453;593.9;8;10462431530;B
20240524;100456;593.9;5;10462431938;B
20240524;100501;593.9;3;10462432800;B
20240524;100502;593.9;16;10462432817;B
20240524;100503;593.9;5;10462432995;B
20240524;100503;593.9;1;10462433050;B
20240524;100503;593.85;1;10462433051;S
20240524;100504;593.65;2;10462433096;S
20240524;100504;593.8;1;10462433245;B
20240524;100507;593.6;2;10462433593;S
20240524;100507;593.6;1;10462433594;S
20240524;100509;593.8;209;10462433784;B
20240524;100509;593.8;196;10462433785;B
20240524;100509;593.8;95;10462433786;B
20240524;100509;593.85;39;10462433787;B
20240524;100509;593.9;1461;10462433788;B
20240524;100510;593.7;89;10462433935;S
20240524;100512;593.85;6;10462434718;B
20240524;100516;593.85;1;10462435538;B
20240524;100517;593.85;1;10462435728;B
20240524;100517;593.6;8;10462435729;S
20240524;100520;593.85;1;10462436228;B
20240524;100523;593.85;6;10462436706;B
20240524;100528;593.85;1;10462437333;B
20240524;100529;593.8;50;10462437448;S
20240524;100529;593.65;5;10462437449;S
20240524;100529;593.6;491;10462437450;S
20240524;100529;593.6;2;10462437451;S
20240524;100529;593.6;7;10462437452;S
20240524;100530;593.6;3;10462437524;B
20240524;100530;593.6;4;10462437576;B
20240524;100531;593.6;3;10462437640;B
20240524;100531;593.6;1;10462437649;B
20240524;100531;593.6;1;10462437719;B
20240524;100531;593.6;1;10462437799;B
20240524;100533;593.6;4;10462438068;B
20240524;100536;593.55;10;10462438332;S
20240524;100537;593.6;1;10462438482;B
20240524;100537;593.6;1;10462438536;B
20240524;100539;593.55;10;10462438679;S
20240524;100539;593.55;20;10462438680;S
20240524;100539;593.55;70;10462438681;S
20240524;100541;593.6;81;10462439090;B
20240524;100541;593.6;196;10462439091;B
20240524;100542;593.6;1;10462439134;S
20240524;100542;593.6;6;10462439171;S
20240524;100543;593.65;2;10462439350;B
20240524;100543;593.65;7;10462439407;B
20240524;100552;593.6;10;10462440362;S
20240524;100552;593.75;2;10462440406;B
20240524;100600;593.6;2;10462441460;S
20240524;100605;593.65;5;10462442151;B
20240524;100607;593.7;3;10462442551;B
20240524;100612;593.7;12;10462443258;B
20240524;100613;593.7;70;10462443334;B
20240524;100613;593.7;2;10462443339;B
20240524;100615;593.7;1;10462443669;B
20240524;100616;593.6;10;10462443728;S
20240524;100617;593.7;10;10462443819;B
20240524;100618;593.65;169;10462443971;B
20240524;100618;593.65;61;10462443972;B
20240524;100620;593.7;2;10462444126;B
20240524;100627;593.7;35;10462444933;B
20240524;100628;593.6;50;10462445011;S
20240524;100629;593.65;4;10462445173;B
20240524;100630;593.6;50;10462445324;S
20240524;100630;593.6;244;10462445334;S
20240524;100630;593.65;1;10462445360;B
20240524;100633;593.6;50;10462445736;S
20240524;100633;593.6;1;10462445737;S
20240524;100633;593.6;1;10462445738;S
20240524;100633;593.55;3;10462445771;S
20240524;100634;593.55;127;10462445848;S
20240524;100634;593.55;1;10462445849;S
20240524;100634;593.5;1;10462445850;S
20240524;100634;593.5;9;10462445851;S
20240524;100634;593.5;1;10462445852;S
20240524;100634;593.5;10;10462445853;S
20240524;100634;593.5;9;10462445854;S
20240524;100634;593.5;1;10462445870;B
20240524;100635;593.45;8;10462446018;S
20240524;100636;593.5;138;10462446059;B
20240524;100636;593.4;14;10462446071;S
20240524;100637;593.4;36;10462446200;S
20240524;100637;593.4;68;10462446201;S
20240524;100639;593.4;3;10462446460;B
20240524;100639;593.4;2;10462446513;B
20240524;100639;593.4;2;10462446518;B
20240524;100641;593.35;1;10462446780;B
20240524;100643;593.2;1;10462447256;S
20240524;100643;593.2;2;10462447257;S
20240524;100643;593.2;1;10462447258;S
20240524;100643;593.2;100;10462447259;S
20240524;100643;593.2;31;10462447260;S
20240524;100643;593.15;1;10462447261;S
20240524;100643;593.15;1;10462447262;S
20240524;100643;593.15;7;10462447263;S
20240524;100643;593.15;1;10462447264;S
20240524;100643;593.15;2;10462447265;S
20240524;100643;593.15;5;10462447266;S
20240524;100643;593.15;1;10462447267;S
20240524;100643;593.15;2;10462447268;S
20240524;100643;593.15;2;10462447269;S
20240524;100643;593.15;1;10462447270;S
20240524;100643;593.15;1;10462447271;S
20240524;100643;593.15;1;10462447272;S
20240524;100643;593.15;2;10462447273;S
20240524;100643;593.15;2;10462447274;S
20240524;100643;593.15;18;10462447275;S
20240524;100643;593.15;1;10462447276;S
20240524;100643;593.15;1;10462447277;S
20240524;100643;593.15;1;10462447278;S
20240524;100643;593.15;2;10462447279;S
20240524;100643;593.15;1;10462447280;S
20240524;100643;593.15;1;10462447281;S
20240524;100643;593.15;2;10462447282;S
20240524;100643;593.15;2;10462447283;S
20240524;100643;593.15;3;10462447284;S
20240524;100643;593.15;1;10462447285;S
20240524;100643;593.15;4;10462447286;S
20240524;100643;593.15;3;10462447287;S
20240524;100643;593.15;50;10462447288;S
20240524;100643;593.15;33;10462447289;S
20240524;100643;593.15;1;10462447290;S
20240524;100643;593.15;2;10462447291;S
20240524;100643;593.15;1;10462447292;S
20240524;100643;593.15;3;10462447293;S
20240524;100643;593.15;2;10462447294;S
20240524;100643;593.15;1;10462447295;S
20240524;100643;593.15;1;10462447296;S
20240524;100643;593.15;2;10462447297;S
20240524;100643;593.15;5;10462447298;S
20240524;100643;593.15;3;10462447299;S
20240524;100643;593.15;192;10462447300;S
20240524;100643;593.25;5;10462447308;S
20240524;100643;593.15;300;10462447398;S
20240524;100645;593.25;1;10462447666;B
20240524;100646;593.3;10;10462447839;B
20240524;100649;593.25;83;10462448197;B
20240524;100649;593.3;169;10462448198;B
20240524;100649;593.3;196;10462448199;B
20240524;100649;593.3;210;10462448200;B
20240524;100649;593.4;31;10462448201;B
20240524;100649;593.45;170;10462448202;B
20240524;100649;593.45;11;10462448203;B
20240524;100651;593.2;1;10462448433;S
20240524;100654;593.2;10;10462448800;S
20240524;100655;593.4;50;10462448911;B
20240524;100656;593.4;3;10462448988;B
20240524;100703;593.35;1;10462450099;B
20240524;100706;593.3;1;10462450420;S
20240524;100706;593.2;68;10462450421;S
20240524;100706;593.2;82;10462450422;S
20240524;100706;593.15;49;10462450423;S
20240524;100707;593.15;23;10462450628;S
20240524;100709;593.2;21;10462450962;B
20240524;100710;593.2;5;10462451272;B
20240524;100711;593.15;1;10462451502;S
20240524;100712;593.2;50;10462451691;B
20240524;100712;593.2;74;10462451692;B
20240524;100712;593.25;2;10462451774;B
20240524;100719;593.3;100;10462452649;S
20240524;100726;593.3;10;10462453596;S
20240524;100731;593.25;2;10462454271;S
20240524;100732;593.3;1;10462454328;B
20240524;100734;593.25;4;10462454561;S
20240524;100734;593.25;69;10462454599;S
20240524;100738;593.3;3;10462454993;B
20240524;100738;593.35;1;10462455017;S
20240524;100743;593.4;1;10462455577;B
20240524;100744;593.4;1;10462455636;B
20240524;100746;593.4;100;10462455903;B
20240524;100749;593.45;2;10462456259;B
20240524;100750;593.45;26;10462456399;B
20240524;100754;593.45;1;10462456808;B
20240524;100754;593.45;5;10462456834;B
20240524;100755;593.35;46;10462456897;S
20240524;100812;593.4;2;10462459141;S
20240524;100813;593.45;13;10462459331;B
20240524;100815;593.45;3;10462459465;B
20240524;100815;593.45;2;10462459595;B
20240524;100816;593.4;1;10462459722;S
20240524;100816;593.45;20;10462459789;B
20240524;100817;593.45;1;10462459845;B
20240524;100817;593.45;4;10462459908;B
20240524;100818;593.4;9;10462459994;S
20240524;100818;593.35;1;10462459995;S
20240524;100818;593.3;66;10462459996;S
20240524;100819;593.35;240;10462460095;S
20240524;100820;593.45;2;10462460219;B
20240524;100822;593.35;8;10462460518;S
20240524;100823;593.35;28;10462460569;S
20240524;100823;593.45;1;10462460600;B
20240524;100830;593.45;280;10462461520;B
20240524;100830;593.45;169;10462461521;B
20240524;100830;593.45;51;10462461522;B
20240524;100837;593.45;113;10462462606;B
20240524;100837;593.5;429;10462462607;B
20240524;100837;593.4;19;10462462637;S
20240524;100838;593.5;1;10462462696;B
20240524;100838;593.5;34;10462462754;B
20240524;100839;593.4;16;10462462806;S
20240524;100842;593.5;1;10462463053;B
20240524;100842;593.5;1;10462463058;B
20240524;100844;593.5;48;10462463487;B
20240524;100844;593.5;3;10462463516;B
20240524;100849;593.5;1;10462464332;B
20240524;100849;593.5;1;10462464433;B
20240524;100852;593.45;10;10462464921;S
20240524;100854;593.5;30;10462465188;B
20240524;100855;593.5;32;10462465568;B
20240524;100858;593.45;1;10462465872;S
20240524;100858;593.45;10;10462465873;S
20240524;100858;593.45;2;10462465874;S
20240524;100858;593.45;2;10462465875;S
20240524;100858;593.45;1;10462465897;S
20240524;100900;593.5;1;10462466271;B
20240524;100900;593.5;78;10462466272;B
20240524;100901;593.5;4;10462466347;B
20240524;100901;593.5;1;10462466348;B
20240524;100901;593.5;10;10462466389;B
20240524;100903;593.5;32;10462466799;B
20240524;100904;593.5;1;10462466946;B
20240524;100905;593.5;100;10462467255;B
20240524;100906;593.5;5;10462467592;B
20240524;100907;593.5;3;10462467755;B
20240524;100909;593.5;200;10462468043;B
20240524;100910;593.5;1;10462468084;B
20240524;100913;593.5;1;10462468511;B
20240524;100913;593.5;1;10462468516;B
20240524;100917;593.5;1;10462468990;B
20240524;100917;593.5;1;10462469010;B
20240524;100919;593.5;1;10462469203;B
20240524;100920;593.45;15;10462469301;S
20240524;100922;593.5;4;10462469492;B
20240524;100923;593.5;2;10462469665;B
20240524;100924;593.5;1972;10462469779;B
20240524;100924;593.5;1;10462469780;B
20240524;100924;593.5;1527;10462469781;B
20240524;100925;593.5;1;10462469912;B
20240524;100925;593.5;12;10462469935;B
20240524;100926;593.5;3460;10462469966;B
20240524;100926;593.5;6540;10462469967;B
20240524;100926;593.5;88;10462469968;B
20240524;100926;593.5;1;10462469979;B
20240524;100926;593.45;25;10462470067;S
20240524;100926;593.45;1;10462470068;S
20240524;100926;593.45;140;10462470069;S
20240524;100926;593.45;97;10462470070;S
20240524;100926;593.4;37;10462470071;S
20240524;100927;593.5;1;10462470123;B
20240524;100931;593.5;40;10462470515;B
20240524;100931;593.5;1;10462470516;B
20240524;100934;593.45;4;10462470946;B
20240524;100935;593.45;1;10462471197;B
20240524;100935;593.5;1;10462471198;B
20240524;100936;593.5;1;10462471324;B
20240524;100938;593.45;169;10462471675;S
20240524;100938;593.45;10;10462471676;S
20240524;100938;593.4;159;10462471677;S
20240524;100938;593.4;2;10462471678;S
20240524;100938;593.4;65;10462471679;S
20240524;100938;593.4;2;10462471680;S
20240524;100938;593.35;1;10462471681;S
20240524;100938;593.35;1;10462471682;S
20240524;100938;593.4;1;10462471709;S
20240524;100939;593.5;800;10462471851;B
20240524;100940;593.5;9901;10462472026;B
20240524;100940;593.5;99;10462472027;B
20240524;100947;593.5;1;10462472713;B
20240524;100950;593.5;1;10462472958;B
20240524;100950;593.5;2;10462472960;B
20240524;100950;593.5;1;10462472984;B
20240524;100950;593.5;7;10462472985;B
20240524;100951;593.5;1;10462473301;B
20240524;100951;593.5;2;10462473302;B
20240524;100951;593.5;1;10462473303;B
20240524;100954;593.5;8;10462473724;B
20240524;100955;593.5;2;10462473953;B
20240524;100955;593.5;1;10462473987;B
20240524;100956;593.5;1;10462474298;B
20240524;100956;593.5;1;10462474332;B
20240524;101003;593.5;26;10462475468;B
20240524;101003;593.5;1;10462475469;B
20240524;101005;593.45;8;10462475793;S
20240524;101007;593.5;29;10462476058;B
20240524;101007;593.5;10;10462476069;B
20240524;101009;593.5;1;10462476295;B
20240524;101012;593.5;1;10462476606;B
20240524;101018;593.5;2;10462477622;B
20240524;101019;593.5;9998;10462477852;B
20240524;101019;593.5;2;10462477853;B
20240524;101020;593.5;15;10462478150;B
20240524;101020;593.5;2;10462478153;B
20240524;101022;593.45;12;10462478335;S
20240524;101022;593.45;38;10462478336;S
20240524;101023;593.5;2;10462478365;B
20240524;101024;593.5;27;10462478586;B
20240524;101025;593.45;2;10462478650;S
20240524;101025;593.5;3;10462478708;B
20240524;101029;593.5;1;10462479320;B
20240524;101030;593.45;2;10462479415;S
20240524;101031;593.45;1;10462479460;S
20240524;101031;593.5;2;10462479623;B
20240524;101033;593.45;15;10462479813;S
20240524;101036;593.5;1500;10462480242;B
20240524;101037;593.5;4;10462480383;B
20240524;101039;593.45;3;10462480837;S
20240524;101039;593.45;7;10462480838;S
20240524;101039;593.5;10;10462480908;B
20240524;101039;593.5;1;10462480949;B
20240524;101041;593.45;1;10462481292;S
20240524;101042;593.45;161;10462481437;S
20240524;101042;593.45;189;10462481438;S
20240524;101045;593.4;2;10462481808;S
20240524;101052;593.5;2;10462482728;B
20240524;101053;593.4;3;10462482899;S
20240524;101053;593.4;62;10462482900;S
20240524;101056;593.4;10;10462483210;S
20240524;101056;593.4;6;10462483326;S
20240524;101112;593.45;5;10462486040;B
20240524;101116;593.4;1;10462486810;B
20240524;101116;593.4;29;10462486811;B
20240524;101117;593.35;1;10462486882;S
20240524;101119;593.4;5;10462487415;B
20240524;101121;593.4;16;10462487522;B
20240524;101121;593.35;1;10462487583;S
20240524;101123;593.4;1;10462487831;B
20240524;101125;593.35;14;10462488121;S
20240524;101133;593.35;10;10462489153;S
20240524;101133;593.35;1;10462489154;S
20240524;101133;593.35;100;10462489155;S
20240524;101133;593.35;3;10462489156;S
20240524;101133;593.3;4;10462489157;S
20240524;101133;593.3;77;10462489158;S
20240524;101133;593.25;27;10462489159;S
20240524;101133;593.25;4;10462489160;S
20240524;101133;593.25;29;10462489161;S
20240524;101133;593.25;298;10462489162;S
20240524;101136;593.4;1;10462489551;B
20240524;101139;593.4;1;10462489903;B
20240524;101142;593.4;4;10462490437;B
20240524;101144;593.4;1;10462490742;B
20240524;101146;593.4;1;10462491015;B
20240524;101150;593.4;1;10462491323;B
20240524;101150;593.3;1;10462491401;S
20240524;101155;593.4;1;10462491968;B
20240524;101200;593.4;1;10462492424;B
20240524;101202;593.3;4;10462492787;S
20240524;101203;593.4;2;10462492805;B
20240524;101204;593.4;132;10462493032;B
20240524;101204;593.4;22;10462493033;B
20240524;101204;593.45;285;10462493034;B
20240524;101204;593.45;3;10462493035;B
20240524;101204;593.45;5;10462493036;B
20240524;101204;593.45;85;10462493037;B
20240524;101204;593.5;960;10462493038;B
20240524;101204;593.5;1;10462493039;B
20240524;101204;593.5;37;10462493040;B
20240524;101205;593.3;1;10462493160;S
20240524;101205;593.3;17;10462493161;S
20240524;101210;593.3;218;10462493656;S
20240524;101220;593.45;1;10462494800;B
20240524;101220;593.45;1;10462494812;B
20240524;101221;593.45;2;10462494848;B
20240524;101225;593.45;141;10462495344;B
20240524;101225;593.45;196;10462495345;B
20240524;101225;593.5;14;10462495346;B
20240524;101225;593.5;9;10462495347;B
20240524;101225;593.5;140;10462495348;B
20240524;101229;593.5;500;10462495843;B
20240524;101232;593.5;4360;10462496115;B
20240524;101232;593.5;29;10462496116;B
20240524;101232;593.5;5470;10462496117;B
20240524;101232;593.5;84;10462496118;B
20240524;101232;593.5;57;10462496119;B
20240524;101232;593.5;3;10462496120;B
20240524;101234;593.45;1;10462496300;S
20240524;101234;593.5;31;10462496301;B
20240524;101242;593.5;3000;10462497351;B
20240524;101245;593.45;4;10462497758;S
20240524;101245;593.5;50;10462497795;B
20240524;101245;593.5;1;10462497799;B
20240524;101245;593.45;4;10462497813;S
20240524;101248;593.45;187;10462498065;S
20240524;101248;593.45;25;10462498066;S
20240524;101248;593.45;2;10462498067;S
20240524;101248;593.45;101;10462498068;S
20240524;101248;593.4;210;10462498069;S
20240524;101254;593.4;2;10462498629;B
20240524;101256;593.4;1;10462498806;B
20240524;101256;593.35;25;10462498861;S
20240524;101258;593.4;1;10462499012;B
20240524;101258;593.35;2;10462499037;S
20240524;101259;593.4;175;10462499139;B
20240524;101301;593.35;49;10462499367;S
20240524;101303;593.35;1;10462499600;S
20240524;101304;593.4;12;10462499717;B
20240524;101306;593.4;25;10462499878;B
20240524;101308;593.4;500;10462500220;B
20240524;101310;593.35;3;10462500397;S
20240524;101311;593.4;5;10462500429;B
20240524;101311;593.35;6;10462500436;S
20240524;101312;593.4;1;10462500553;B
20240524;101312;593.4;1;10462500615;B
20240524;101314;593.35;2;10462500812;S
20240524;101314;593.4;10;10462500827;B
20240524;101317;593.4;20;10462501177;B
20240524;101319;593.35;3;10462501357;B
20240524;101320;593.3;10;10462501481;S
20240524;101320;593.3;16;10462501482;S
20240524;101320;593.3;2;10462501483;S
20240524;101320;593.3;13;10462501484;S
20240524;101321;593.35;20;10462501528;B
20240524;101321;593.3;2;10462501560;S
20240524;101322;593.3;47;10462501645;S
20240524;101325;593.35;6;10462502081;B
20240524;101327;593.3;1;10462502313;S
20240524;101329;593.35;22;10462502481;B
20240524;101329;593.3;106;10462502552;S
20240524;101329;593.3;33;10462502553;S
20240524;101329;593.25;1702;10462502554;S
20240524;101329;593.25;300;10462502555;S
20240524;101329;593.25;42;10462502556;S
20240524;101329;593.25;1;10462502557;S
20240524;101329;593.25;196;10462502558;S
20240524;101329;593.2;10;10462502559;S
20240524;101329;593.2;179;10462502560;S
20240524;101329;593.2;3;10462502561;S
20240524;101329;593.2;1;10462502562;S
20240524;101329;593.2;371;10462502563;S
20240524;101329;593.2;169;10462502564;S
20240524;101329;593.15;435;10462502565;S
20240524;101329;593.15;1;10462502566;S
20240524;101329;593.15;25;10462502567;S
20240524;101329;593.15;100;10462502568;S
20240524;101329;593.15;326;10462502569;S
20240524;101330;593.3;1;10462502613;B
20240524;101331;593.35;9;10462502705;B
20240524;101331;593.35;30;10462502751;B
20240524;101335;593.3;2;10462503366;B
20240524;101335;593.15;13;10462503367;S
20240524;101338;593.15;252;10462503652;S
20240524;101340;593.3;1;10462503837;B
20240524;101349;593.15;100;10462504916;S
20240524;101356;593.15;2;10462505776;S
20240524;101400;593.15;253;10462506056;S
20240524;101408;593.25;1;10462506812;B
20240524;101408;593.25;196;10462506813;B
20240524;101408;593.3;168;10462506814;B
20240524;101408;593.3;135;10462506815;B
20240524;101416;593.15;54;10462507561;S
20240524;101416;593.15;10;10462507562;S
20240524;101416;593.15;25;10462507563;S
20240524;101416;593.15;4;10462507564;S
20240524;101416;593.15;1000;10462507565;S
20240524;101416;593.15;20;10462507566;S
20240524;101416;593.15;50;10462507567;S
20240524;101416;593.1;4;10462507668;S
20240524;101422;593.15;10;10462508378;B
20240524;101422;593.15;1;10462508380;B
20240524;101424;593.1;1;10462508524;S
20240524;101426;593.1;5;10462508956;S
20240524;101427;593.1;1;10462509026;S
20240524;101433;593.15;11;10462509581;B
20240524;101437;593.1;23;10462509926;S
20240524;101437;593.1;50;10462509927;S
20240524;101437;593.1;65;10462509928;S
20240524;101437;593.1;4;10462509929;S
20240524;101437;593.05;20;10462510083;S
20240524;101437;593.05;4;10462510084;S
20240524;101438;593.1;1;10462510097;B
20240524;101438;593.1;168;10462510117;B
20240524;101438;593.1;145;10462510118;B
20240524;101438;593;1;10462510235;S
20240524;101438;593;18;10462510236;S
20240524;101438;593;2;10462510237;S
20240524;101438;593;2;10462510238;S
20240524;101438;593;81;10462510239;S
20240524;101438;593;4;10462510240;S
20240524;101438;593;192;10462510241;S
20240524;101438;593;252;10462510283;S
20240524;101438;593;114;10462510295;S
20240524;101438;593;1;10462510296;S
20240524;101438;593;3;10462510297;S
20240524;101438;593;15;10462510298;S
20240524;101438;593;5;10462510299;S
20240524;101438;593;1;10462510300;S
20240524;101438;593;5;10462510301;S
20240524;101438;593;10;10462510302;S
20240524;101438;593;3;10462510303;S
20240524;101438;593;3;10462510304;S
20240524;101438;593;4;10462510305;S
20240524;101438;593;136;10462510306;S
20240524;101438;593;10;10462510313;S
20240524;101438;593;4;10462510334;S
20240524;101438;593;1;10462510335;S
20240524;101438;593;4;10462510336;S
20240524;101438;593;1;10462510337;S
20240524;101438;593;2;10462510338;S
20240524;101438;593;1;10462510339;S
20240524;101438;593;3;10462510340;S
20240524;101438;593;2;10462510341;S
20240524;101438;593;10;10462510342;S
20240524;101438;592.95;1;10462510392;S
20240524;101438;592.95;124;10462510393;S
20240524;101438;592.95;2;10462510409;S
20240524;101438;592.95;662;10462510463;S
20240524;101438;592.95;574;10462510464;S
20240524;101438;592.9;3;10462510475;S
20240524;101438;592.9;1;10462510476;S
20240524;101438;592.9;2;10462510477;S
20240524;101438;592.85;100;10462510478;S
20240524;101439;592.85;54;10462510490;S
20240524;101439;592.9;1;10462510540;B
20240524;101439;592.9;1;10462510583;B
20240524;101439;592.9;11;10462510626;B
20240524;101439;592.9;77;10462510627;B
20240524;101440;592.9;1;10462510801;B
20240524;101441;592.85;2;10462511004;S
20240524;101441;592.85;1;10462511005;S
20240524;101441;592.85;51;10462511006;S
20240524;101441;592.85;2;10462511007;S
20240524;101442;592.85;69;10462511022;S
20240524;101442;592.85;2;10462511023;S
20240524;101442;592.85;2;10462511052;S
20240524;101442;592.85;1;10462511053;S
20240524;101442;592.85;1;10462511054;S
20240524;101442;592.85;1;10462511109;S
20240524;101442;592.85;2;10462511110;S
20240524;101442;592.85;1;10462511111;S
20240524;101442;592.9;1;10462511122;B
20240524;101442;592.85;2;10462511134;S
20240524;101442;592.85;1;10462511135;S
20240524;101442;592.85;1;10462511136;S
20240524;101443;592.85;1;10462511239;S
20240524;101443;592.85;2;10462511240;S
20240524;101443;592.85;7;10462511241;S
20240524;101443;592.85;322;10462511270;S
20240524;101443;592.85;458;10462511271;S
20240524;101444;592.85;5;10462511447;S
20240524;101444;592.85;72;10462511448;S
20240524;101444;592.85;228;10462511449;S
20240524;101444;592.85;3;10462511462;S
20240524;101444;592.85;3;10462511463;S
20240524;101445;592.85;10;10462511560;S
20240524;101445;592.85;11;10462511561;S
20240524;101445;592.85;1;10462511562;S
20240524;101445;592.9;2;10462511578;B
20240524;101445;592.85;1;10462511579;S
20240524;101445;592.85;1;10462511643;S
20240524;101445;592.85;24;10462511644;S
20240524;101446;592.85;1;10462511720;S
20240524;101446;592.85;2;10462511736;S
20240524;101446;592.85;8;10462511839;S
20240524;101446;592.85;8;10462511840;S
20240524;101446;592.85;7;10462511846;S
20240524;101446;592.9;2;10462511858;B
20240524;101446;592.85;1;10462511859;S
20240524;101447;592.9;1;10462511883;B
20240524;101447;592.85;2;10462511884;S
20240524;101447;592.85;2;10462511885;S
20240524;101447;592.85;14;10462511886;S
20240524;101447;592.9;1;10462511933;B
20240524;101447;592.85;5;10462511990;S
20240524;101447;592.85;5;10462511991;S
20240524;101447;592.85;66;10462511992;S
20240524;101448;592.85;2;10462512008;S
20240524;101448;592.85;1;10462512052;S
20240524;101448;592.85;2;10462512092;S
20240524;101448;592.85;1;10462512102;S
20240524;101448;592.85;1;10462512227;S
20240524;101448;592.85;1;10462512228;S
20240524;101448;592.85;253;10462512247;S
20240524;101449;592.85;1;10462512305;S
20240524;101449;592.9;1;10462512309;B
20240524;101449;592.85;67;10462512329;S
20240524;101449;592.85;2;10462512331;S
20240524;101449;592.85;2;10462512332;S
20240524;101449;592.85;5;10462512406;S
20240524;101449;592.85;6;10462512407;S
20240524;101449;592.85;1;10462512408;S
20240524;101449;592.85;1;10462512409;S
20240524;101450;592.85;2;10462512467;S
20240524;101450;592.85;2;10462512468;S
20240524;101450;592.85;1;10462512494;S
20240524;101450;592.85;1;10462512495;S
20240524;101450;592.85;1;10462512496;S
20240524;101450;592.85;1;10462512513;S
20240524;101450;592.85;1;10462512514;S
20240524;101450;592.85;1;10462512543;S
20240524;101450;592.85;1;10462512544;S
20240524;101450;592.85;1;10462512572;S
20240524;101450;592.85;1;10462512573;S
20240524;101450;592.85;3;10462512580;S
20240524;101450;592.85;3;10462512581;S
20240524;101451;592.85;1;10462512605;S
20240524;101451;592.85;1;10462512606;S
20240524;101451;592.85;3;10462512612;S
20240524;101451;592.85;3;10462512613;S
20240524;101451;592.85;64;10462512614;S
20240524;101451;592.85;50;10462512615;S
20240524;101451;592.8;1;10462512617;S
20240524;101451;592.8;2;10462512618;S
20240524;101451;592.8;7;10462512619;S
20240524;101451;592.8;5;10462512624;S
20240524;101451;592.8;1;10462512741;S
20240524;101451;592.8;96;10462512750;S
20240524;101452;592.8;7;10462512917;S
20240524;101452;592.8;24;10462513020;S
20240524;101452;592.85;33;10462513021;B
20240524;101452;592.8;60;10462513051;S
20240524;101452;592.8;5;10462513052;S
20240524;101452;592.8;3;10462513053;S
20240524;101452;592.8;3;10462513054;S
20240524;101452;592.8;3;10462513055;S
20240524;101452;592.8;7;10462513056;S
20240524;101452;592.8;1;10462513057;S
20240524;101452;592.75;2;10462513058;S
20240524;101452;592.7;404;10462513059;S
20240524;101453;592.7;60;10462513121;S
20240524;101453;592.75;6;10462513129;B
20240524;101453;592.75;1;10462513212;B
20240524;101453;592.7;11;10462513213;S
20240524;101453;592.7;33;10462513233;S
20240524;101454;592.75;7;10462513289;B
20240524;101454;592.75;1;10462513365;B
20240524;101454;592.7;1;10462513366;S
20240524;101455;592.75;6;10462513406;B
20240524;101456;592.7;170;10462513594;S
20240524;101458;592.75;3;10462513775;B
20240524;101458;592.75;5;10462513783;B
20240524;101458;592.7;253;10462513851;S
20240524;101459;592.7;23;10462513922;S
20240524;101459;592.7;5;10462513933;S
20240524;101500;592.7;38;10462514140;S
20240524;101500;592.7;80;10462514161;S
20240524;101501;592.7;5;10462514272;S
20240524;101501;592.7;1;10462514313;S
20240524;101501;592.7;2;10462514335;S
20240524;101501;592.7;1;10462514337;S
20240524;101502;592.75;33;10462514668;B
20240524;101503;592.7;100;10462514747;S
20240524;101503;592.7;400;10462514787;S
20240524;101503;592.7;1;10462514918;S
20240524;101504;592.75;1;10462514966;B
20240524;101504;592.7;1;10462514967;S
20240524;101504;592.7;2;10462515149;S
20240524;101506;592.75;1;10462515412;B
20240524;101506;592.75;1;10462515506;B
20240524;101506;592.7;15;10462515511;S
20240524;101507;592.75;4;10462515784;B
20240524;101508;592.7;253;10462515870;S
20240524;101508;592.7;1;10462515974;S
20240524;101508;592.75;2;10462516074;B
20240524;101509;592.7;48;10462516103;S
20240524;101509;592.7;10;10462516196;S
20240524;101510;592.75;50;10462516354;B
20240524;101510;592.7;1;10462516379;S
20240524;101510;592.7;1;10462516384;S
20240524;101511;592.7;2;10462516542;S
20240524;101511;592.7;1;10462516690;S
20240524;101511;592.75;1;10462516704;B
20240524;101511;592.7;3;10462516705;S
20240524;101511;592.7;192;10462516709;S
20240524;101511;592.7;2;10462516714;S
20240524;101511;592.75;1;10462516871;B
20240524;101511;592.7;1;10462516892;S
20240524;101512;592.7;16;10462517006;S
20240524;101512;592.7;1;10462517039;S
20240524;101512;592.7;2;10462517073;S
20240524;101512;592.7;3;10462517074;S
20240524;101512;592.7;1;10462517149;S
20240524;101513;592.7;1;10462517176;S
20240524;101513;592.7;2;10462517193;S
20240524;101513;592.7;1;10462517207;S
20240524;101513;592.7;3;10462517213;S
20240524;101513;592.7;64;10462517216;S
20240524;101513;592.7;1;10462517218;S
20240524;101513;592.7;7;10462517234;S
20240524;101513;592.7;8;10462517246;S
20240524;101513;592.7;1;10462517271;S
20240524;101513;592.75;1;10462517314;B
20240524;101513;592.7;1;10462517315;S
20240524;101513;592.7;2;10462517316;S
20240524;101513;592.7;1;10462517317;S
20240524;101513;592.7;2;10462517450;S
20240524;101513;592.7;2;10462517451;S
20240524;101513;592.7;2;10462517452;S
20240524;101513;592.75;1;10462517454;B
20240524;101513;592.7;8;10462517457;S
20240524;101513;592.7;7;10462517458;S
20240524;101513;592.7;7;10462517459;S
20240524;101513;592.7;4;10462517463;S
20240524;101513;592.7;5;10462517464;S
20240524;101513;592.7;5;10462517465;S
20240524;101513;592.7;2;10462517472;S
20240524;101513;592.7;1;10462517473;S
20240524;101513;592.7;2;10462517474;S
20240524;101513;592.7;1;10462517479;S
20240524;101513;592.7;1;10462517486;S
20240524;101513;592.7;1;10462517487;S
20240524;101513;592.75;1;10462517544;B
20240524;101513;592.7;1;10462517545;S
20240524;101513;592.7;1;10462517546;S
20240524;101513;592.7;1;10462517547;S
20240524;101513;592.75;1;10462517550;B
20240524;101513;592.7;5;10462517551;S
20240524;101513;592.7;5;10462517552;S
20240524;101513;592.7;4;10462517553;S
20240524;101513;592.7;1;10462517570;S
20240524;101513;592.7;1;10462517571;S
20240524;101514;592.7;1;10462517605;S
20240524;101514;592.7;2;10462517606;S
20240524;101514;592.7;2;10462517607;S
20240524;101514;592.7;1;10462517629;S
20240524;101514;592.7;1;10462517630;S
20240524;101514;592.7;1;10462517631;S
20240524;101514;592.7;80;10462517638;S
20240524;101514;592.7;1;10462517644;S
20240524;101514;592.7;1;10462517645;S
20240524;101514;592.7;1;10462517646;S
20240524;101514;592.7;1;10462517652;S
20240524;101514;592.7;13;10462517879;S
20240524;101514;592.7;13;10462517880;S
20240524;101514;592.7;16;10462517881;S
20240524;101514;592.7;1;10462517882;S
20240524;101514;592.7;2;10462517883;S
20240524;101514;592.7;2;10462517884;S
20240524;101514;592.7;1;10462517886;S
20240524;101514;592.7;1;10462517887;S
20240524;101514;592.7;1;10462517888;S
20240524;101514;592.7;1;10462517889;S
20240524;101514;592.7;1;10462517890;S
20240524;101514;592.7;200;10462517906;S
20240524;101515;592.7;11;10462518072;S
20240524;101515;592.7;11;10462518073;S
20240524;101515;592.7;1;10462518088;S
20240524;101515;592.7;112;10462518097;S
20240524;101515;592.7;1;10462518113;S
20240524;101515;592.7;13;10462518114;S
20240524;101515;592.7;3;10462518234;S
20240524;101515;592.7;3;10462518235;S
20240524;101515;592.7;3;10462518236;S
20240524;101515;592.7;200;10462518237;S
20240524;101515;592.75;2;10462518270;B
20240524;101515;592.7;1;10462518271;S
20240524;101516;592.7;13;10462518408;S
20240524;101516;592.7;13;10462518409;S
20240524;101516;592.7;14;10462518410;S
20240524;101516;592.7;10;10462518475;S
20240524;101516;592.7;11;10462518476;S
20240524;101516;592.7;11;10462518477;S
20240524;101516;592.75;1;10462518511;B
20240524;101516;592.7;1;10462518512;S
20240524;101516;592.7;1;10462518513;S
20240524;101516;592.7;2;10462518514;S
20240524;101516;592.7;3;10462518542;S
20240524;101516;592.7;3;10462518543;S
20240524;101516;592.7;2;10462518544;S
20240524;101516;592.7;70;10462518545;S
20240524;101516;592.7;2;10462518595;S
20240524;101516;592.7;1;10462518661;S
20240524;101516;592.7;1;10462518662;S
20240524;101516;592.7;200;10462518669;S
20240524;101516;592.7;200;10462518671;S
20240524;101516;592.7;200;10462518672;S
20240524;101516;592.7;200;10462518674;S
20240524;101516;592.7;200;10462518675;S
20240524;101516;592.7;200;10462518676;S
20240524;101516;592.7;134;10462518677;S
20240524;101516;592.7;1;10462518678;S
20240524;101516;592.7;1;10462518679;S
20240524;101516;592.7;1;10462518680;S
20240524;101516;592.65;1;10462518730;S
20240524;101517;592.65;1;10462518765;S
20240524;101518;592.7;1;10462519114;B
20240524;101518;592.7;1;10462519120;B
20240524;101518;592.65;1;10462519237;S
20240524;101518;592.65;1;10462519238;S
20240524;101518;592.6;200;10462519239;S
20240524;101519;592.65;10;10462519309;B
20240524;101519;592.65;2;10462519319;B
20240524;101519;592.6;239;10462519564;S
20240524;101520;592.65;5;10462519577;B
20240524;101521;592.6;3;10462519946;S
20240524;101521;592.65;41;10462520080;B
20240524;101522;592.6;15;10462520221;S
20240524;101522;592.65;1;10462520255;B
20240524;101524;592.65;5;10462520807;B
20240524;101525;592.65;23;10462521180;B
20240524;101526;592.65;10;10462521384;B
20240524;101527;592.6;80;10462521526;S
20240524;101527;592.6;6;10462521628;S
20240524;101528;592.65;2;10462521859;B
20240524;101528;592.65;1;10462521861;B
20240524;101528;592.6;2;10462521934;S
20240524;101528;592.6;2;10462521935;S
20240524;101528;592.6;10;10462521936;S
20240524;101529;592.65;20;10462522126;B
20240524;101529;592.65;1;10462522156;B
20240524;101529;592.65;1;10462522204;B
20240524;101529;592.6;3;10462522205;S
20240524;101529;592.6;3;10462522206;S
20240524;101529;592.6;516;10462522209;S
20240524;101529;592.6;25;10462522210;S
20240524;101529;592.6;1;10462522211;S
20240524;101529;592.6;196;10462522212;S
20240524;101529;592.55;169;10462522213;S
20240524;101529;592.55;2;10462522214;S
20240524;101529;592.55;35;10462522215;S
20240524;101529;592.5;2;10462522216;S
20240524;101529;592.5;1;10462522217;S
20240524;101529;592.5;18;10462522218;S
20240524;101529;592.5;35;10462522219;S
20240524;101529;592.5;100;10462522220;S
20240524;101529;592.5;200;10462522221;S
20240524;101529;592.5;100;10462522222;S
20240524;101529;592.5;100;10462522223;S
20240524;101529;592.5;100;10462522224;S
20240524;101529;592.5;61;10462522225;S
20240524;101529;592.5;200;10462522226;S
20240524;101529;592.5;100;10462522227;S
20240524;101529;592.5;4;10462522228;S
20240524;101529;592.5;10;10462522229;S
20240524;101529;592.5;10;10462522230;S
20240524;101529;592.5;10;10462522231;S
20240524;101529;592.5;1;10462522232;S
20240524;101529;592.5;10;10462522233;S
20240524;101529;592.5;3;10462522234;S
20240524;101529;592.5;52;10462522235;S
20240524;101529;592.5;25;10462522236;S
20240524;101529;592.5;148;10462522321;S
20240524;101530;592.5;100;10462522375;S
20240524;101530;592.55;1;10462522506;B
20240524;101530;592.55;22;10462522645;B
20240524;101530;592.55;1;10462522646;B
20240524;101531;592.55;11;10462522748;B
20240524;101531;592.55;83;10462522754;B
20240524;101531;592.55;21;10462522755;B
20240524;101531;592.55;196;10462522756;B
20240524;101531;592.5;7;10462522804;S
20240524;101532;592.55;14;10462523148;B
20240524;101532;592.55;20;10462523149;B
20240524;101533;592.55;40;10462523186;B
20240524;101533;592.5;14;10462523222;S
20240524;101534;592.55;25;10462523552;B
20240524;101534;592.55;1;10462523641;B
20240524;101535;592.55;2;10462523863;B
20240524;101536;592.55;1;10462523961;B
20240524;101536;592.55;8;10462524004;B
20240524;101537;592.55;1;10462524058;B
20240524;101537;592.5;20;10462524074;S
20240524;101537;592.5;8;10462524145;S
20240524;101538;592.55;6;10462524333;B
20240524;101538;592.55;2;10462524396;B
20240524;101538;592.55;1;10462524423;B
20240524;101539;592.5;3;10462524486;S
20240524;101539;592.55;5;10462524534;B
20240524;101539;592.5;17;10462524600;S
20240524;101540;592.55;1;10462524719;B
20240524;101540;592.55;2;10462524805;B
20240524;101540;592.55;1;10462524806;B
20240524;101541;592.5;1;10462524864;S
20240524;101542;592.5;1;10462525052;S
20240524;101542;592.5;1;10462525056;S
20240524;101542;592.55;1;10462525076;B
20240524;101542;592.55;2;10462525131;B
20240524;101542;592.5;1;10462525155;S
20240524;101543;592.55;1;10462525233;B
20240524;101543;592.55;25;10462525239;B
20240524;101543;592.55;1;10462525361;B
20240524;101543;592.5;20;10462525389;S
20240524;101543;592.55;1;10462525425;B
20240524;101545;592.55;7;10462525635;B
20240524;101545;592.55;4;10462525647;B
20240524;101545;592.55;1;10462525766;B
20240524;101547;592.55;1;10462526036;B
20240524;101547;592.5;8;10462526082;S
20240524;101548;592.55;1;10462526193;B
20240524;101548;592.55;1;10462526292;B
20240524;101548;592.55;2;10462526338;B
20240524;101549;592.5;33;10462526396;S
20240524;101549;592.55;2;10462526397;B
20240524;101549;592.55;25;10462526401;B
20240524;101549;592.55;1;10462526455;B
20240524;101550;592.55;1;10462526510;B
20240524;101550;592.5;15;10462526525;S
20240524;101550;592.55;2;10462526540;B
20240524;101550;592.55;1;10462526590;B
20240524;101550;592.55;517;10462526608;B
20240524;101550;592.55;20;10462526609;B
20240524;101550;592.55;307;10462526610;B
20240524;101550;592.55;118;10462526611;B
20240524;101550;592.55;38;10462526612;B
20240524;101550;592.55;12;10462526613;B
20240524;101551;592.55;1;10462526783;B
20240524;101552;592.55;12;10462526896;B
20240524;101552;592.55;1;10462526904;B
20240524;101552;592.5;26;10462526958;S
20240524;101552;592.5;1;10462526959;S
20240524;101552;592.5;1;10462526960;S
20240524;101552;592.5;1;10462526961;S
20240524;101552;592.5;5;10462526962;S
20240524;101552;592.5;50;10462526963;S
20240524;101552;592.5;1;10462526964;S
20240524;101552;592.5;196;10462526965;S
20240524;101552;592.5;3;10462526966;S
20240524;101552;592.5;7;10462526967;S
20240524;101552;592.5;5;10462526968;S
20240524;101552;592.5;118;10462526969;S
20240524;101552;592.5;32;10462526970;S
20240524;101552;592.4;2;10462526971;S
20240524;101552;592.4;50;10462526972;S
20240524;101552;592.4;10;10462526973;S
20240524;101552;592.4;50;10462526974;S
20240524;101552;592.4;1;10462526975;S
20240524;101552;592.4;32;10462526976;S
20240524;101552;592.35;210;10462526977;S
20240524;101552;592.3;169;10462526978;S
20240524;101552;592.25;10;10462526979;S
20240524;101552;592.25;1;10462526980;S
20240524;101552;592.25;19;10462526981;S
20240524;101552;592.3;200;10462526986;S
20240524;101552;592.3;196;10462526987;S
20240524;101552;592.3;4;10462526988;S
20240524;101552;592.3;28;10462526989;S
20240524;101552;592.3;125;10462526990;S
20240524;101552;592.3;71;10462526991;S
20240524;101552;592.3;169;10462526992;S
20240524;101552;592.25;40;10462526993;S
20240524;101552;592.25;219;10462526994;S
20240524;101552;592.25;1;10462526995;S
20240524;101554;592.35;1;10462527385;B
20240524;101554;592.35;1;10462527436;B
20240524;101555;592.35;1;10462527490;B
20240524;101555;592.35;20;10462527606;B
20240524;101556;592.35;1;10462527787;B
20240524;101556;592.35;17;10462527788;B
20240524;101556;592.35;3;10462527789;B
20240524;101556;592.3;9;10462527816;S
20240524;101557;592.3;41;10462527978;S
20240524;101557;592.3;196;10462527979;S
20240524;101557;592.25;116;10462527980;S
20240524;101557;592.25;23;10462527981;S
20240524;101602;592.25;3;10462528671;B
20240524;101602;592.25;1;10462528677;B
20240524;101602;592.25;10;10462528769;B
20240524;101602;592.25;25;10462528788;B
20240524;101602;592.2;3;10462528816;S
20240524;101602;592.2;3;10462528817;S
20240524;101602;592.25;1;10462528818;B
20240524;101603;592.25;1;10462528897;B
20240524;101603;592.25;32;10462528899;B
20240524;101605;592.25;1;10462529131;B
20240524;101605;592.25;1;10462529133;B
20240524;101605;592.2;6;10462529173;S
20240524;101605;592.2;24;10462529201;S
20240524;101605;592.25;1;10462529216;B
20240524;101605;592.2;3;10462529242;S
20240524;101606;592.2;5;10462529306;S
20240524;101607;592.2;3;10462529400;S
20240524;101607;592.25;16;10462529449;B
20240524;101607;592.25;21;10462529450;B
20240524;101607;592.3;6;10462529451;B
20240524;101608;592.35;15;10462529587;B
20240524;101608;592.35;2;10462529588;B
20240524;101609;592.2;81;10462529698;S
20240524;101609;592.2;3;10462529699;S
20240524;101609;592.2;2;10462529700;S
20240524;101609;592.2;196;10462529701;S
20240524;101609;592.2;113;10462529702;S
20240524;101609;592.2;109;10462529703;S
20240524;101609;592.15;200;10462529704;S
20240524;101609;592.15;2;10462529705;S
20240524;101609;592.15;7;10462529706;S
20240524;101609;592.15;100;10462529707;S
20240524;101609;592.15;1;10462529708;S
20240524;101609;592.15;25;10462529709;S
20240524;101609;592.15;50;10462529710;S
20240524;101609;592.15;211;10462529711;S
20240524;101609;592.1;100;10462529712;S
20240524;101609;592.1;1;10462529713;S
20240524;101609;592.1;1;10462529714;S
20240524;101609;592.1;200;10462529715;S
20240524;101609;592.1;20;10462529716;S
20240524;101609;592.1;2;10462529717;S
20240524;101609;592.1;100;10462529718;S
20240524;101609;592.1;207;10462529719;S
20240524;101609;592.05;33;10462529720;S
20240524;101609;592.05;1;10462529721;S
20240524;101609;592.05;100;10462529722;S
20240524;101609;592.05;850;10462529723;S
20240524;101609;592.05;1;10462529724;S
20240524;101609;592.05;10;10462529725;S
20240524;101609;592.05;1;10462529726;S
20240524;101609;592.05;48;10462529727;S
20240524;101609;592;100;10462529728;S
20240524;101609;592;1;10462529729;S
20240524;101609;592;2;10462529730;S
20240524;101609;592;18;10462529731;S
20240524;101609;592;5;10462529732;S
20240524;101609;592;25;10462529733;S
20240524;101609;592;2;10462529734;S
20240524;101609;592;10;10462529735;S
20240524;101609;592;1;10462529736;S
20240524;101609;592;500;10462529737;S
20240524;101609;592;5;10462529738;S
20240524;101609;592;5;10462529739;S
20240524;101609;592;1;10462529740;S
20240524;101609;592;1;10462529741;S
20240524;101609;592;1;10462529742;S
20240524;101609;592;10;10462529743;S
20240524;101609;592;1;10462529744;S
20240524;101609;592;1;10462529745;S
20240524;101609;592;1;10462529746;S
20240524;101609;592;300;10462529747;S
20240524;101609;592;100;10462529748;S
20240524;101609;592;21;10462529749;S
20240524;101609;592;1;10462529750;S
20240524;101609;592;94;10462529751;S
20240524;101609;592;6;10462529752;S
20240524;101609;592;15;10462529753;S
20240524;101609;592;1;10462529754;S
20240524;101609;592;2;10462529755;S
20240524;101609;592;100;10462529756;S
20240524;101609;592;1;10462529757;S
20240524;101609;592;2;10462529758;S
20240524;101609;592;392;10462529759;S
20240524;101609;592;16;10462529827;S
20240524;101609;592;16;10462529828;S
20240524;101609;592;16;10462529829;S
20240524;101609;592;16;10462529830;S
20240524;101609;592;16;10462529831;S
20240524;101609;592;16;10462529832;S
20240524;101609;592;13;10462529833;S
20240524;101609;592;3;10462529834;S
20240524;101609;592;16;10462529835;S
20240524;101609;592;16;10462529836;S
20240524;101610;592.1;14;10462529852;B
20240524;101610;592.15;11;10462529853;B
20240524;101610;592.05;6;10462529874;S
20240524;101610;592.15;1;10462529910;S
20240524;101610;592.15;41;10462529913;S
20240524;101610;592.15;159;10462529914;S
20240524;101615;592.25;1;10462530463;B
20240524;101616;592.2;25;10462530657;S
20240524;101616;592.2;15;10462530658;S
20240524;101618;592.2;3;10462530802;S
20240524;101618;592.35;5;10462530804;B
20240524;101619;592.15;44;10462531015;S
20240524;101619;592.35;1;10462531016;B
20240524;101619;592.15;41;10462531046;S
20240524;101619;592.15;13;10462531047;S
20240524;101619;592.15;15;10462531048;S
20240524;101619;592.15;38;10462531049;S
20240524;101619;592.15;45;10462531050;S
20240524;101619;592.1;20;10462531051;S
20240524;101619;592.1;12;10462531052;S
20240524;101619;592.1;49;10462531053;S
20240524;101619;592.1;40;10462531054;S
20240524;101619;592.15;19;10462531055;S
20240524;101619;592.15;75;10462531056;S
20240524;101619;592.15;15;10462531057;S
20240524;101619;592.1;171;10462531061;S
20240524;101619;592.1;11;10462531062;S
20240524;101620;592.1;5;10462531094;S
20240524;101623;592.1;1;10462531500;S
20240524;101631;592.25;1;10462532413;B
20240524;101631;592.25;169;10462532434;B
20240524;101631;592.25;12;10462532435;B
20240524;101631;592.3;10;10462532452;B
20240524;101631;592.25;11;10462532460;S
20240524;101634;592.35;11;10462532790;B
20240524;101634;592.4;14;10462532791;B
20240524;101638;592.5;25;10462533070;B
20240524;101639;592.5;1;10462533181;B
20240524;101640;592.5;1;10462533295;B
20240524;101642;592.35;1;10462533462;S
20240524;101644;592.35;4;10462533694;S
20240524;101644;592.35;18;10462533695;S
20240524;101647;592.5;3;10462533982;B
20240524;101650;592.45;5;10462534253;S
20240524;101652;592.6;10;10462534412;B
20240524;101652;592.6;1;10462534413;B
20240524;101652;592.6;14;10462534414;B
20240524;101655;592.6;25;10462534692;B
20240524;101656;592.6;9;10462534889;B
20240524;101656;592.6;16;10462534890;B
20240524;101658;592.6;2;10462535007;B
20240524;101700;592.5;11;10462535192;S
20240524;101703;592.6;5;10462535533;B
20240524;101703;592.6;36;10462535534;B
20240524;101703;592.65;5;10462535535;B
20240524;101710;592.6;5;10462536236;B
20240524;101712;592.65;3;10462536412;B
20240524;101714;592.6;2;10462536646;B
20240524;101715;592.65;1;10462536821;B
20240524;101715;592.65;1;10462536822;B
20240524;101715;592.65;2;10462536841;B
20240524;101717;592.5;15;10462536971;S
20240524;101719;592.5;74;10462537274;S
20240524;101722;592.4;1;10462537495;S
20240524;101722;592.35;2;10462537496;S
20240524;101722;592.35;40;10462537497;S
20240524;101722;592.3;58;10462537498;S
20240524;101722;592.3;200;10462537499;S
20240524;101722;592.25;3;10462537500;S
20240524;101722;592.25;5;10462537501;S
20240524;101722;592.25;6;10462537502;S
20240524;101722;592.25;100;10462537503;S
20240524;101722;592.2;105;10462537504;S
20240524;101722;592.3;21;10462537519;S
20240524;101722;592.3;169;10462537655;B
20240524;101722;592.3;99;10462537656;B
20240524;101722;592.35;284;10462537657;B
20240524;101722;592.4;30;10462537658;B
20240524;101722;592.45;8;10462537659;B
20240524;101722;592.5;371;10462537660;B
20240524;101722;592.5;211;10462537661;B
20240524;101722;592.6;196;10462537662;B
20240524;101722;592.6;1518;10462537663;B
20240524;101722;592.65;100;10462537664;B
20240524;101722;592.65;168;10462537665;B
20240524;101722;592.65;291;10462537666;B
20240524;101722;592.65;200;10462537667;B
20240524;101722;592.65;1000;10462537668;B
20240524;101722;592.7;10;10462537669;B
20240524;101722;592.75;168;10462537670;B
20240524;101722;592.85;1100;10462537671;B
20240524;101722;592.85;397;10462537672;B
20240524;101722;592.85;1000;10462537673;B
20240524;101722;592.85;168;10462537674;B
20240524;101722;592.85;1000;10462537675;B
20240524;101722;592.85;1000;10462537676;B
20240524;101722;592.95;512;10462537677;B
20240524;101723;592.7;100;10462537680;S
20240524;101723;592.75;2;10462537748;B
20240524;101726;592.7;2;10462538006;S
20240524;101727;592.7;10;10462538124;S
20240524;101727;592.75;1;10462538152;B
20240524;101730;592.75;2;10462538483;B
20240524;101732;592.75;29;10462538811;S
20240524;101734;592.85;95;10462539039;B
20240524;101734;592.9;16;10462539040;B
20240524;101734;592.9;8;10462539041;B
20240524;101734;592.9;5;10462539042;B
20240524;101734;592.9;30;10462539043;B
20240524;101734;592.95;210;10462539044;B
20240524;101734;593;100;10462539045;B
20240524;101734;593;6;10462539046;B
20240524;101734;593;1;10462539047;B
20240524;101734;593;168;10462539048;B
20240524;101734;593.05;196;10462539049;B
20240524;101734;593.05;146;10462539050;B
20240524;101734;593.1;168;10462539051;B
20240524;101734;593.1;169;10462539052;B
20240524;101734;593.1;371;10462539053;B
20240524;101734;593.15;2537;10462539054;B
20240524;101734;593.2;168;10462539055;B
20240524;101734;593.25;2;10462539056;B
20240524;101734;593.25;4;10462539057;B
20240524;101734;593.3;100;10462539058;B
20240524;101734;593.3;200;10462539059;B
20240524;101734;593.35;3;10462539060;B
20240524;101734;593.35;297;10462539061;B
20240524;101736;593.1;7;10462539251;S
20240524;101736;593.15;1;10462539278;B
20240524;101737;593.05;100;10462539397;S
20240524;101737;593;23;10462539398;S
20240524;101737;593;93;10462539399;S
20240524;101737;593;196;10462539400;S
20240524;101737;592.9;42;10462539401;S
20240524;101737;592.9;219;10462539402;S
20240524;101737;592.85;1000;10462539403;S
20240524;101737;592.75;210;10462539404;S
20240524;101737;592.7;4;10462539405;S
20240524;101737;592.7;1000;10462539406;S
20240524;101737;592.65;114;10462539407;S
20240524;101744;592.8;2;10462540152;S
20240524;101750;592.95;42;10462540677;B
20240524;101750;592.95;16;10462540678;B
20240524;101750;593;210;10462540679;B
20240524;101750;593.05;7;10462540680;B
20240524;101750;593.1;196;10462540681;B
20240524;101750;593.15;10;10462540682;B
20240524;101750;593.2;169;10462540683;B
20240524;101750;593.2;371;10462540684;B
20240524;101750;593.25;90;10462540685;B
20240524;101757;593.05;2;10462541492;B
20240524;101803;592.95;100;10462542287;S
20240524;101803;592.9;1;10462542289;S
20240524;101804;592.9;41;10462542462;B
20240524;101806;592.9;2;10462542623;B
20240524;101809;592.9;1;10462543113;B
20240524;101810;592.9;1;10462543243;B
20240524;101811;592.9;8;10462543402;B
20240524;101818;592.85;9;10462544344;S
20240524;101819;592.9;4;10462544517;B
20240524;101822;592.9;1;10462545577;B
20240524;101822;592.9;1;10462545767;B
20240524;101823;592.85;22;10462546263;S
20240524;101823;592.85;65;10462546264;S
20240524;101823;592.85;4;10462546265;S
20240524;101823;592.8;20;10462546267;S
20240524;101823;592.75;40;10462546268;S
20240524;101824;592.75;1;10462546756;B
20240524;101826;592.75;1;10462547126;B
20240524;101826;592.7;13;10462547167;S
20240524;101828;592.7;4;10462547431;B
20240524;101830;592.75;1;10462547681;B
20240524;101833;592.7;4;10462548179;S
20240524;101833;592.75;12;10462548209;B
20240524;101834;592.75;6;10462548330;B
20240524;101837;592.75;51;10462548759;B
20240524;101839;592.75;7;10462548935;B
20240524;101841;592.7;7;10462549200;S
20240524;101841;592.7;89;10462549201;S
20240524;101843;592.7;2;10462549497;B
20240524;101843;592.7;30;10462549606;B
20240524;101845;592.7;3;10462549915;B
20240524;101847;592.7;102;10462550130;B
20240524;101848;592.7;10;10462550292;B
20240524;101850;592.7;1;10462550508;B
20240524;101850;592.7;1;10462550549;B
20240524;101852;592.7;1;10462550909;B
20240524;101855;592.65;3;10462551534;S
20240524;101855;592.65;196;10462551535;S
20240524;101855;592.6;1;10462551536;S
20240524;101855;592.6;25;10462551537;S
20240524;101855;592.55;1000;10462551538;S
20240524;101855;592.55;44;10462551539;S
20240524;101855;592.55;5;10462551577;B
20240524;101855;592.5;3;10462551578;S
20240524;101855;592.5;10;10462551579;S
20240524;101855;592.5;9;10462551580;S
20240524;101856;592.55;2;10462551743;B
20240524;101856;592.55;1000;10462551766;B
20240524;101859;592.55;1;10462552097;B
20240524;101902;592.55;3;10462552759;B
20240524;101903;592.5;1;10462552898;S
20240524;101903;592.55;1;10462553032;B
20240524;101904;592.5;9;10462553181;S
20240524;101904;592.45;4;10462553182;S
20240524;101904;592.55;1;10462553188;B
20240524;101905;592.35;18;10462553367;B
20240524;101905;592.35;36;10462553398;B
20240524;101905;592.45;14;10462553399;B
20240524;101908;592.5;10;10462553844;B
20240524;101910;592.3;10;10462554046;S
20240524;101910;592.25;211;10462554047;S
20240524;101910;592.2;109;10462554048;S
20240524;101910;592.25;15;10462554118;S
20240524;101916;592.45;1;10462554892;B
20240524;101919;592.5;6;10462555333;B
20240524;101920;592.2;100;10462555393;S
20240524;101921;592.45;1;10462555545;B
20240524;101927;592.25;2;10462556376;S
20240524;101927;592.45;1;10462556379;B
20240524;101928;592.45;1;10462556479;B
20240524;101929;592.45;50;10462556788;B
20240524;101932;592.25;10;10462557197;B
20240524;101932;592.25;71;10462557237;B
20240524;101933;592.2;30;10462557400;S
20240524;101935;592.2;20;10462557541;S
20240524;101935;592.2;15;10462557542;S
20240524;101937;592.25;1;10462557828;B
20240524;101939;592.2;181;10462558133;S
20240524;101939;592.2;45;10462558134;S
20240524;101939;592.2;71;10462558135;S
20240524;101939;592.15;42;10462558136;S
20240524;101940;592.1;5;10462558219;S
20240524;101940;592.1;5;10462558220;S
20240524;101940;592.15;3;10462558278;B
20240524;101941;592.1;1;10462558305;S
20240524;101941;592.15;1;10462558422;B
20240524;101943;592.1;1;10462558556;S
20240524;101945;592.15;2;10462558836;B
20240524;101946;592.1;1;10462558966;S
20240524;101946;592.1;1;10462559060;S
20240524;101947;592.15;41;10462559238;B
20240524;101949;592.1;3;10462559438;S
20240524;101949;592.15;4;10462559510;B
20240524;101950;592.15;1;10462559642;B
20240524;101950;592.15;9;10462559690;B
20240524;101950;592.25;18;10462559691;B
20240524;101950;592.3;7;10462559692;B
20240524;101950;592.35;29;10462559693;B
20240524;101950;592.35;177;10462559694;B
20240524;101955;592.4;4;10462560260;B
20240524;102006;592.4;4;10462561659;B
20240524;102006;592.4;5;10462561735;B
20240524;102006;592.4;6;10462561736;B
20240524;102006;592.4;2;10462561737;B
20240524;102006;592.5;87;10462561738;B
20240524;102007;592.5;5;10462561791;B
20240524;102015;592.4;12;10462566715;B
20240524;102015;592.4;29;10462566910;B
20240524;102015;592.4;1;10462566911;B
20240524;102015;592.45;68;10462566912;B
20240524;102015;592.5;24;10462566913;B
20240524;102015;592.5;211;10462566914;B
20240524;102015;592.5;6;10462566915;B
20240524;102015;592.55;115;10462566916;B
20240524;102017;592.3;1;10462568117;S
20240524;102019;592.3;1;10462569905;S
20240524;102020;592.4;1;10462571295;B
20240524;102020;592.5;1;10462571296;B
20240524;102022;592.5;1;10462572701;B
20240524;102023;592.3;2;10462574195;S
20240524;102026;592.3;1;10462576734;S
20240524;102028;592.35;4;10462578204;B
20240524;102029;592.3;2;10462579832;S
20240524;102032;592.35;1;10462582847;B
20240524;102033;592.3;1;10462583366;S
20240524;102034;592.35;1;10462584791;B
20240524;102034;592.35;1;10462584870;B
20240524;102035;592.3;1;10462585129;S
20240524;102035;592.3;5;10462585818;S
20240524;102035;592.3;6;10462585819;S
20240524;102035;592.3;10;10462585820;S
20240524;102035;592.25;25;10462585821;S
20240524;102035;592.25;1;10462585822;S
20240524;102035;592.25;3;10462585823;S
20240524;102036;592.3;3;10462586570;B
20240524;102037;592.25;1;10462587449;S
20240524;102041;592.3;1;10462591827;B
20240524;102043;592.25;1;10462593560;S
20240524;102043;592.3;2;10462593899;B
20240524;102044;592.25;1;10462595213;S
20240524;102046;592.3;1;10462597786;B
20240524;102049;592.3;2;10462600485;B
20240524;102051;592.25;1;10462602840;S
20240524;102054;592.25;1;10462605121;S
20240524;102054;592.25;1;10462605132;S
20240524;102054;592.25;1;10462605134;S
20240524;102054;592.25;10;10462605143;S
20240524;102054;592.25;3;10462605155;S
20240524;102054;592.25;3;10462605158;S
20240524;102054;592.25;1;10462605163;S
20240524;102054;592.25;1;10462605185;S
20240524;102057;592.25;35;10462607559;S
20240524;102058;592.3;28;10462608077;B
20240524;102058;592.4;9;10462608078;B
20240524;102058;592.4;1;10462608079;B
20240524;102058;592.4;1;10462608080;B
20240524;102058;592.45;61;10462608081;B
20240524;102100;592.4;1;10462608955;B
20240524;102100;592.5;10;10462608956;B
20240524;102103;592.4;1;10462611300;B
20240524;102103;592.4;1;10462611301;B
20240524;102103;592.5;15;10462611302;B
20240524;102103;592.5;13;10462611303;B
20240524;102103;592.3;1;10462611581;S
20240524;102112;592.4;1;10462617016;S
20240524;102113;592.4;1;10462618211;S
20240524;102114;592.3;1;10462618975;S
20240524;102115;592.5;25;10462620006;B
20240524;102116;592.5;1;10462620517;B
20240524;102117;592.5;10;10462621839;B
20240524;102118;592.55;11;10462622344;B
20240524;102118;592.4;1;10462622526;S
20240524;102118;592.35;40;10462623132;S
20240524;102124;592.3;2;10462628414;S
20240524;102126;592.3;2;10462629730;S
20240524;102128;592.55;5;10462631961;B
20240524;102129;592.55;5;10462632733;B
20240524;102130;592.55;21;10462633087;B
20240524;102131;592.3;3;10462633104;S
20240524;102134;592.4;1;10462633562;S
20240524;102134;592.4;1;10462633571;S
20240524;102134;592.4;1;10462633576;S
20240524;102134;592.4;1;10462633583;S
20240524;102136;592.55;25;10462633856;B
20240524;102141;592.55;1;10462634531;B
20240524;102144;592.55;17;10462634965;B
20240524;102145;592.55;1;10462635137;B
20240524;102151;592.5;1;10462635732;B
20240524;102152;592.5;1;10462635817;B
20240524;102155;592.5;1;10462636187;B
20240524;102155;592.5;11;10462636266;B
20240524;102156;592.55;9;10462636404;B
20240524;102156;592.55;1;10462636450;B
20240524;102158;592.55;7;10462636729;B
20240524;102158;592.55;1;10462636730;B
20240524;102158;592.55;92;10462636731;B
20240524;102158;592.55;2;10462636743;B
20240524;102158;592.5;4;10462636744;S
20240524;102159;592.5;1;10462636921;B
20240524;102159;592.45;1;10462636969;B
20240524;102200;592.45;2;10462637023;B
20240524;102200;592.45;2;10462637121;B
20240524;102201;592.45;1;10462637162;B
20240524;102201;592.45;6;10462637173;B
20240524;102201;592.45;2;10462637217;B
20240524;102201;592.45;186;10462637235;B
20240524;102201;592.45;196;10462637236;B
20240524;102201;592.45;118;10462637237;B
20240524;102202;592.45;2;10462637353;B
20240524;102202;592.45;6;10462637361;B
20240524;102203;592.45;2;10462637436;B
20240524;102207;592.45;1;10462637880;B
20240524;102211;592.45;5;10462638232;B
20240524;102212;592.45;3;10462638406;B
20240524;102212;592.45;2;10462638442;B
20240524;102214;592.4;1;10462638597;S
20240524;102214;592.45;61;10462638626;B
20240524;102214;592.45;100;10462638627;B
20240524;102214;592.5;5;10462638628;B
20240524;102214;592.5;30;10462638629;B
20240524;102215;592.5;10;10462638669;B
20240524;102220;592.5;2;10462639478;B
20240524;102220;592.5;1;10462639483;B
20240524;102221;592.5;1;10462639567;B
20240524;102221;592.5;35;10462639580;B
20240524;102222;592.5;1;10462639622;B
20240524;102222;592.5;2;10462639632;B
20240524;102224;592.45;2;10462639810;S
20240524;102224;592.5;1;10462639811;B
20240524;102228;592.45;1;10462640279;S
20240524;102228;592.4;1;10462640280;S
20240524;102230;592.4;1;10462640423;S
20240524;102230;592.4;2;10462640424;S
20240524;102233;592.5;1;10462640886;B
20240524;102236;592.5;2;10462641232;B
20240524;102237;592.5;13;10462641344;B
20240524;102238;592.5;1;10462641452;B
20240524;102240;592.35;2;10462641716;S
20240524;102241;592.35;8;10462641912;S
20240524;102241;592.35;38;10462641913;S
20240524;102241;592.35;3;10462641914;S
20240524;102241;592.35;23;10462641915;S
20240524;102245;592.5;2;10462642209;B
20240524;102245;592.5;4;10462642225;B
20240524;102245;592.5;18;10462642263;B
20240524;102248;592.5;72;10462642484;B
20240524;102248;592.5;28;10462642485;B
20240524;102254;592.5;11;10462643413;B
20240524;102302;592.5;1;10462644419;B
20240524;102303;592.5;2;10462644497;B
20240524;102303;592.35;14;10462644525;S
20240524;102303;592.35;20;10462644526;S
20240524;102303;592.35;168;10462644541;B
20240524;102304;592.3;169;10462644637;S
20240524;102304;592.3;371;10462644638;S
20240524;102304;592.25;24;10462644639;S
20240524;102304;592.25;2;10462644640;S
20240524;102304;592.25;1;10462644641;S
20240524;102304;592.25;1;10462644642;S
20240524;102304;592.25;1;10462644643;S
20240524;102304;592.25;1;10462644644;S
20240524;102304;592.25;1;10462644645;S
20240524;102304;592.25;1;10462644646;S
20240524;102304;592.25;1;10462644647;S
20240524;102304;592.25;1;10462644648;S
20240524;102304;592.25;1;10462644649;S
20240524;102304;592.25;1;10462644650;S
20240524;102304;592.25;1;10462644651;S
20240524;102304;592.25;1;10462644652;S
20240524;102304;592.25;200;10462644653;S
20240524;102304;592.25;1;10462644654;S
20240524;102304;592.25;1;10462644655;S
20240524;102304;592.25;1;10462644656;S
20240524;102304;592.25;1;10462644657;S
20240524;102304;592.25;10;10462644658;S
20240524;102304;592.25;1;10462644659;S
20240524;102304;592.25;1;10462644660;S
20240524;102304;592.25;1;10462644661;S
20240524;102304;592.25;1;10462644662;S
20240524;102304;592.25;1;10462644663;S
20240524;102304;592.25;1;10462644664;S
20240524;102304;592.25;25;10462644665;S
20240524;102304;592.25;1;10462644666;S
20240524;102304;592.25;1;10462644667;S
20240524;102304;592.25;1;10462644668;S
20240524;102304;592.25;1;10462644669;S
20240524;102304;592.25;1;10462644670;S
20240524;102304;592.25;1;10462644671;S
20240524;102304;592.25;1;10462644672;S
20240524;102304;592.25;1;10462644673;S
20240524;102304;592.25;1;10462644674;S
20240524;102304;592.25;1;10462644675;S
20240524;102304;592.25;15;10462644676;S
20240524;102304;592.25;1;10462644677;S
20240524;102304;592.25;1;10462644678;S
20240524;102304;592.25;1;10462644679;S
20240524;102304;592.25;1;10462644680;S
20240524;102304;592.25;1;10462644681;S
20240524;102304;592.25;1;10462644682;S
20240524;102304;592.25;1;10462644683;S
20240524;102304;592.25;1;10462644684;S
20240524;102304;592.25;2;10462644685;S
20240524;102304;592.25;1;10462644686;S
20240524;102304;592.25;1;10462644687;S
20240524;102304;592.25;1;10462644688;S
20240524;102304;592.25;1;10462644689;S
20240524;102304;592.25;1;10462644690;S
20240524;102304;592.25;1;10462644691;S
20240524;102304;592.25;1;10462644692;S
20240524;102304;592.25;1;10462644693;S
20240524;102304;592.25;1;10462644694;S
20240524;102304;592.25;1;10462644695;S
20240524;102304;592.25;52;10462644696;S
20240524;102304;592.2;164;10462644697;S
20240524;102304;592.2;30;10462644698;S
20240524;102304;592.2;196;10462644699;S
20240524;102304;592.2;5;10462644700;S
20240524;102304;592.2;210;10462644701;S
20240524;102304;592.2;39;10462644702;S
20240524;102304;592.2;109;10462644703;S
20240524;102304;592.15;1297;10462644704;S
20240524;102304;592.15;526;10462644705;S
20240524;102309;592.25;1;10462645150;S
20240524;102310;592.35;1;10462645344;B
20240524;102313;592.35;10;10462645622;B
20240524;102314;592.35;1;10462645848;B
20240524;102318;592.25;1;10462646133;S
20240524;102318;592.25;1;10462646134;S
20240524;102318;592.25;1;10462646135;S
20240524;102318;592.25;1;10462646136;S
20240524;102318;592.25;10;10462646137;S
20240524;102318;592.25;1;10462646138;S
20240524;102318;592.25;77;10462646139;S
20240524;102318;592.25;1;10462646140;S
20240524;102318;592.25;1;10462646141;S
20240524;102318;592.25;1;10462646142;S
20240524;102318;592.25;1;10462646143;S
20240524;102318;592.25;1;10462646144;S
20240524;102318;592.25;1;10462646145;S
20240524;102318;592.25;2;10462646146;S
20240524;102323;592.35;4;10462646725;B
20240524;102323;592.35;7;10462646729;B
20240524;102323;592.35;2;10462646730;B
20240524;102324;592.35;2;10462646826;B
20240524;102326;592.35;1;10462647091;B
20240524;102327;592.25;1;10462647175;S
20240524;102327;592.25;1;10462647176;S
20240524;102327;592.25;1;10462647177;S
20240524;102327;592.25;2;10462647178;S
20240524;102327;592.25;1;10462647179;S
20240524;102327;592.25;1;10462647180;S
20240524;102327;592.25;3;10462647181;S
20240524;102333;592.4;1;10462647760;B
20240524;102334;592.4;17;10462647873;B
20240524;102334;592.45;3;10462647874;B
20240524;102335;592.45;4;10462648093;B
20240524;102337;592.35;1;10462648200;S
20240524;102346;592.5;1;10462648955;B
20240524;102348;592.4;14;10462649132;S
20240524;102348;592.35;11;10462649133;S
20240524;102348;592.35;1;10462649146;S
20240524;102349;592.5;3;10462649201;B
20240524;102354;592.35;5;10462649765;S
20240524;102354;592.35;3;10462649766;S
20240524;102354;592.35;10;10462649767;S
20240524;102355;592.5;10;10462649881;B
20240524;102356;592.35;4;10462649932;S
20240524;102401;592.5;3;10462650350;B
20240524;102403;592.45;1;10462650508;S
20240524;102404;592.35;1;10462650550;S
20240524;102405;592.35;1;10462650678;S
20240524;102411;592.35;169;10462651200;S
20240524;102411;592.35;2;10462651201;S
20240524;102411;592.35;2;10462651202;S
20240524;102411;592.35;1;10462651203;S
20240524;102411;592.35;100;10462651204;S
20240524;102411;592.35;148;10462651205;S
20240524;102412;592.5;1;10462651263;B
20240524;102420;592.5;12;10462651995;B
20240524;102420;592.5;1;10462652011;B
20240524;102427;592.4;3;10462652658;B
20240524;102428;592.35;6;10462652785;S
20240524;102430;592.35;1;10462652912;S
20240524;102432;592.35;2;10462653099;S
20240524;102432;592.35;2;10462653165;S
20240524;102437;592.4;8;10462653675;B
20240524;102440;592.4;1;10462653979;B
20240524;102441;592.4;1;10462654082;B
20240524;102441;592.35;212;10462654086;S
20240524;102441;592.35;12;10462654087;S
20240524;102441;592.35;169;10462654088;S
20240524;102442;592.3;75;10462654292;S
20240524;102443;592.3;67;10462654340;S
20240524;102445;592.3;3;10462654534;S
20240524;102447;592.3;20;10462654756;S
20240524;102449;592.35;170;10462654954;B
20240524;102450;592.3;840;10462655041;S
20240524;102451;592.3;10;10462655059;S
20240524;102451;592.35;1;10462655070;B
20240524;102452;592.3;400;10462655143;S
20240524;102452;592.3;1;10462655144;S
20240524;102452;592.35;3;10462655159;B
20240524;102453;592.3;80;10462655272;S
20240524;102454;592.35;433;10462655325;B
20240524;102454;592.35;80;10462655326;B
20240524;102454;592.35;604;10462655327;B
20240524;102454;592.35;51;10462655328;B
20240524;102454;592.35;196;10462655329;B
20240524;102454;592.35;169;10462655330;B
20240524;102454;592.35;3;10462655355;S
20240524;102457;592.35;1;10462655741;S
20240524;102459;592.35;50;10462655991;S
20240524;102500;592.35;20;10462656054;S
20240524;102500;592.4;1;10462656056;B
20240524;102513;592.35;79;10462657762;S
20240524;102513;592.35;7;10462657763;S
20240524;102513;592.3;4;10462657767;S
20240524;102513;592.3;100;10462657768;S
20240524;102515;592.25;7;10462658152;S
20240524;102515;592.25;77;10462658153;S
20240524;102515;592.25;1;10462658154;S
20240524;102515;592.3;1;10462658179;B
20240524;102518;592.25;1;10462658429;S
20240524;102518;592.25;1;10462658430;S
20240524;102518;592.25;1;10462658431;S
20240524;102518;592.25;1;10462658432;S
20240524;102518;592.25;1;10462658433;S
20240524;102518;592.25;2;10462658434;S
20240524;102518;592.25;1;10462658435;S
20240524;102518;592.25;10;10462658436;S
20240524;102518;592.25;3;10462658437;S
20240524;102518;592.25;7;10462658438;S
20240524;102518;592.25;1;10462658439;S
20240524;102518;592.25;10;10462658440;S
20240524;102518;592.25;57;10462658441;S
20240524;102518;592.25;18;10462658490;S
20240524;102518;592.25;1;10462658491;S
20240524;102518;592.25;1;10462658493;S
20240524;102518;592.25;1;10462658494;S
20240524;102519;592.25;2;10462658682;S
20240524;102519;592.25;1;10462658683;S
20240524;102519;592.25;2;10462658684;S
20240524;102519;592.25;1;10462658685;S
20240524;102519;592.25;1;10462658686;S
20240524;102519;592.25;10;10462658687;S
20240524;102519;592.25;7;10462658688;S
20240524;102519;592.25;70;10462658689;S
20240524;102519;592.25;1;10462658690;S
20240524;102519;592.25;1;10462658712;S
20240524;102519;592.25;1;10462658713;S
20240524;102519;592.25;1;10462658714;S
20240524;102520;592.25;2;10462658858;S
20240524;102520;592.25;1;10462658859;S
20240524;102520;592.25;1;10462658860;S
20240524;102520;592.25;8;10462658861;S
20240524;102520;592.25;2;10462658862;S
20240524;102520;592.25;5;10462658863;S
20240524;102520;592.25;1;10462658882;S
20240524;102520;592.25;2;10462658883;S
20240524;102520;592.25;47;10462658953;S
20240524;102520;592.25;22;10462658954;S
20240524;102520;592.25;1;10462658955;S
20240524;102520;592.25;2;10462658956;S
20240524;102520;592.25;1;10462658957;S
20240524;102520;592.25;2;10462658958;S
20240524;102520;592.25;1;10462658959;S
20240524;102520;592.25;1;10462658960;S
20240524;102520;592.25;10;10462658961;S
20240524;102520;592.25;13;10462659066;S
20240524;102520;592.25;14;10462659067;S
20240524;102520;592.25;50;10462659068;S
20240524;102520;592.25;2;10462659070;S
20240524;102520;592.25;2;10462659071;S
20240524;102520;592.25;1;10462659074;S
20240524;102520;592.25;1;10462659080;S
20240524;102520;592.25;1;10462659081;S
20240524;102520;592.25;10;10462659082;S
20240524;102520;592.25;77;10462659083;S
20240524;102520;592.25;2;10462659084;S
20240524;102520;592.25;2;10462659085;B
20240524;102520;592.25;1;10462659096;B
20240524;102520;592.25;49;10462659107;B
20240524;102520;592.25;5;10462659108;S
20240524;102520;592.25;6;10462659109;S
20240524;102521;592.25;17;10462659217;S
20240524;102521;592.25;2;10462659218;S
20240524;102521;592.25;1;10462659219;S
20240524;102521;592.25;1;10462659220;S
20240524;102521;592.25;1;10462659221;S
20240524;102521;592.25;1;10462659222;S
20240524;102521;592.25;6;10462659223;S
20240524;102521;592.2;1;10462659224;S
20240524;102521;592.2;4;10462659225;S
20240524;102521;592.2;5;10462659226;S
20240524;102521;592.3;1;10462659326;B
20240524;102522;592.35;2;10462659382;B
20240524;102525;592.3;2;10462659670;B
20240524;102525;592.35;3;10462659696;B
20240524;102526;592.25;1;10462659722;S
20240524;102528;592.35;5;10462659859;B
20240524;102531;592.25;76;10462660148;S
20240524;102531;592.25;1;10462660149;S
20240524;102531;592.25;1;10462660150;S
20240524;102531;592.25;1;10462660151;S
20240524;102531;592.25;1;10462660152;S
20240524;102531;592.25;1;10462660153;S
20240524;102531;592.25;2;10462660157;B
20240524;102531;592.25;1;10462660158;B
20240524;102531;592.25;1;10462660171;B
20240524;102531;592.25;1;10462660175;B
20240524;102531;592.25;1;10462660179;B
20240524;102531;592.25;1;10462660182;B
20240524;102531;592.25;1;10462660189;B
20240524;102531;592.2;300;10462660190;S
20240524;102531;592.2;195;10462660191;S
20240524;102532;592.2;2;10462660336;B
20240524;102533;592.2;1;10462660378;B
20240524;102536;592.2;102;10462660574;B
20240524;102536;592.2;169;10462660575;B
20240524;102536;592.2;64;10462660576;B
20240524;102536;592.2;50;10462660577;B
20240524;102536;592.2;71;10462660578;B
20240524;102537;592.2;1;10462660692;B
20240524;102539;592.2;30;10462660940;B
20240524;102540;592.2;4;10462661081;B
20240524;102542;592.2;1;10462661341;B
20240524;102543;592.2;1;10462661506;B
20240524;102544;592.15;1;10462661660;S
20240524;102544;592.15;13;10462661725;S
20240524;102544;592.15;10;10462661726;S
20240524;102544;592.15;11;10462661727;S
20240524;102545;592.15;7;10462661832;S
20240524;102545;592.15;7;10462661833;S
20240524;102545;592.15;1;10462661894;S
20240524;102546;592.15;149;10462661987;S
20240524;102546;592.15;2;10462661988;S
20240524;102546;592.15;1;10462661989;S
20240524;102546;592.15;1;10462662003;S
20240524;102548;592.15;6;10462662438;S
20240524;102548;592.15;5;10462662439;S
20240524;102548;592.15;7;10462662440;S
20240524;102548;592.15;5;10462662644;S
20240524;102548;592.15;6;10462662645;S
20240524;102548;592.15;5;10462662646;S
20240524;102548;592.2;24;10462662658;B
20240524;102548;592.2;1;10462662659;B
20240524;102548;592.2;94;10462662660;B
20240524;102548;592.2;81;10462662661;B
20240524;102548;592.15;2;10462662662;S
20240524;102549;592.15;9;10462662741;S
20240524;102549;592.15;10;10462662742;S
20240524;102549;592.15;8;10462662743;S
20240524;102551;592.2;261;10462662866;B
20240524;102551;592.2;1;10462662867;B
20240524;102551;592.25;11;10462662868;B
20240524;102551;592.25;400;10462662869;B
20240524;102551;592.25;156;10462662870;B
20240524;102551;592.15;1;10462662881;S
20240524;102552;592.2;1;10462662989;B
20240524;102555;592.2;2;10462663311;B
20240524;102555;592.15;1;10462663328;S
20240524;102558;592.2;1;10462663752;B
20240524;102559;592.15;232;10462663777;S
20240524;102559;592.15;55;10462663778;S
20240524;102559;592.1;18;10462663779;S
20240524;102559;592.1;1;10462663780;S
20240524;102559;592.1;2;10462663781;S
20240524;102559;592.1;5;10462663782;S
20240524;102559;592.1;10;10462663783;S
20240524;102559;592.1;5;10462663784;S
20240524;102559;592.1;196;10462663785;S
20240524;102559;592.1;1000;10462663786;S
20240524;102559;592.05;1;10462663787;S
20240524;102559;592.05;120;10462663788;S
20240524;102559;592.05;50;10462663789;S
20240524;102559;592.05;50;10462663790;S
20240524;102559;592.05;20;10462663791;S
20240524;102559;592.05;300;10462663792;S
20240524;102559;592.05;240;10462663793;S
20240524;102559;592.05;30;10462663794;S
20240524;102559;592.05;5;10462663795;S
20240524;102559;592;8;10462663796;S
20240524;102559;592;2;10462663797;S
20240524;102559;592;2;10462663798;S
20240524;102559;592;4;10462663799;S
20240524;102559;592;30;10462663800;S
20240524;102559;592;1;10462663801;S
20240524;102559;592;5;10462663802;S
20240524;102559;592;10;10462663803;S
20240524;102559;592;1;10462663804;S
20240524;102559;592;2;10462663805;S
20240524;102559;592;500;10462663806;S
20240524;102559;592;4;10462663807;S
20240524;102559;592;125;10462663808;S
20240524;102559;592;2;10462663809;S
20240524;102559;592;5;10462663810;S
20240524;102559;592;1;10462663811;S
20240524;102559;592;20;10462663812;S
20240524;102559;592;15;10462663813;S
20240524;102559;592;1;10462663814;S
20240524;102559;592;10;10462663815;S
20240524;102559;592;20;10462663816;S
20240524;102559;592;1;10462663817;S
20240524;102559;592;2;10462663818;S
20240524;102559;592;2;10462663819;S
20240524;102559;592;1;10462663820;S
20240524;102559;592;1;10462663821;S
20240524;102559;592;1;10462663822;S
20240524;102559;592;1;10462663823;S
20240524;102559;592;1518;10462663824;S
20240524;102559;592;1;10462663825;S
20240524;102559;592;2;10462663826;S
20240524;102559;592;362;10462663832;B
20240524;102559;592;50;10462663833;B
20240524;102559;592;137;10462663834;B
20240524;102600;592;30;10462664011;B
20240524;102600;592;1;10462664058;B
20240524;102602;592;1;10462664260;B
20240524;102603;592;1;10462664445;B
20240524;102604;592;1;10462664681;B
20240524;102606;592;400;10462664932;B
20240524;102606;592;2100;10462665048;B
20240524;102606;592;169;10462665049;B
20240524;102606;592;212;10462665050;B
20240524;102606;592;233;10462665051;B
20240524;102606;592;2;10462665052;B
20240524;102609;591.95;40;10462665558;S
20240524;102610;592;1;10462665621;B
20240524;102610;591.95;9;10462665883;S
20240524;102610;592;3;10462665918;B
20240524;102611;592;170;10462666019;B
20240524;102612;592;1;10462666132;B
20240524;102613;591.95;200;10462666295;S
20240524;102613;591.95;300;10462666296;S
20240524;102614;592;2504;10462666429;B
20240524;102614;592;90;10462666430;B
20240524;102614;592;232;10462666431;B
20240524;102614;592;15;10462666432;B
20240524;102614;592;28;10462666433;B
20240524;102614;592;11;10462666434;B
20240524;102615;591.95;2;10462666516;S
20240524;102615;592;28;10462666546;B
20240524;102615;592;5;10462666573;B
20240524;102620;592;50;10462666922;B
20240524;102620;591.95;4;10462667011;S
20240524;102620;592;2;10462667029;B
20240524;102622;592;1;10462667192;B
20240524;102623;592;2250;10462667239;B
20240524;102623;592;14;10462667240;B
20240524;102623;592;39;10462667241;B
20240524;102623;592;1;10462667264;B
20240524;102624;591.95;1;10462667346;S
20240524;102625;591.95;1;10462667437;S
20240524;102625;592;16;10462667464;B
20240524;102626;591.95;443;10462667472;S
20240524;102626;591.95;1;10462667473;S
20240524;102626;591.95;500;10462667474;S
20240524;102626;591.95;10;10462667475;S
20240524;102626;591.95;9;10462667476;S
20240524;102626;591.95;5;10462667477;S
20240524;102626;591.95;500;10462667478;S
20240524;102626;591.95;1;10462667479;S
20240524;102626;591.95;1;10462667480;S
20240524;102626;591.95;196;10462667481;S
20240524;102626;591.95;16;10462667482;S
20240524;102626;591.9;80;10462667483;S
20240524;102626;591.9;3238;10462667484;S
20240524;102626;591.95;260;10462667500;B
20240524;102626;592;740;10462667501;B
20240524;102626;591.9;25;10462667503;S
20240524;102628;592;1;10462667775;B
20240524;102631;592;1;10462668128;B
20240524;102632;591.9;1;10462668174;S
20240524;102633;591.9;1;10462668331;S
20240524;102635;591.95;17;10462668585;B
20240524;102636;591.9;1;10462668621;S
20240524;102641;591.9;1450;10462669162;S
20240524;102642;591.95;50;10462669502;B
20240524;102642;591.95;41;10462669506;B
20240524;102643;592;28;10462669512;B
20240524;102645;592;253;10462670085;B
20240524;102649;592;100;10462670651;B
20240524;102652;591.95;1;10462670976;S
20240524;102653;591.95;1;10462671161;S
20240524;102653;591.95;44;10462671214;S
20240524;102655;591.95;33;10462671451;S
20240524;102656;591.95;90;10462671460;S
20240524;102656;591.95;117;10462671461;S
20240524;102658;592;1;10462671671;B
20240524;102659;592;50;10462671840;B
20240524;102701;592;1;10462671965;B
20240524;102703;591.95;2;10462672085;S
20240524;102703;592;25;10462672099;B
20240524;102704;591.95;174;10462672288;S
20240524;102705;592;2;10462672533;B
20240524;102708;591.95;1;10462672818;S
20240524;102708;592;1;10462672840;B
20240524;102710;591.95;128;10462672952;S
20240524;102713;592;1;10462673267;B
20240524;102716;592;21;10462673587;B
20240524;102717;592;10;10462673650;B
20240524;102717;591.95;1;10462673705;S
20240524;102717;591.95;3;10462673706;S
20240524;102717;591.95;112;10462673708;S
20240524;102718;591.9;2;10462673777;S
20240524;102719;591.95;5;10462673861;B
20240524;102720;591.95;164;10462674169;B
20240524;102720;591.95;233;10462674170;B
20240524;102720;592;603;10462674171;B
20240524;102720;591.95;10;10462674185;B
20240524;102720;591.9;153;10462674243;S
20240524;102720;591.9;129;10462674248;S
20240524;102720;591.95;1;10462674395;B
20240524;102721;591.9;2;10462674575;S
20240524;102722;591.95;30;10462674615;B
20240524;102722;591.95;1;10462674628;B
20240524;102723;591.95;4;10462674753;B
20240524;102723;591.95;1;10462674781;B
20240524;102725;591.9;5;10462675096;S
20240524;102725;591.9;2;10462675097;S
20240524;102725;591.9;3;10462675098;S
20240524;102725;591.9;12;10462675099;S
20240524;102725;591.95;1;10462675125;B
20240524;102726;591.95;1;10462675179;B
20240524;102727;591.95;2;10462675257;B
20240524;102728;591.9;5;10462675313;S
20240524;102729;591.9;2;10462675513;S
20240524;102730;591.9;4;10462675591;S
20240524;102730;591.95;10;10462675610;B
20240524;102731;591.95;193;10462675691;B
20240524;102731;591.95;67;10462675692;B
20240524;102731;591.95;208;10462675693;B
20240524;102732;591.95;282;10462675784;S
20240524;102732;591.95;6;10462675785;S
20240524;102734;591.9;272;10462676295;S
20240524;102736;591.9;2;10462676566;S
20240524;102738;591.95;1;10462676876;B
20240524;102738;591.9;2;10462676949;S
20240524;102739;591.95;4;10462676990;B
20240524;102739;591.9;272;10462677085;S
20240524;102739;591.9;1;10462677122;S
20240524;102741;591.95;1;10462677309;B
20240524;102741;591.95;45;10462677377;B
20240524;102741;591.95;48;10462677378;B
20240524;102743;591.95;49;10462677623;B
20240524;102743;591.95;301;10462677624;B
20240524;102743;591.9;323;10462677821;S
20240524;102743;591.95;1;10462677850;B
20240524;102745;591.95;4;10462678060;S
20240524;102745;591.95;172;10462678061;S
20240524;102745;591.95;14;10462678210;B
20240524;102749;591.95;155;10462678703;B
20240524;102749;591.95;13;10462678704;B
20240524;102749;591.95;5;10462678705;B
20240524;102749;591.95;38;10462678760;B
20240524;102751;591.95;25;10462679251;B
20240524;102753;591.9;105;10462679552;S
20240524;102753;591.9;129;10462679553;S
20240524;102753;591.9;300;10462679554;S
20240524;102753;591.9;224;10462679555;S
20240524;102754;591.95;1;10462679650;B
20240524;102755;591.95;14;10462679664;B
20240524;102756;592;30;10462679794;B
20240524;102756;591.95;10;10462679904;B
20240524;102757;591.95;313;10462680001;B
20240524;102757;591.95;2;10462680002;B
20240524;102758;591.95;2;10462680189;S
20240524;102758;592;2;10462680223;B
20240524;102800;591.95;1;10462680438;S
20240524;102800;592;1;10462680532;B
20240524;102807;592;11;10462681942;B
20240524;102807;592;10;10462682023;B
20240524;102809;592;1;10462682430;B
20240524;102810;591.95;68;10462682589;S
20240524;102811;592;9;10462682632;B
20240524;102811;591.95;2;10462682639;S
20240524;102812;591.95;5;10462682706;S
20240524;102812;591.95;138;10462682770;S
20240524;102815;591.95;2;10462683008;S
20240524;102816;591.95;1;10462683134;S
20240524;102820;592;1;10462683627;B
20240524;102821;592;2;10462683681;B
20240524;102822;592;2;10462683772;B
20240524;102822;591.95;8;10462683805;S
20240524;102823;592;5;10462683815;B
20240524;102823;592;42;10462683909;B
20240524;102828;592;354;10462684320;B
20240524;102828;592;161;10462684321;B
20240524;102828;592;13;10462684322;B
20240524;102828;592;20;10462684323;B
20240524;102828;592;11;10462684324;B
20240524;102828;592;3;10462684325;B
20240524;102828;592;14;10462684326;B
20240524;102828;592;2;10462684327;B
20240524;102828;592;1;10462684328;B
20240524;102828;592;199;10462684329;B
20240524;102830;592;1;10462684579;B
