<DATE>;<TIME>;<LAST>;<VOL>;<ID>;<OPER>
20240516;095957;599.5;3;10379476021;S
20240516;095957;599.5;2;10379476022;S
20240516;095957;599.5;22;10379476023;S
20240516;095957;599.5;2;10379476024;S
20240516;095957;599.5;24;10379476025;S
20240516;095957;599.5;10;10379476026;S
20240516;095957;599.5;1;10379476027;S
20240516;095957;599.5;1;10379476028;S
20240516;095957;599.5;2;10379476029;S
20240516;095957;599.5;12;10379476030;S
20240516;095957;599.5;21;10379476031;S
20240516;095957;599.5;1;10379476032;S
20240516;095957;599.5;5;10379476033;S
20240516;095957;599.5;1;10379476034;B
20240516;095957;599.5;1;10379476035;S
20240516;095957;599.5;5;10379476036;S
20240516;095957;599.5;5;10379476037;S
20240516;095957;599.5;4;10379476038;S
20240516;095957;599.5;100;10379476039;S
20240516;095957;599.5;5;10379476040;S
20240516;095957;599.5;10;10379476041;B
20240516;095957;599.5;3;10379476042;S
20240516;095957;599.5;1;10379476043;S
20240516;095957;599.5;50;10379476044;S
20240516;095957;599.5;40;10379476045;S
20240516;095957;599.5;1;10379476046;B
20240516;095957;599.5;300;10379476047;S
20240516;095957;599.5;1771;10379476048;S
20240516;095957;599.5;300;10379476049;S
20240516;095957;599.5;403;10379476050;S
20240516;095957;599.5;10;10379476051;S
20240516;095957;599.5;100;10379476052;S
20240516;095957;599.5;1;10379476053;S
20240516;095957;599.5;217;10379476054;S
20240516;095957;599.5;1;10379476055;S
20240516;095957;599.5;10;10379476056;S
20240516;095957;599.5;10;10379476057;S
20240516;095957;599.5;2;10379476058;S
20240516;095957;599.5;130;10379476059;S
20240516;095957;599.5;32;10379476060;S
20240516;095957;599.5;10;10379476061;S
20240516;095957;599.5;10;10379476062;S
20240516;095957;599.5;10;10379476063;S
20240516;095957;599.5;78;10379476064;S
20240516;095957;599.5;120;10379476065;S
20240516;095957;599.5;5;10379476066;S
20240516;095957;599.5;2;10379476067;S
20240516;095957;599.5;20;10379476068;S
20240516;095957;599.5;100;10379476069;S
20240516;095957;599.5;139;10379476070;S
20240516;095957;599.5;3;10379476071;B
20240516;095957;599.5;31;10379476072;B
20240516;095957;599.5;100;10379476073;B
20240516;095957;599.5;127;10379476074;B
20240516;095957;599.5;73;10379476075;B
20240516;095957;599.5;57;10379476076;B
20240516;095957;599.5;32;10379476077;B
20240516;095957;599.5;10;10379476078;B
20240516;095957;599.5;10;10379476079;B
20240516;095957;599.5;1;10379476080;B
20240516;095957;599.5;30;10379476081;B
20240516;095957;599.5;7;10379476082;B
20240516;095957;599.5;60;10379476083;B
20240516;095957;599.5;225;10379476084;B
20240516;095957;599.5;15;10379476085;B
20240516;095957;599.5;1;10379476086;S
20240516;095957;599.5;500;10379476087;S
20240516;095957;599.5;52;10379476088;S
20240516;095957;599.5;8;10379476089;S
20240516;095957;599.5;3;10379476090;B
20240516;095957;599.5;9;10379476091;B
20240516;095957;599.5;1;10379476092;B
20240516;095957;599.5;70;10379476093;B
20240516;095957;599.5;357;10379476094;B
20240516;095957;599.5;500;10379476095;B
20240516;095957;599.5;500;10379476096;B
20240516;095957;599.5;500;10379476097;B
20240516;095957;599.5;600;10379476098;B
20240516;095957;599.5;200;10379476099;B
20240516;095957;599.5;200;10379476100;B
20240516;095957;599.5;200;10379476101;B
20240516;095957;599.5;415;10379476102;B
20240516;095957;599.5;1000;10379476103;S
20240516;095957;599.5;50;10379476104;S
20240516;095957;599.5;1;10379476105;S
20240516;095957;599.5;200;10379476106;S
20240516;095957;599.5;500;10379476107;B
20240516;095957;599.5;1;10379476108;S
20240516;095957;599.5;5000;10379476109;S
20240516;095957;599.5;25;10379476110;B
20240516;095957;599.5;700;10379476111;B
20240516;095957;599.5;30;10379476112;S
20240516;095957;599.5;25;10379476113;S
20240516;095957;599.5;500;10379476114;S
20240516;095957;599.5;15;10379476115;S
20240516;095957;599.5;3300;10379476116;S
20240516;095957;599.5;1000;10379476117;S
20240516;095957;599.5;2;10379476118;B
20240516;095957;599.5;1200;10379476119;B
20240516;095957;599.5;1000;10379476120;B
20240516;095957;599.5;16;10379476121;B
20240516;095957;599.5;15;10379476122;B
20240516;095957;599.5;5000;10379476123;B
20240516;095957;599.5;640;10379476124;B
20240516;095957;599.5;100;10379476125;B
20240516;095957;599.5;77;10379476126;B
20240516;095957;599.5;10;10379476127;B
20240516;095957;599.5;100;10379476128;B
20240516;095957;599.5;20;10379476129;B
20240516;095957;599.5;1;10379476130;S
20240516;095957;599.5;33;10379476131;B
20240516;095957;599.5;200;10379476132;S
20240516;095957;599.5;25;10379476133;B
20240516;095957;599.5;500;10379476134;B
20240516;095957;599.5;40;10379476135;B
20240516;095957;599.5;1202;10379476136;B
20240516;095957;599.5;5;10379476137;B
20240516;095957;599.5;25;10379476138;B
20240516;095957;599.5;39;10379476139;B
20240516;095957;599.5;22;10379476140;B
20240516;095957;599.5;1;10379476141;B
20240516;095957;599.5;152;10379476142;B
20240516;095957;599.5;1;10379476143;S
20240516;095957;599.5;38;10379476144;S
20240516;095957;599.5;200;10379476145;S
20240516;095957;599.5;59;10379476146;S
20240516;095957;599.5;1;10379476147;S
20240516;095957;599.5;4;10379476148;S
20240516;095957;599.5;1;10379476149;S
20240516;095957;599.5;2;10379476150;S
20240516;095957;599.5;3;10379476151;B
20240516;095957;599.5;2;10379476152;S
20240516;095957;599.5;3;10379476153;B
20240516;095957;599.5;1;10379476154;B
20240516;095957;599.5;2;10379476155;B
20240516;095957;599.5;1;10379476156;B
20240516;095957;599.5;15;10379476157;B
20240516;095957;599.5;15;10379476158;B
20240516;095957;599.5;1;10379476159;B
20240516;095957;599.5;1;10379476160;B
20240516;095957;599.5;2;10379476161;B
20240516;095957;599.5;1;10379476162;B
20240516;095957;599.5;1;10379476163;B
20240516;095957;599.5;2;10379476164;B
20240516;095957;599.5;1;10379476165;B
20240516;095957;599.5;1;10379476166;B
20240516;095957;599.5;1;10379476167;B
20240516;095957;599.5;1;10379476168;B
20240516;095957;599.5;1;10379476169;B
20240516;095957;599.5;1;10379476170;B
20240516;095957;599.5;1;10379476171;B
20240516;095957;599.5;1;10379476172;B
20240516;095957;599.5;2;10379476173;B
20240516;095957;599.5;2;10379476174;B
20240516;095957;599.5;1;10379476175;B
20240516;095957;599.5;2;10379476176;B
20240516;095957;599.5;1;10379476177;B
20240516;095957;599.5;2;10379476178;B
20240516;095957;599.5;1;10379476179;B
20240516;095957;599.5;2;10379476180;B
20240516;095957;599.5;1;10379476181;B
20240516;095957;599.5;2;10379476182;B
20240516;095957;599.5;1;10379476183;B
20240516;095957;599.5;1;10379476184;B
20240516;095957;599.5;1;10379476185;B
20240516;095957;599.5;200;10379476186;B
20240516;095957;599.5;1;10379476187;B
20240516;095957;599.5;3;10379476188;B
20240516;095957;599.5;2;10379476189;B
20240516;095957;599.5;16;10379476190;B
20240516;095957;599.5;1;10379476191;B
20240516;095957;599.5;2;10379476192;B
20240516;095957;599.5;1;10379476193;B
20240516;095957;599.5;6;10379476194;B
20240516;095957;599.5;50;10379476195;B
20240516;095957;599.5;1;10379476196;B
20240516;095957;599.5;5;10379476197;B
20240516;095957;599.5;83;10379476198;B
20240516;095957;599.5;1;10379476199;S
20240516;095957;599.5;1;10379476200;S
20240516;095957;599.5;1;10379476201;S
20240516;095957;599.5;19;10379476202;S
20240516;095957;599.5;49;10379476203;S
20240516;095957;599.5;3;10379476204;B
20240516;095957;599.5;2;10379476205;B
20240516;095957;599.5;1;10379476206;B
20240516;095957;599.5;1;10379476207;B
20240516;095957;599.5;30;10379476208;B
20240516;095957;599.5;3;10379476209;B
20240516;095957;599.5;30;10379476210;B
20240516;095957;599.5;10;10379476211;S
20240516;095957;599.5;3;10379476212;B
20240516;095957;599.5;4;10379476213;B
20240516;095957;599.5;3;10379476214;B
20240516;095957;599.5;2;10379476215;S
20240516;095957;599.5;1;10379476216;S
20240516;095957;599.5;182;10379476217;B
20240516;095957;599.5;50;10379476218;B
20240516;095957;599.5;3;10379476219;B
20240516;095957;599.5;243;10379476220;B
20240516;095957;599.5;30;10379476221;B
20240516;095957;599.5;10;10379476222;B
20240516;095957;599.5;61;10379476223;B
20240516;095957;599.5;300;10379476224;B
20240516;095957;599.5;3;10379476225;B
20240516;095957;599.5;700;10379476226;B
20240516;095957;599.5;10;10379476227;S
20240516;095957;599.5;1;10379476228;S
20240516;095957;599.5;1;10379476229;S
20240516;095957;599.5;203;10379476230;B
20240516;095957;599.5;100;10379476231;B
20240516;095957;599.5;685;10379476232;B
20240516;095957;599.5;11;10379476233;B
20240516;095957;599.5;5;10379476234;B
20240516;095957;599.5;500;10379476235;B
20240516;095957;599.5;2;10379476236;B
20240516;095957;599.5;30;10379476237;B
20240516;095957;599.5;20;10379476238;B
20240516;095957;599.5;20;10379476239;B
20240516;095957;599.5;500;10379476240;B
20240516;095957;599.5;80;10379476241;B
20240516;095957;599.5;3;10379476242;B
20240516;095957;599.5;1;10379476243;B
20240516;095957;599.5;20;10379476244;B
20240516;095957;599.5;70;10379476245;B
20240516;095957;599.5;1;10379476246;B
20240516;095957;599.5;596;10379476247;B
20240516;095957;599.5;404;10379476248;B
20240516;095957;599.5;1;10379476249;B
20240516;095957;599.5;1;10379476250;B
20240516;095957;599.5;100;10379476251;S
20240516;095957;599.5;1;10379476252;S
20240516;100000;599.55;1;10379476559;B
20240516;100000;599.55;3;10379476560;B
20240516;100000;599.55;296;10379476561;B
20240516;100000;599.55;79;10379476584;B
20240516;100000;599.6;3;10379476735;B
20240516;100000;599.6;10;10379476736;B
20240516;100000;599.6;1;10379476737;B
20240516;100000;599.65;46;10379476738;B
20240516;100000;599.55;20;10379476742;S
20240516;100000;599.6;110;10379476748;S
20240516;100000;599.55;90;10379476749;S
20240516;100000;599.55;1;10379476756;S
20240516;100000;599.65;3;10379476757;B
20240516;100000;599.65;3;10379476758;B
20240516;100000;599.65;7;10379476759;B
20240516;100000;599.7;1;10379476760;B
20240516;100000;599.7;1;10379476761;B
20240516;100000;599.7;3;10379476762;B
20240516;100000;599.7;1;10379476763;B
20240516;100000;599.75;1;10379476764;B
20240516;100000;599.75;4;10379476766;B
20240516;100000;599.75;2;10379476767;B
20240516;100000;599.75;3;10379476768;B
20240516;100000;599.75;5;10379476769;B
20240516;100000;599.75;42;10379476770;B
20240516;100000;599.55;50;10379476775;S
20240516;100000;599.75;9;10379476780;B
20240516;100000;599.55;60;10379476782;S
20240516;100000;599.55;200;10379476783;S
20240516;100000;599.55;240;10379476784;S
20240516;100000;599.55;4;10379476785;S
20240516;100000;599.55;30;10379476791;S
20240516;100000;599.8;2;10379476792;B
20240516;100000;599.8;9;10379476793;B
20240516;100000;599.8;100;10379476794;B
20240516;100000;599.8;10;10379476795;B
20240516;100000;599.8;20;10379476796;B
20240516;100000;599.8;2;10379476797;B
20240516;100000;599.8;357;10379476798;B
20240516;100000;599.8;393;10379476837;B
20240516;100000;599.8;3;10379476838;B
20240516;100000;599.8;100;10379476839;B
20240516;100000;599.8;4;10379476850;S
20240516;100000;599.75;96;10379476851;S
20240516;100000;599.8;1;10379476861;S
20240516;100000;599.85;1;10379476936;B
20240516;100000;599.8;4;10379476961;S
20240516;100000;599.8;80;10379476965;S
20240516;100000;599.85;199;10379476986;B
20240516;100000;599.85;1;10379476987;B
20240516;100000;599.8;2;10379476991;S
20240516;100000;599.85;9;10379477016;B
20240516;100000;599.85;20;10379477017;B
20240516;100000;599.85;1;10379477018;B
20240516;100000;599.85;470;10379477019;B
20240516;100000;599.85;30;10379477043;B
20240516;100000;599.85;2;10379477044;B
20240516;100000;599.85;3;10379477045;B
20240516;100000;599.85;1;10379477046;B
20240516;100000;599.85;123;10379477047;B
20240516;100000;599.85;109;10379477048;B
20240516;100000;599.9;15;10379477049;B
20240516;100000;599.9;29;10379477050;B
20240516;100000;599.9;7;10379477051;B
20240516;100000;599.9;1;10379477052;B
20240516;100000;599.9;30;10379477053;B
20240516;100000;599.9;3;10379477054;B
20240516;100000;599.9;5;10379477055;B
20240516;100000;599.9;100;10379477056;B
20240516;100000;599.9;3;10379477057;B
20240516;100000;599.9;1;10379477058;B
20240516;100000;599.9;8;10379477059;B
20240516;100000;599.9;3;10379477060;B
20240516;100000;599.9;2;10379477061;B
20240516;100000;599.95;1;10379477062;B
20240516;100000;599.95;1;10379477063;B
20240516;100000;599.95;10;10379477064;B
20240516;100000;599.95;10;10379477065;B
20240516;100000;599.95;2;10379477066;B
20240516;100000;599.95;100;10379477067;B
20240516;100000;599.95;5;10379477068;B
20240516;100000;599.95;1;10379477069;B
20240516;100000;599.95;8;10379477070;B
20240516;100000;599.95;85;10379477071;B
20240516;100000;599.95;4;10379477072;B
20240516;100000;599.95;298;10379477073;B
20240516;100000;599.85;1;10379477076;B
20240516;100000;599.95;5;10379477077;B
20240516;100000;599.95;297;10379477104;B
20240516;100000;599.95;107;10379477105;B
20240516;100000;599.95;42;10379477212;B
20240516;100000;599.95;500;10379477223;B
20240516;100000;599.95;10;10379477270;B
20240516;100000;599.95;21;10379477272;B
20240516;100000;599.8;1;10379477300;S
20240516;100000;599.95;100;10379477301;B
20240516;100000;599.95;220;10379477313;B
20240516;100000;599.95;20;10379477314;B
20240516;100000;599.95;3;10379477315;B
20240516;100000;599.95;1;10379477316;B
20240516;100000;599.95;56;10379477317;B
20240516;100000;599.95;500;10379477319;B
20240516;100000;599.95;100;10379477324;B
20240516;100000;599.8;12;10379477326;S
20240516;100000;599.95;300;10379477327;B
20240516;100000;599.95;10;10379477328;B
20240516;100000;599.95;26;10379477334;B
20240516;100000;599.95;8;10379477336;B
20240516;100000;599.95;5;10379477337;B
20240516;100000;599.95;557;10379477338;B
20240516;100000;599.95;2;10379477387;B
20240516;100000;599.95;2;10379477388;B
20240516;100000;599.95;2;10379477398;B
20240516;100000;599.95;2;10379477400;B
20240516;100000;599.95;10;10379477471;B
20240516;100000;599.85;50;10379477489;S
20240516;100000;599.95;258;10379477493;B
20240516;100000;599.95;1;10379477494;B
20240516;100000;599.95;1;10379477495;B
20240516;100000;599.95;2;10379477496;B
20240516;100000;600;238;10379477497;B
20240516;100000;599.85;318;10379477594;S
20240516;100000;599.8;400;10379477595;S
20240516;100000;599.8;500;10379477596;S
20240516;100000;599.8;216;10379477597;S
20240516;100000;599.65;1;10379477617;S
20240516;100000;599.65;200;10379477631;S
20240516;100000;599.65;4;10379477632;S
20240516;100001;599.8;20;10379477682;B
20240516;100001;599.8;20;10379477684;B
20240516;100001;599.65;1;10379477688;S
20240516;100001;599.8;20;10379477689;B
20240516;100001;599.65;6;10379477691;S
20240516;100001;599.65;20;10379477692;S
20240516;100001;599.8;20;10379477704;B
20240516;100001;599.65;2;10379477707;S
20240516;100001;599.8;20;10379477709;B
20240516;100001;599.65;15;10379477710;S
20240516;100001;599.65;123;10379477712;S
20240516;100001;599.8;40;10379477713;B
20240516;100001;599.8;40;10379477715;B
20240516;100001;599.6;55;10379477725;S
20240516;100001;599.6;54;10379477726;S
20240516;100001;599.55;100;10379477727;S
20240516;100001;599.55;200;10379477728;S
20240516;100001;599.55;100;10379477729;S
20240516;100001;599.55;191;10379477730;S
20240516;100001;599.8;40;10379477732;B
20240516;100001;599.8;20;10379477733;B
20240516;100001;599.55;5;10379477734;S
20240516;100001;599.55;1;10379477735;S
20240516;100001;599.75;47;10379477738;B
20240516;100001;599.8;33;10379477739;B
20240516;100001;599.8;100;10379477740;B
20240516;100001;599.75;7;10379477743;B
20240516;100001;599.8;33;10379477744;B
20240516;100001;599.8;40;10379477745;B
20240516;100001;599.8;20;10379477757;B
20240516;100001;599.8;40;10379477758;B
20240516;100001;599.75;1;10379477760;S
20240516;100001;599.8;40;10379477770;B
20240516;100001;599.8;120;10379477771;B
20240516;100001;599.8;20;10379477785;B
20240516;100001;599.8;20;10379477787;B
20240516;100001;599.8;20;10379477801;B
20240516;100001;599.8;20;10379477802;B
20240516;100001;599.75;55;10379477803;S
20240516;100001;599.75;4;10379477806;S
20240516;100001;599.8;20;10379477812;B
20240516;100001;599.8;80;10379477815;B
20240516;100001;599.8;80;10379477819;B
20240516;100001;599.8;40;10379477821;B
20240516;100001;599.8;20;10379477823;B
20240516;100001;599.8;80;10379477824;B
20240516;100001;599.8;1;10379477825;B
20240516;100001;599.85;1;10379477826;B
20240516;100001;599.9;18;10379477827;B
20240516;100001;599.9;20;10379477844;B
20240516;100001;599.9;26;10379477845;B
20240516;100001;599.9;1;10379477846;B
20240516;100001;599.9;25;10379477847;B
20240516;100001;599.9;8;10379477848;B
20240516;100001;599.85;9;10379477867;B
20240516;100001;599.9;2;10379477868;B
20240516;100001;599.95;89;10379477869;B
20240516;100001;599.95;20;10379477870;B
20240516;100001;599.95;100;10379477878;B
20240516;100001;599.95;20;10379477879;B
20240516;100001;599.95;60;10379477880;B
20240516;100001;599.95;20;10379477910;B
20240516;100001;599.95;120;10379477911;B
20240516;100001;599.9;20;10379477919;B
20240516;100001;599.9;60;10379477920;B
20240516;100001;599.75;5;10379477924;S
20240516;100001;599.7;15;10379477925;B
20240516;100001;599.9;45;10379477926;B
20240516;100001;599.9;60;10379477927;B
20240516;100001;599.9;100;10379477938;B
20240516;100001;599.9;80;10379477939;B
20240516;100001;599.9;35;10379477951;B
20240516;100001;599.95;25;10379477952;B
20240516;100001;599.95;60;10379477953;B
20240516;100001;599.6;7;10379477955;S
20240516;100001;599.8;20;10379477967;B
20240516;100001;599.9;7;10379477968;B
20240516;100001;599.95;13;10379477969;B
20240516;100001;599.85;20;10379477980;B
20240516;100001;599.85;20;10379477981;B
20240516;100001;599.85;20;10379477987;B
20240516;100001;599.85;20;10379477988;B
20240516;100001;599.7;4;10379477989;S
20240516;100001;599.85;20;10379477996;B
20240516;100001;599.85;2;10379477997;B
20240516;100001;599.85;18;10379477998;B
20240516;100001;599.85;20;10379478000;B
20240516;100001;599.75;30;10379478024;B
20240516;100001;599.85;10;10379478025;B
20240516;100001;599.85;20;10379478026;B
20240516;100001;599.8;30;10379478053;B
20240516;100001;599.85;10;10379478054;B
20240516;100001;599.85;20;10379478055;B
20240516;100001;599.85;2;10379478061;B
20240516;100001;599.85;10;10379478062;B
20240516;100001;599.9;5;10379478063;B
20240516;100001;599.95;23;10379478064;B
20240516;100001;599.95;20;10379478065;B
20240516;100001;599.85;1;10379478083;S
20240516;100001;599.95;20;10379478095;B
20240516;100001;599.95;20;10379478096;B
20240516;100001;599.85;8;10379478098;B
20240516;100001;599.95;12;10379478099;B
20240516;100001;599.85;1;10379478100;B
20240516;100001;599.95;19;10379478101;B
20240516;100001;599.85;12;10379478119;B
20240516;100001;599.85;1;10379478120;B
20240516;100001;599.85;7;10379478121;B
20240516;100001;599.8;10;10379478134;S
20240516;100001;599.85;14;10379478135;B
20240516;100001;599.95;6;10379478136;B
20240516;100001;599.95;20;10379478139;B
20240516;100001;599.8;1;10379478141;S
20240516;100001;599.8;54;10379478152;S
20240516;100001;599.85;2;10379478155;B
20240516;100001;599.95;2;10379478156;B
20240516;100001;599.95;16;10379478157;B
20240516;100001;599.95;20;10379478158;B
20240516;100001;599.8;16;10379478161;S
20240516;100001;599.8;20;10379478164;S
20240516;100001;599.8;5;10379478165;S
20240516;100001;599.85;15;10379478174;B
20240516;100001;599.95;25;10379478175;B
20240516;100001;599.95;20;10379478176;B
20240516;100001;599.8;1;10379478182;S
20240516;100001;599.95;20;10379478201;B
20240516;100001;599.95;40;10379478203;B
20240516;100001;599.95;20;10379478206;B
20240516;100001;599.8;3;10379478208;S
20240516;100001;599.8;2;10379478211;S
20240516;100001;599.8;12;10379478212;S
20240516;100001;599.8;15;10379478214;S
20240516;100001;599.8;2;10379478232;S
20240516;100001;599.8;50;10379478240;S
20240516;100001;599.75;5;10379478241;S
20240516;100001;599.75;20;10379478243;S
20240516;100001;599.85;1;10379478247;B
20240516;100001;599.85;13;10379478248;B
20240516;100001;599.95;6;10379478249;B
20240516;100001;599.95;15;10379478252;B
20240516;100001;599.95;2;10379478253;B
20240516;100001;599.95;3;10379478254;B
20240516;100001;599.95;2;10379478257;B
20240516;100001;599.95;4;10379478258;B
20240516;100001;600;14;10379478259;B
20240516;100001;600;20;10379478261;B
20240516;100001;600;20;10379478280;B
20240516;100001;599.85;10;10379478283;B
20240516;100001;600;10;10379478284;B
20240516;100001;599.8;30;10379478292;S
20240516;100001;599.8;15;10379478300;S
20240516;100001;599.8;26;10379478311;S
20240516;100001;599.85;10;10379478317;B
20240516;100001;599.85;1;10379478318;B
20240516;100001;599.85;9;10379478319;B
20240516;100001;599.8;1;10379478323;S
20240516;100001;599.8;1;10379478324;S
20240516;100001;599.85;16;10379478325;B
20240516;100001;599.85;1;10379478326;B
20240516;100001;599.95;3;10379478327;B
20240516;100001;599.95;7;10379478331;B
20240516;100001;600;13;10379478332;B
20240516;100001;600;20;10379478337;B
20240516;100001;599.8;94;10379478338;S
20240516;100001;599.75;147;10379478339;S
20240516;100001;599.7;5;10379478372;S
20240516;100001;599.7;1;10379478382;S
20240516;100001;599.8;20;10379478426;B
20240516;100001;599.7;60;10379478436;S
20240516;100001;599.7;3;10379478439;S
20240516;100001;599.8;20;10379478441;B
20240516;100001;599.85;1;10379478445;B
20240516;100001;599.85;6;10379478446;B
20240516;100001;599.85;1;10379478447;B
20240516;100001;599.85;12;10379478448;B
20240516;100001;599.7;20;10379478453;S
20240516;100001;599.7;50;10379478473;S
20240516;100001;599.75;2;10379478510;B
20240516;100001;599.7;3;10379478525;S
20240516;100001;599.65;7;10379478526;S
20240516;100001;599.65;26;10379478528;S
20240516;100001;599.6;84;10379478529;S
20240516;100001;599.6;2;10379478530;S
20240516;100001;599.55;30;10379478536;S
20240516;100001;599.6;2;10379478538;S
20240516;100001;599.6;44;10379478539;S
20240516;100001;599.55;1;10379478540;S
20240516;100001;599.55;2;10379478542;S
20240516;100001;599.75;8;10379478543;B
20240516;100001;599.8;12;10379478544;B
20240516;100001;599.8;3;10379478547;B
20240516;100001;599.8;2;10379478548;B
20240516;100001;599.8;7;10379478549;B
20240516;100001;599.8;28;10379478550;B
20240516;100001;599.6;200;10379478551;S
20240516;100001;599.55;152;10379478552;S
20240516;100001;599.6;33;10379478554;S
20240516;100001;599.55;109;10379478555;S
20240516;100001;599.55;258;10379478556;S
20240516;100001;599.55;6;10379478558;S
20240516;100001;599.55;5;10379478559;S
20240516;100001;599.55;30;10379478566;S
20240516;100001;599.55;18;10379478567;S
20240516;100001;599.5;57;10379478568;S
20240516;100001;599.5;210;10379478569;S
20240516;100001;599.5;200;10379478570;S
20240516;100001;599.5;1;10379478571;S
20240516;100001;599.5;75;10379478575;S
20240516;100001;599.5;32;10379478576;S
20240516;100001;599.5;3;10379478578;S
20240516;100001;599.5;10;10379478579;S
20240516;100001;599.5;10;10379478580;S
20240516;100001;599.5;2;10379478582;S
20240516;100001;599.5;100;10379478583;S
20240516;100001;599.5;3;10379478584;S
20240516;100001;599.5;1;10379478590;S
20240516;100001;599.5;1;10379478591;S
20240516;100001;599.5;6;10379478592;S
20240516;100001;599.5;5;10379478593;S
20240516;100001;599.5;1;10379478594;S
20240516;100001;599.5;60;10379478595;S
20240516;100001;599.5;10;10379478599;S
20240516;100001;599.5;10;10379478600;S
20240516;100001;599.5;1;10379478603;S
20240516;100001;599.5;13;10379478604;S
20240516;100001;599.5;25;10379478608;S
20240516;100001;599.5;100;10379478609;S
20240516;100001;599.5;1;10379478613;S
20240516;100001;599.5;36;10379478615;S
20240516;100001;599.5;100;10379478616;S
20240516;100001;599.6;9;10379478619;B
20240516;100001;599.6;11;10379478620;B
20240516;100001;599.5;20;10379478623;S
20240516;100001;599.6;5;10379478624;B
20240516;100001;599.7;15;10379478625;B
20240516;100001;599.5;10;10379478626;S
20240516;100001;599.5;10;10379478627;S
20240516;100001;599.5;10;10379478632;S
20240516;100001;599.5;80;10379478633;S
20240516;100001;599.5;12;10379478635;S
20240516;100001;599.5;10;10379478637;S
20240516;100001;599.5;11;10379478638;S
20240516;100001;599.5;1;10379478640;S
20240516;100001;599.5;3;10379478641;S
20240516;100001;599.7;18;10379478642;B
20240516;100001;599.7;1;10379478644;S
20240516;100001;599.7;46;10379478645;S
20240516;100001;599.5;4;10379478646;S
20240516;100001;599.5;1;10379478647;S
20240516;100001;599.5;10;10379478652;S
20240516;100001;599.5;3;10379478657;S
20240516;100001;599.6;20;10379478663;B
20240516;100001;599.5;24;10379478664;S
20240516;100001;599.5;43;10379478665;S
20240516;100001;599.6;20;10379478666;B
20240516;100001;599.5;1;10379478672;S
20240516;100001;599.5;7;10379478673;S
20240516;100001;599.5;2;10379478682;S
20240516;100001;599.5;12;10379478684;S
20240516;100001;599.5;16;10379478686;S
20240516;100001;599.6;4;10379478687;B
20240516;100001;599.75;10;10379478688;B
20240516;100001;599.8;26;10379478689;B
20240516;100001;599.8;20;10379478690;B
20240516;100001;599.5;2;10379478696;S
20240516;100001;599.5;10;10379478701;S
20240516;100001;599.5;1;10379478702;S
20240516;100001;599.5;5;10379478704;S
20240516;100001;599.5;3;10379478707;S
20240516;100001;599.8;40;10379478720;B
20240516;100001;599.8;20;10379478721;B
20240516;100001;599.5;1;10379478733;S
20240516;100002;599.8;10;10379478748;B
20240516;100002;599.5;2;10379478749;S
20240516;100002;599.5;11;10379478751;S
20240516;100002;599.8;20;10379478772;B
20240516;100002;599.8;2;10379478773;B
20240516;100002;599.8;5;10379478774;B
20240516;100002;599.8;11;10379478775;B
20240516;100002;599.8;36;10379478776;B
20240516;100002;599.85;8;10379478777;B
20240516;100002;599.5;15;10379478789;S
20240516;100002;599.5;16;10379478792;S
20240516;100002;599.5;64;10379478793;S
20240516;100002;599.5;10;10379478794;S
20240516;100002;599.5;76;10379478795;S
20240516;100002;599.8;26;10379478796;B
20240516;100002;599.85;14;10379478797;B
20240516;100002;599.85;14;10379478798;B
20240516;100002;599.85;4;10379478799;B
20240516;100002;599.85;2;10379478800;B
20240516;100002;599.85;2;10379478801;B
20240516;100002;599.85;18;10379478802;B
20240516;100002;599.5;100;10379478805;S
20240516;100002;599.5;18;10379478818;S
20240516;100002;599.5;12;10379478820;S
20240516;100002;599.45;5;10379478822;S
20240516;100002;599.45;33;10379478823;S
20240516;100002;599.45;227;10379478824;S
20240516;100002;599.45;4;10379478825;S
20240516;100002;599.5;3;10379478826;S
20240516;100002;599.85;2;10379478829;B
20240516;100002;599.85;1;10379478830;B
20240516;100002;599.85;6;10379478831;B
20240516;100002;599.85;41;10379478832;B
20240516;100002;599.45;50;10379478838;S
20240516;100002;599.85;20;10379478839;B
20240516;100002;599.85;40;10379478840;B
20240516;100002;599.5;2;10379478844;S
20240516;100002;599.5;200;10379478848;S
20240516;100002;599.45;25;10379478852;S
20240516;100002;599.5;40;10379478857;S
20240516;100002;599.5;8;10379478859;S
20240516;100002;599.85;20;10379478864;B
20240516;100002;599.85;40;10379478865;B
20240516;100002;599.45;2;10379478866;S
20240516;100002;599.45;1;10379478869;S
20240516;100002;599.45;192;10379478872;S
20240516;100002;599.4;38;10379478873;S
20240516;100002;599.4;10;10379478880;S
20240516;100002;599.4;16;10379478883;S
20240516;100002;599.4;6;10379478887;S
20240516;100002;599.4;12;10379478890;S
20240516;100002;599.4;12;10379478901;S
20240516;100002;599.5;2;10379478902;B
20240516;100002;599.5;7;10379478903;B
20240516;100002;599.85;11;10379478904;B
20240516;100002;599.85;20;10379478905;B
20240516;100002;599.5;10;10379478980;B
20240516;100002;599.85;10;10379478981;B
20240516;100002;599.85;20;10379478982;B
20240516;100002;599.4;23;10379478984;S
20240516;100002;599.4;20;10379478985;S
20240516;100002;599.4;2;10379478988;S
20240516;100002;599.4;40;10379478989;S
20240516;100002;599.4;25;10379478990;S
20240516;100002;599.4;55;10379478991;S
20240516;100002;599.45;20;10379478992;S
20240516;100002;599.45;355;10379478998;S
20240516;100002;599.3;18;10379478999;S
20240516;100002;599.3;76;10379479000;S
20240516;100002;599.3;1;10379479001;S
20240516;100002;599.3;100;10379479002;S
20240516;100002;599.3;10;10379479003;S
20240516;100002;599.3;1;10379479004;S
20240516;100002;599.3;11;10379479005;S
20240516;100002;599.25;1;10379479006;S
20240516;100002;599.25;80;10379479007;S
20240516;100002;599.25;2;10379479008;S
20240516;100002;599.25;1;10379479009;S
20240516;100002;599.25;844;10379479010;S
20240516;100002;599.85;20;10379479022;B
20240516;100002;599.4;20;10379479025;S
20240516;100002;599.35;53;10379479029;S
20240516;100002;599.5;15;10379479053;B
20240516;100002;599.85;5;10379479054;B
20240516;100002;599.85;20;10379479055;B
20240516;100002;599.3;22;10379479062;S
20240516;100002;599.3;2;10379479065;S
20240516;100002;599.45;1;10379479074;B
20240516;100002;599.5;19;10379479075;B
20240516;100002;599.4;20;10379479085;B
20240516;100002;599.3;17;10379479089;S
20240516;100002;599.3;2;10379479092;S
20240516;100002;599.5;20;10379479111;B
20240516;100002;599.5;2;10379479112;B
20240516;100002;599.5;18;10379479113;B
20240516;100002;599.3;1;10379479114;S
20240516;100002;599.55;17;10379479116;B
20240516;100002;599.85;23;10379479117;B
20240516;100002;599.4;12;10379479122;B
20240516;100002;599.3;5;10379479124;S
20240516;100002;599.8;15;10379479126;B
20240516;100002;599.85;5;10379479127;B
20240516;100002;599.85;60;10379479130;B
20240516;100002;599.3;5;10379479140;S
20240516;100002;599.3;3;10379479141;S
20240516;100002;599.85;13;10379479144;B
20240516;100002;599.85;5;10379479145;B
20240516;100002;599.85;2;10379479146;B
20240516;100002;599.85;4;10379479150;B
20240516;100002;599.85;16;10379479151;B
20240516;100002;599.85;40;10379479160;B
20240516;100002;599.85;20;10379479161;B
20240516;100002;599.3;1;10379479162;S
20240516;100002;599.85;24;10379479164;B
20240516;100002;599.85;2;10379479165;B
20240516;100002;599.85;1;10379479166;B
20240516;100002;599.85;1;10379479167;B
20240516;100002;599.85;32;10379479168;B
20240516;100002;599.5;5;10379479171;B
20240516;100002;599.85;15;10379479172;B
20240516;100002;599.8;20;10379479177;B
20240516;100002;599.35;6;10379479186;S
20240516;100002;599.8;20;10379479188;B
20240516;100002;599.75;20;10379479193;B
20240516;100002;599.35;13;10379479197;S
20240516;100002;599.35;3;10379479198;S
20240516;100002;599.75;80;10379479201;B
20240516;100002;599.75;20;10379479206;B
20240516;100002;599.75;40;10379479221;B
20240516;100002;599.75;20;10379479222;B
20240516;100002;599.75;180;10379479242;B
20240516;100002;599.75;20;10379479243;B
20240516;100002;599.55;5;10379479247;S
20240516;100002;599.55;1;10379479250;S
20240516;100002;599.75;20;10379479251;B
20240516;100002;599.75;20;10379479252;B
20240516;100002;599.55;7;10379479253;S
20240516;100002;599.55;4;10379479286;S
20240516;100002;599.35;3;10379479289;S
20240516;100002;599.5;4;10379479290;B
20240516;100002;599.75;16;10379479291;B
20240516;100002;599.35;8;10379479292;S
20240516;100002;599.75;17;10379479293;B
20240516;100002;599.8;3;10379479294;B
20240516;100002;599.8;20;10379479298;B
20240516;100002;599.35;3;10379479342;S
20240516;100002;599.4;10;10379479363;S
20240516;100002;599.8;25;10379479377;B
20240516;100002;599.8;15;10379479378;B
20240516;100002;599.8;20;10379479379;B
20240516;100002;599.4;10;10379479388;S
20240516;100002;599.4;1;10379479394;S
20240516;100002;599.8;40;10379479395;B
20240516;100002;599.4;10;10379479398;S
20240516;100002;599.8;20;10379479399;B
20240516;100002;599.4;2;10379479420;S
20240516;100002;599.4;7;10379479421;S
20240516;100002;599.4;50;10379479440;S
20240516;100002;599.45;33;10379479452;S
20240516;100002;599.45;327;10379479453;B
20240516;100002;599.4;2;10379479480;S
20240516;100002;599.4;9;10379479481;S
20240516;100002;599.4;61;10379479482;S
20240516;100002;599.35;2;10379479494;S
20240516;100002;599.35;3;10379479546;S
20240516;100002;599.35;200;10379479568;S
20240516;100002;599.35;7;10379479574;S
20240516;100002;599.35;2;10379479580;S
20240516;100002;599.35;161;10379479589;S
20240516;100002;599.3;79;10379479590;S
20240516;100002;599.5;10;10379479591;B
20240516;100002;599.5;10;10379479592;B
20240516;100002;599.3;2;10379479593;S
20240516;100002;599.35;5;10379479602;S
20240516;100002;599.5;20;10379479603;B
20240516;100002;599.35;12;10379479614;S
20240516;100002;599.5;20;10379479626;B
20240516;100002;599.45;50;10379479639;B
20240516;100002;599.5;10;10379479640;B
20240516;100002;599.4;40;10379479689;B
20240516;100002;599.5;55;10379479690;B
20240516;100002;599.5;80;10379479691;B
20240516;100002;599.5;25;10379479692;B
20240516;100002;599.5;22;10379479693;B
20240516;100002;599.5;35;10379479694;B
20240516;100002;599.5;33;10379479695;B
20240516;100002;599.5;2;10379479696;B
20240516;100002;599.6;500;10379479697;B
20240516;100002;599.6;6;10379479698;B
20240516;100002;599.7;202;10379479699;B
20240516;100002;599.35;1;10379479716;S
20240516;100002;599.35;1;10379479752;S
20240516;100002;599.35;10;10379479756;S
20240516;100002;599.35;1;10379479769;S
20240516;100002;599.4;20;10379479773;B
20240516;100002;599.4;40;10379479777;B
20240516;100002;599.4;20;10379479789;B
20240516;100002;599.4;40;10379479790;B
20240516;100002;599.4;20;10379479804;B
20240516;100002;599.4;20;10379479814;B
20240516;100002;599.4;20;10379479829;B
20240516;100002;599.4;20;10379479832;B
20240516;100002;599.35;2;10379479835;S
20240516;100002;599.4;100;10379479855;B
20240516;100002;599.4;3;10379479856;B
20240516;100002;599.45;37;10379479857;B
20240516;100002;599.35;18;10379479869;S
20240516;100002;599.3;200;10379479870;S
20240516;100002;599.25;112;10379479871;S
20240516;100002;599.3;1;10379479902;S
20240516;100002;599.3;1;10379479906;S
20240516;100002;599.45;20;10379479913;B
20240516;100002;599.45;1;10379479914;B
20240516;100002;599.25;20;10379479915;S
20240516;100002;599.45;20;10379479916;B
20240516;100002;599.45;20;10379479954;B
20240516;100002;599.45;60;10379479956;B
20240516;100002;599.45;40;10379479985;B
20240516;100002;599.25;30;10379479986;S
20240516;100002;599.25;150;10379480054;S
20240516;100002;599.4;20;10379480061;B
20240516;100003;599.4;3;10379480067;B
20240516;100003;599.25;4;10379480157;S
20240516;100003;599.25;7;10379480162;S
20240516;100003;599.4;20;10379480164;B
20240516;100003;599.25;1;10379480169;S
20240516;100003;599.3;1;10379480183;B
20240516;100003;599.4;39;10379480184;B
20240516;100003;599.25;5;10379480196;S
20240516;100003;599.35;1;10379480246;B
20240516;100003;599.4;19;10379480247;B
20240516;100003;599.25;200;10379480318;S
20240516;100003;599.25;100;10379480319;S
20240516;100003;599.25;1;10379480355;S
20240516;100003;599.25;10;10379480364;S
20240516;100003;599.4;19;10379480387;B
20240516;100003;599.4;1;10379480388;B
20240516;100003;599.4;5;10379480389;B
20240516;100003;599.4;5;10379480390;B
20240516;100003;599.4;30;10379480391;B
20240516;100003;599.4;40;10379480392;B
20240516;100003;599.45;20;10379480410;B
20240516;100003;599.45;15;10379480474;B
20240516;100003;599.45;5;10379480475;B
20240516;100003;599.45;100;10379480477;B
20240516;100003;599.25;52;10379480597;S
20240516;100003;599.25;60;10379480658;S
20240516;100003;599.25;1;10379480727;S
20240516;100003;599.25;1;10379480822;S
20240516;100003;599.45;20;10379480911;B
20240516;100003;599.45;20;10379480943;B
20240516;100004;599.25;5;10379481103;S
20240516;100004;599.25;12;10379481303;S
20240516;100004;599.25;100;10379481304;S
20240516;100004;599.45;20;10379481365;B
20240516;100004;599.45;20;10379481369;B
20240516;100004;599.25;51;10379481490;S
20240516;100004;599.45;200;10379481535;B
20240516;100004;599.25;21;10379481555;S
20240516;100004;599.45;20;10379481564;B
20240516;100004;599.25;1;10379481573;S
20240516;100004;599.45;40;10379481702;B
20240516;100004;599.25;2;10379481768;S
20240516;100004;599.3;100;10379481966;S
20240516;100004;599.45;1;10379482022;B
20240516;100004;599.25;2;10379482025;S
20240516;100004;599.25;2;10379482026;S
20240516;100004;599.25;2;10379482030;S
20240516;100004;599.25;3;10379482031;S
20240516;100004;599.45;2;10379482046;B
20240516;100004;599.45;1;10379482050;B
20240516;100004;599.25;224;10379482053;S
20240516;100004;599.2;1;10379482054;S
20240516;100004;599.2;1;10379482055;S
20240516;100004;599.2;2;10379482056;S
20240516;100004;599.2;1;10379482057;S
20240516;100004;599.2;3;10379482058;S
20240516;100004;599.2;1;10379482059;S
20240516;100004;599.2;1;10379482060;S
20240516;100004;599.2;1;10379482061;S
20240516;100004;599.2;2;10379482062;S
20240516;100004;599.2;4;10379482063;S
20240516;100004;599.2;1;10379482064;S
20240516;100004;599.2;5;10379482065;S
20240516;100004;599.2;1;10379482066;S
20240516;100004;599.2;1;10379482067;S
20240516;100004;599.2;2;10379482068;S
20240516;100004;599.2;1;10379482069;S
20240516;100004;599.2;2;10379482070;S
20240516;100004;599.2;2;10379482071;S
20240516;100004;599.2;1;10379482072;S
20240516;100004;599.2;1;10379482073;S
20240516;100004;599.2;30;10379482074;S
20240516;100004;599.2;1;10379482075;S
20240516;100004;599.2;2;10379482076;S
20240516;100004;599.2;2;10379482077;S
20240516;100004;599.2;2;10379482078;S
20240516;100004;599.2;1;10379482079;S
20240516;100004;599.2;1;10379482080;S
20240516;100004;599.2;2;10379482081;S
20240516;100004;599.2;1;10379482082;S
20240516;100004;599.2;2;10379482083;S
20240516;100004;599.2;10;10379482084;S
20240516;100004;599.2;19;10379482085;S
20240516;100004;599.2;25;10379482086;S
20240516;100004;599.2;50;10379482087;S
20240516;100004;599.2;186;10379482088;S
20240516;100004;599.2;8;10379482089;S
20240516;100004;599.2;5;10379482090;S
20240516;100004;599.2;2;10379482091;S
20240516;100004;599.2;11;10379482092;S
20240516;100004;599.2;3;10379482093;S
20240516;100004;599.2;3;10379482094;S
20240516;100004;599.2;1000;10379482095;S
20240516;100004;599.2;83;10379482096;S
20240516;100004;599.2;566;10379482097;S
20240516;100004;599.2;1;10379482098;S
20240516;100004;599.2;1000;10379482099;S
20240516;100004;599.2;20;10379482100;S
20240516;100004;599.2;1;10379482101;S
20240516;100004;599.2;8;10379482102;S
20240516;100004;599.2;1;10379482103;S
20240516;100004;599.2;1;10379482104;S
20240516;100004;599.2;1;10379482105;S
20240516;100004;599.2;10;10379482106;S
20240516;100004;599.2;2;10379482107;S
20240516;100004;599.2;39;10379482108;S
20240516;100004;599.2;10;10379482109;S
20240516;100004;599.2;20;10379482110;S
20240516;100004;599.2;5;10379482111;S
20240516;100004;599.2;2;10379482112;S
20240516;100004;599.2;10;10379482113;S
20240516;100004;599.2;8;10379482114;S
20240516;100004;599.2;9;10379482115;S
20240516;100004;599.2;33;10379482116;S
20240516;100004;599.2;200;10379482117;S
20240516;100004;599.2;4;10379482118;S
20240516;100004;599.2;35;10379482119;S
20240516;100004;599.2;1;10379482120;S
20240516;100004;599.2;16;10379482121;S
20240516;100004;599.2;1;10379482122;S
20240516;100004;599.2;200;10379482123;S
20240516;100004;599.2;375;10379482124;S
20240516;100004;599.15;10;10379482125;S
20240516;100004;599.15;600;10379482126;S
20240516;100004;599.15;5000;10379482127;S
20240516;100004;599.15;85;10379482128;S
20240516;100004;599.15;800;10379482129;S
20240516;100004;599.15;100;10379482130;S
20240516;100004;599.15;1;10379482131;S
20240516;100004;599.15;4;10379482132;S
20240516;100004;599.1;1;10379482133;S
20240516;100004;599.1;10;10379482134;S
20240516;100004;599.1;900;10379482135;S
20240516;100004;599.1;3;10379482136;S
20240516;100004;599.1;40;10379482137;S
20240516;100004;599.1;1;10379482138;S
20240516;100004;599.1;20000;10379482139;S
20240516;100004;599.1;10;10379482140;S
20240516;100004;599.1;10;10379482141;S
20240516;100004;599.1;100;10379482142;S
20240516;100004;599.05;4;10379482143;S
20240516;100004;599.05;500;10379482144;S
20240516;100004;599.05;33;10379482145;S
20240516;100004;599;300;10379482146;S
20240516;100004;599;1000;10379482147;S
20240516;100004;599;10;10379482148;S
20240516;100004;599;1000;10379482149;S
20240516;100004;599;8;10379482150;S
20240516;100004;599;2;10379482151;S
20240516;100004;599;2;10379482152;S
20240516;100004;599;25;10379482153;S
20240516;100004;599;2;10379482154;S
20240516;100004;599;100;10379482155;S
20240516;100004;599;2;10379482156;S
20240516;100004;599;2;10379482157;S
20240516;100004;599;1;10379482158;S
20240516;100004;599;1;10379482159;S
20240516;100004;599;165;10379482160;S
20240516;100004;599;4;10379482161;S
20240516;100004;599;1;10379482162;S
20240516;100004;599;10;10379482163;S
20240516;100004;599;500;10379482164;S
20240516;100004;599;8;10379482165;S
20240516;100004;599;13;10379482166;S
20240516;100004;599;20;10379482167;S
20240516;100004;599;256;10379482168;S
20240516;100004;599;225;10379482169;S
20240516;100004;599;1;10379482170;S
20240516;100004;599;10;10379482171;S
20240516;100004;599;1;10379482172;S
20240516;100004;599;170;10379482173;S
20240516;100004;599;1;10379482174;S
20240516;100004;599;2000;10379482175;S
20240516;100004;599;10;10379482176;S
20240516;100004;599;2;10379482177;S
20240516;100004;599;1500;10379482178;S
20240516;100004;599;1;10379482179;S
20240516;100004;599;1000;10379482180;S
20240516;100004;599;4;10379482181;S
20240516;100004;599;2;10379482182;S
20240516;100004;599;10;10379482183;S
20240516;100004;599;300;10379482184;S
20240516;100004;599;1;10379482185;S
20240516;100004;599;10;10379482186;S
20240516;100004;599;50;10379482187;S
20240516;100004;599;1;10379482188;S
20240516;100004;599;1;10379482189;S
20240516;100004;599;19;10379482190;S
20240516;100004;598.95;1;10379482191;S
20240516;100004;598.95;500;10379482192;S
20240516;100004;598.9;4160;10379482193;S
20240516;100004;598.9;25;10379482194;S
20240516;100004;598.9;10;10379482195;S
20240516;100004;598.9;500;10379482196;S
20240516;100004;598.9;4;10379482197;S
20240516;100004;598.85;10;10379482198;S
20240516;100004;598.8;1;10379482199;S
20240516;100004;598.75;1;10379482200;S
20240516;100004;598.7;112;10379482201;S
20240516;100004;598.65;1000;10379482202;S
20240516;100004;598.6;1;10379482203;S
20240516;100004;598.6;198;10379482204;S
20240516;100004;598.6;1;10379482205;S
20240516;100004;598.55;9;10379482206;S
20240516;100004;598.55;1000;10379482207;S
20240516;100004;598.55;2;10379482208;S
20240516;100004;598.55;10;10379482209;S
20240516;100004;598.5;70;10379482210;S
20240516;100004;598.5;2;10379482211;S
20240516;100004;598.5;10;10379482212;S
20240516;100004;598.45;7;10379482213;S
20240516;100004;598.45;2;10379482214;S
20240516;100004;598.45;2;10379482215;S
20240516;100004;598.4;12;10379482216;S
20240516;100004;598.4;4;10379482217;S
20240516;100004;598.4;2;10379482218;S
20240516;100004;598.4;2;10379482219;S
20240516;100004;598.35;2;10379482220;S
20240516;100004;598.35;300;10379482221;S
20240516;100004;598.3;19;10379482222;S
20240516;100004;598.3;6;10379482223;S
20240516;100004;598.3;2;10379482224;S
20240516;100004;598.25;2;10379482225;S
20240516;100004;598.2;2;10379482226;S
20240516;100004;598.2;158;10379482227;S
20240516;100004;598.2;280;10379482228;S
20240516;100004;598.15;2;10379482229;S
20240516;100004;598.15;2;10379482230;S
20240516;100004;598.15;700;10379482231;S
20240516;100004;598.1;166;10379482232;S
20240516;100004;598.1;2;10379482233;S
20240516;100004;598.1;500;10379482234;S
20240516;100004;598.05;166;10379482235;S
20240516;100004;598.05;2;10379482236;S
20240516;100004;598;166;10379482237;S
20240516;100004;598;10;10379482238;S
20240516;100004;598;1;10379482239;S
20240516;100004;598;8;10379482240;S
20240516;100004;598;1;10379482241;S
20240516;100004;598;2;10379482242;S
20240516;100004;598;32;10379482243;S
20240516;100004;598;1;10379482244;S
20240516;100004;598;1;10379482245;S
20240516;100004;598;200;10379482246;S
20240516;100004;598;10;10379482247;S
20240516;100004;598;5;10379482248;S
20240516;100004;598;14;10379482249;S
20240516;100004;598;5;10379482250;S
20240516;100004;598;166;10379482252;B
20240516;100004;598;166;10379482253;B
20240516;100004;598;166;10379482254;B
20240516;100004;598;166;10379482255;B
20240516;100004;598;166;10379482256;B
20240516;100004;598;100;10379482257;B
20240516;100004;598;100;10379482258;B
20240516;100004;598;166;10379482259;B
20240516;100004;598;100;10379482260;B
20240516;100004;598;40;10379482261;B
20240516;100004;598;166;10379482263;B
20240516;100004;598;166;10379482264;B
20240516;100004;598;166;10379482265;B
20240516;100004;598;166;10379482266;B
20240516;100004;598;166;10379482267;B
20240516;100004;598;160;10379482268;B
20240516;100004;598.05;100;10379482291;S
20240516;100004;598.1;100;10379482298;B
20240516;100004;598.45;50;10379482313;B
20240516;100004;598.45;375;10379482315;S
20240516;100004;598.5;900;10379482327;B
20240516;100004;598.75;49;10379482355;B
20240516;100004;598.95;51;10379482356;B
20240516;100004;598.9;60;10379482360;B
20240516;100004;599.2;20;10379482366;B
20240516;100004;599.2;355;10379482373;B
20240516;100004;599.25;100;10379482383;B
20240516;100004;599.25;100;10379482384;B
20240516;100004;599.25;200;10379482385;B
20240516;100004;599.25;175;10379482389;B
20240516;100004;599.25;100;10379482390;B
20240516;100004;599.4;20;10379482392;B
20240516;100004;599.4;40;10379482394;B
20240516;100005;599.4;315;10379482401;B
20240516;100005;599.45;225;10379482403;B
20240516;100005;599.45;143;10379482409;B
20240516;100005;599.45;157;10379482410;B
20240516;100005;599.45;100;10379482412;B
20240516;100005;599.45;20;10379482415;B
20240516;100005;599.45;200;10379482416;B
20240516;100005;599.45;300;10379482418;B
20240516;100005;599.45;20;10379482431;B
20240516;100005;599.45;55;10379482432;B
20240516;100005;599.45;65;10379482433;B
20240516;100005;599.45;220;10379482452;B
20240516;100005;599.45;20;10379482453;B
20240516;100005;599.45;40;10379482466;B
20240516;100005;599.45;20;10379482467;B
20240516;100005;599.45;20;10379482487;B
20240516;100005;599.45;40;10379482488;B
20240516;100005;599.45;15;10379482529;B
20240516;100005;599.5;16;10379482530;B
20240516;100005;599.5;49;10379482531;B
20240516;100005;599.5;51;10379482532;B
20240516;100005;599.5;80;10379482533;B
20240516;100005;599.5;9;10379482534;B
20240516;100005;599.4;254;10379482544;S
20240516;100005;599.4;30;10379482548;S
20240516;100005;599.4;200;10379482554;S
20240516;100005;599.4;3;10379482562;S
20240516;100005;599.4;8;10379482564;S
20240516;100005;599.45;375;10379482566;B
20240516;100005;599.5;1;10379482567;B
20240516;100005;599.5;20;10379482568;B
20240516;100005;599.5;30;10379482569;B
20240516;100005;599.5;30;10379482570;B
20240516;100005;599.5;9;10379482571;B
20240516;100005;599.5;13;10379482572;B
20240516;100005;599.5;100;10379482573;B
20240516;100005;599.5;20;10379482574;B
20240516;100005;599.5;40;10379482575;B
20240516;100005;599.5;2;10379482576;B
20240516;100005;599.5;13;10379482577;B
20240516;100005;599.5;15;10379482578;B
20240516;100005;599.5;20;10379482579;B
20240516;100005;599.5;54;10379482580;B
20240516;100005;599.5;100;10379482581;B
20240516;100005;599.5;120;10379482582;B
20240516;100005;599.5;20;10379482583;B
20240516;100005;599.5;26;10379482584;B
20240516;100005;599.5;11;10379482585;B
20240516;100005;599.5;1;10379482586;B
20240516;100005;599.5;1;10379482587;B
20240516;100005;599.5;5;10379482588;B
20240516;100005;599.5;18;10379482589;B
20240516;100005;599.5;16;10379482590;B
20240516;100005;599.4;5;10379482596;S
20240516;100005;599.4;106;10379482597;S
20240516;100005;599.4;79;10379482599;S
20240516;100005;599.4;21;10379482600;S
20240516;100005;599.4;124;10379482611;S
20240516;100005;599.4;76;10379482612;S
20240516;100005;599.45;10;10379482614;B
20240516;100005;599.5;10;10379482615;B
20240516;100005;599.5;20;10379482616;B
20240516;100005;599.5;27;10379482617;B
20240516;100005;599.5;1;10379482618;B
20240516;100005;599.5;16;10379482619;B
20240516;100005;599.5;11;10379482620;B
20240516;100005;599.5;10;10379482621;B
20240516;100005;599.5;4;10379482622;B
20240516;100005;599.5;111;10379482623;B
20240516;100005;599.5;189;10379482640;B
20240516;100005;599.5;2;10379482641;B
20240516;100005;599.5;9;10379482642;B
20240516;100005;599.5;20;10379482643;B
20240516;100005;599.4;10;10379482645;S
20240516;100005;599.4;1;10379482650;S
20240516;100005;599.4;206;10379482654;S
20240516;100005;599.4;6;10379482666;S
20240516;100005;599.45;375;10379482668;B
20240516;100005;599.5;171;10379482669;B
20240516;100005;599.5;10;10379482670;B
20240516;100005;599.5;150;10379482671;B
20240516;100005;599.55;1;10379482672;B
20240516;100005;599.55;5;10379482673;B
20240516;100005;599.55;3288;10379482674;B
20240516;100005;599.55;20;10379482675;B
20240516;100005;599.55;80;10379482710;B
20240516;100005;599.5;1;10379482711;S
20240516;100005;599.55;120;10379482712;B
20240516;100005;599.5;1;10379482717;S
20240516;100005;599.5;98;10379482727;S
20240516;100005;599.5;2;10379482728;S
20240516;100005;599.5;10;10379482731;S
20240516;100005;599.55;220;10379482738;B
20240516;100005;599.55;20;10379482739;B
20240516;100005;599.5;15;10379482746;S
20240516;100005;599.5;50;10379482747;S
20240516;100005;599.55;200;10379482774;B
20240516;100005;599.55;20;10379482775;B
20240516;100005;599.5;23;10379482776;S
20240516;100005;599.4;150;10379482783;S
20240516;100005;599.5;27;10379482793;B
20240516;100005;599.55;13;10379482794;B
20240516;100005;599.55;100;10379482795;B
20240516;100005;599.55;60;10379482807;B
20240516;100005;599.55;40;10379482808;B
20240516;100005;599.5;40;10379482826;B
20240516;100005;599.5;335;10379482828;B
20240516;100005;599.55;65;10379482829;B
20240516;100005;599.55;300;10379482865;B
20240516;100005;599.55;200;10379482867;B
20240516;100005;599.55;80;10379482880;B
20240516;100005;599.55;20;10379482881;B
20240516;100005;599.55;154;10379482891;B
20240516;100005;599.55;2;10379482892;B
20240516;100005;599.55;105;10379482893;B
20240516;100005;599.6;579;10379482894;B
20240516;100005;599.6;100;10379482895;B
20240516;100005;599.5;3;10379482905;B
20240516;100005;599.6;97;10379482906;B
20240516;100005;599.6;40;10379482907;B
20240516;100005;599.6;184;10379482915;B
20240516;100005;599.6;17;10379482916;B
20240516;100005;599.6;19;10379482917;B
20240516;100005;599.6;60;10379482918;B
20240516;100005;599.4;2;10379482920;S
20240516;100005;599.6;6;10379482921;B
20240516;100005;599.4;1;10379482922;S
20240516;100005;599.4;2;10379482924;S
20240516;100005;599.6;2;10379482925;B
20240516;100005;599.4;2;10379482926;S
20240516;100005;599.6;2;10379482927;B
20240516;100005;599.6;1;10379482928;B
20240516;100005;599.4;4;10379482929;S
20240516;100005;599.6;85;10379482937;B
20240516;100005;599.6;9;10379482938;B
20240516;100005;599.6;3;10379482939;B
20240516;100005;599.65;20;10379482940;B
20240516;100005;599.65;103;10379482941;B
20240516;100005;599.65;40;10379482942;B
20240516;100005;599.65;20;10379482980;B
20240516;100005;599.65;60;10379482981;B
20240516;100005;599.7;5;10379483000;B
20240516;100005;599.7;35;10379483001;B
20240516;100005;599.7;16;10379483002;B
20240516;100005;599.7;40;10379483003;B
20240516;100005;599.7;1;10379483004;B
20240516;100005;599.7;4;10379483005;B
20240516;100005;599.7;19;10379483006;B
20240516;100005;599.7;31;10379483041;B
20240516;100005;599.7;129;10379483042;B
20240516;100005;599.7;40;10379483043;B
20240516;100005;599.7;40;10379483059;B
20240516;100005;599.7;100;10379483060;B
20240516;100005;599.7;40;10379483097;B
20240516;100005;599.7;20;10379483098;B
20240516;100005;599.7;40;10379483124;B
20240516;100005;599.7;40;10379483125;B
20240516;100005;599.7;40;10379483143;B
20240516;100005;599.7;40;10379483144;B
20240516;100005;599.7;100;10379483152;B
20240516;100005;599.7;40;10379483157;B
20240516;100005;599.7;40;10379483158;B
20240516;100005;599.7;20;10379483179;B
20240516;100005;599.7;20;10379483181;B
20240516;100005;599.7;40;10379483207;B
20240516;100005;599.7;40;10379483208;B
20240516;100005;599.4;5;10379483237;S
20240516;100005;599.7;20;10379483267;B
20240516;100005;599.7;40;10379483268;B
20240516;100005;599.4;50;10379483278;S
20240516;100005;599.65;40;10379483298;B
20240516;100005;599.65;40;10379483299;B
20240516;100005;599.65;40;10379483340;B
20240516;100005;599.65;40;10379483341;B
20240516;100005;599.65;1;10379483346;B
20240516;100005;599.65;1;10379483350;B
20240516;100005;599.4;23;10379483352;S
20240516;100005;599.65;2;10379483357;B
20240516;100005;599.65;1;10379483362;B
20240516;100005;599.65;40;10379483365;B
20240516;100005;599.65;40;10379483366;B
20240516;100005;599.7;40;10379483410;B
20240516;100005;599.7;20;10379483411;B
20240516;100005;599.7;78;10379483450;B
20240516;100005;599.7;2;10379483451;B
20240516;100005;599.7;180;10379483452;B
20240516;100005;599.7;20;10379483513;B
20240516;100005;599.7;20;10379483535;B
20240516;100005;599.4;1;10379483542;S
20240516;100005;599.7;60;10379483546;B
20240516;100005;599.4;2;10379483549;S
20240516;100005;599.7;1;10379483552;B
20240516;100005;599.7;36;10379483555;B
20240516;100005;599.7;20;10379483558;B
20240516;100005;599.7;20;10379483569;B
20240516;100005;599.4;3;10379483572;S
20240516;100005;599.4;2;10379483575;S
20240516;100005;599.4;2;10379483576;S
20240516;100005;599.4;12;10379483577;S
20240516;100005;599.4;3;10379483578;S
20240516;100005;599.7;40;10379483582;B
20240516;100005;599.4;12;10379483597;S
20240516;100005;599.2;375;10379483598;S
20240516;100005;599.1;19;10379483599;S
20240516;100005;599.7;40;10379483605;B
20240516;100005;599.7;20;10379483630;B
20240516;100005;599.7;80;10379483637;B
20240516;100005;599.7;40;10379483651;B
20240516;100005;599.4;40;10379483672;B
20240516;100005;599.4;40;10379483725;B
20240516;100005;599.4;20;10379483738;B
20240516;100005;599.4;40;10379483743;B
20240516;100005;599.15;1;10379483744;S
20240516;100005;599.4;60;10379483745;B
20240516;100005;599.4;60;10379483747;B
20240516;100005;599.4;20;10379483748;B
20240516;100005;599.4;20;10379483755;B
20240516;100005;599.4;20;10379483756;B
20240516;100005;599.4;40;10379483782;B
20240516;100005;599.4;60;10379483783;B
20240516;100005;599.4;40;10379483811;B
20240516;100005;599.4;40;10379483812;B
20240516;100005;599.55;40;10379483813;B
20240516;100005;599.65;20;10379483825;B
20240516;100005;599.65;20;10379483826;B
20240516;100005;599.65;20;10379483833;B
20240516;100005;599.65;20;10379483834;B
20240516;100005;599.65;20;10379483845;B
20240516;100005;599.65;20;10379483846;B
20240516;100005;599.65;20;10379483865;B
20240516;100005;599.65;20;10379483866;B
20240516;100005;599.65;20;10379483879;B
20240516;100005;599.65;40;10379483880;B
20240516;100005;599.65;20;10379483907;B
20240516;100005;599.65;20;10379483908;B
20240516;100005;599.65;20;10379483925;B
20240516;100005;599.65;40;10379483926;B
20240516;100005;599.7;60;10379483955;B
20240516;100005;599.7;20;10379483956;B
20240516;100005;599.7;40;10379483968;B
20240516;100005;599.7;80;10379483969;B
20240516;100005;599.7;40;10379483979;B
20240516;100005;599.7;135;10379483980;B
20240516;100005;599.7;525;10379483981;B
20240516;100005;599.25;3;10379483992;S
20240516;100005;599.7;20;10379483994;B
20240516;100005;599.7;8;10379483995;B
20240516;100005;599.7;12;10379483996;B
20240516;100005;599.7;2;10379484002;B
20240516;100005;599.7;1;10379484005;B
20240516;100005;599.7;1;10379484006;B
20240516;100005;599.7;1;10379484008;B
20240516;100005;599.25;1;10379484010;S
20240516;100005;599.7;2;10379484012;B
20240516;100005;599.75;38;10379484013;B
20240516;100005;599.75;20;10379484014;B
20240516;100005;599.25;2;10379484015;S
20240516;100005;599.25;1;10379484020;S
20240516;100005;599.25;2;10379484029;S
20240516;100005;599.75;40;10379484032;B
20240516;100005;599.75;20;10379484034;B
20240516;100005;599.75;40;10379484049;B
20240516;100005;599.75;40;10379484050;B
20240516;100005;599.75;20;10379484062;B
20240516;100005;599.75;20;10379484063;B
20240516;100005;599.75;5;10379484122;B
20240516;100005;599.75;60;10379484123;B
20240516;100005;599.75;20;10379484124;B
20240516;100006;599.3;5;10379484134;S
20240516;100006;599.7;2;10379484143;B
20240516;100006;599.7;3;10379484155;B
20240516;100006;599.75;7;10379484156;B
20240516;100006;599.3;39;10379484158;S
20240516;100006;599.25;272;10379484159;S
20240516;100006;599.7;40;10379484163;B
20240516;100006;599.7;60;10379484164;B
20240516;100006;599.7;40;10379484181;B
20240516;100006;599.7;20;10379484182;B
20240516;100006;599.7;215;10379484184;B
20240516;100006;599.7;39;10379484185;B
20240516;100006;599.75;46;10379484186;B
20240516;100006;599.75;2;10379484190;B
20240516;100006;599.75;1;10379484191;B
20240516;100006;599.25;3;10379484192;S
20240516;100006;599.7;3;10379484193;B
20240516;100006;599.75;37;10379484194;B
20240516;100006;599.25;9;10379484195;S
20240516;100006;599.75;120;10379484196;B
20240516;100006;599.7;1;10379484199;B
20240516;100006;599.7;1;10379484203;B
20240516;100006;599.7;7;10379484210;B
20240516;100006;599.75;13;10379484211;B
20240516;100006;599.75;20;10379484212;B
20240516;100006;599.75;60;10379484223;B
20240516;100006;599.75;20;10379484226;B
20240516;100006;599.75;40;10379484227;B
20240516;100006;599.75;20;10379484230;B
20240516;100006;599.75;20;10379484232;B
20240516;100006;599.75;20;10379484236;B
20240516;100006;599.75;1;10379484243;B
20240516;100006;599.75;19;10379484244;B
20240516;100006;599.75;1;10379484250;B
20240516;100006;599.75;20;10379484251;B
20240516;100006;599.75;19;10379484252;B
20240516;100006;599.35;4;10379484254;S
20240516;100006;599.75;40;10379484255;B
20240516;100006;599.75;4;10379484264;B
20240516;100006;599.75;16;10379484265;B
20240516;100006;599.75;20;10379484266;B
20240516;100006;599.75;20;10379484294;B
20240516;100006;599.75;20;10379484295;B
20240516;100006;599.75;20;10379484308;B
20240516;100006;599.75;20;10379484309;B
20240516;100006;599.75;20;10379484319;B
20240516;100006;599.75;20;10379484320;B
20240516;100006;599.75;20;10379484348;B
20240516;100006;599.75;20;10379484349;B
20240516;100006;599.75;20;10379484359;B
20240516;100006;599.75;40;10379484360;B
20240516;100006;599.75;20;10379484384;B
20240516;100006;599.35;6;10379484411;S
20240516;100006;599.75;20;10379484414;B
20240516;100006;599.75;42;10379484415;B
20240516;100006;599.75;38;10379484416;B
20240516;100006;599.75;20;10379484424;B
20240516;100006;599.75;20;10379484425;B
20240516;100006;599.75;20;10379484444;B
20240516;100006;599.75;20;10379484447;B
20240516;100006;599.35;9;10379484554;S
20240516;100006;599.75;19;10379484561;B
20240516;100006;599.75;1;10379484562;B
20240516;100006;599.75;20;10379484566;B
20240516;100006;599.75;20;10379484572;B
20240516;100006;599.75;20;10379484581;B
20240516;100006;599.75;20;10379484591;B
20240516;100006;599.75;20;10379484599;B
20240516;100006;599.75;20;10379484609;B
20240516;100006;599.75;20;10379484614;B
20240516;100006;599.35;356;10379484615;S
20240516;100006;599.3;43;10379484616;S
20240516;100006;599.2;144;10379484617;S
20240516;100006;598.5;50;10379484618;S
20240516;100006;598.45;1002;10379484619;S
20240516;100006;598.35;368;10379484620;S
20240516;100006;598.35;131;10379484621;S
20240516;100006;598.3;300;10379484622;S
20240516;100006;598.25;1;10379484623;S
20240516;100006;598.05;1504;10379484624;S
20240516;100006;598;100;10379484625;S
20240516;100006;598;100;10379484626;S
20240516;100006;598;100;10379484627;S
20240516;100006;597.95;166;10379484628;S
20240516;100006;597.95;5;10379484629;S
20240516;100006;597.95;3;10379484630;S
20240516;100006;597.95;2;10379484631;S
20240516;100006;597.9;166;10379484632;S
20240516;100006;597.9;250;10379484633;S
20240516;100006;597.9;1000;10379484634;S
20240516;100006;597.9;3;10379484635;S
20240516;100006;597.85;166;10379484636;S
20240516;100006;597.85;4;10379484637;S
20240516;100006;597.85;3;10379484638;S
20240516;100006;597.8;166;10379484639;S
20240516;100006;597.8;200;10379484640;S
20240516;100006;597.8;6;10379484641;S
20240516;100006;597.8;3;10379484642;S
20240516;100006;597.75;166;10379484643;S
20240516;100006;597.75;5;10379484644;S
20240516;100006;597.75;3;10379484645;S
20240516;100006;597.7;5;10379484646;S
20240516;100006;597.7;10;10379484647;S
20240516;100006;597.7;3;10379484648;S
20240516;100006;597.7;166;10379484649;S
20240516;100006;597.65;166;10379484650;S
20240516;100006;597.65;3;10379484651;S
20240516;100006;597.65;2;10379484652;S
20240516;100006;597.6;3;10379484653;S
20240516;100006;597.6;169;10379484654;S
20240516;100006;597.55;169;10379484655;S
20240516;100006;597.55;3;10379484656;S
20240516;100006;597.5;169;10379484657;S
20240516;100006;597.5;1;10379484658;S
20240516;100006;597.5;400;10379484659;S
20240516;100006;597.5;20;10379484660;S
20240516;100006;597.5;105;10379484661;S
20240516;100006;597.5;3;10379484662;S
20240516;100006;597.5;10;10379484663;S
20240516;100006;597.5;1;10379484664;S
20240516;100006;597.5;30;10379484665;S
20240516;100006;597.5;46;10379484666;S
20240516;100006;599.75;20;10379484669;B
20240516;100006;599.7;40;10379484671;B
20240516;100006;599.6;43;10379484685;B
20240516;100006;599.65;77;10379484686;B
20240516;100006;599.6;20;10379484689;B
20240516;100006;599.55;2;10379484695;B
20240516;100006;598.2;2;10379484699;S
20240516;100006;599.55;20;10379484700;B
20240516;100006;599.55;20;10379484705;B
20240516;100006;599.55;1;10379484707;B
20240516;100006;599.55;2;10379484709;B
20240516;100006;599;1;10379484722;S
20240516;100006;599;2;10379484726;S
20240516;100006;599;1;10379484732;S
20240516;100006;599;1;10379484735;S
20240516;100006;599.55;20;10379484762;B
20240516;100006;599.55;60;10379484768;B
20240516;100006;599.55;20;10379484776;B
20240516;100006;599.55;60;10379484785;B
20240516;100006;599.55;20;10379484795;B
20240516;100006;599.6;20;10379484864;B
20240516;100006;599.6;20;10379484865;B
20240516;100006;599.6;20;10379484886;B
20240516;100006;599.6;20;10379484887;B
20240516;100006;599.6;20;10379484901;B
20240516;100006;599.6;1;10379484918;B
20240516;100006;599.6;1;10379484922;B
20240516;100006;599.6;1;10379484923;B
20240516;100006;599.6;20;10379484924;B
20240516;100006;599.05;2;10379484926;S
20240516;100006;599.05;2;10379484929;S
20240516;100006;599.6;1;10379484930;B
20240516;100006;599.05;2;10379484934;S
20240516;100006;599.6;20;10379484958;B
20240516;100006;599.55;20;10379484963;B
20240516;100006;599.05;4;10379484971;S
20240516;100006;599.55;20;10379485037;B
20240516;100006;599.55;1;10379485115;B
20240516;100006;599.55;20;10379485195;B
20240516;100006;599.15;2;10379485229;S
20240516;100006;599.65;2;10379485234;B
20240516;100006;599.65;20;10379485236;B
20240516;100006;599.15;1;10379485237;S
20240516;100006;599.65;20;10379485239;B
20240516;100006;599.65;58;10379485241;B
20240516;100006;599.65;112;10379485242;B
20240516;100006;599.65;80;10379485246;B
20240516;100006;599.65;2;10379485248;B
20240516;100006;599.65;20;10379485249;B
20240516;100006;599.65;20;10379485261;B
20240516;100006;599.65;20;10379485263;B
20240516;100006;599.65;200;10379485268;B
20240516;100006;599.65;80;10379485273;B
20240516;100006;599.65;40;10379485284;B
20240516;100006;599.65;60;10379485289;B
20240516;100006;599.65;2;10379485296;B
20240516;100006;599.7;298;10379485297;B
20240516;100006;599.3;1;10379485304;S
20240516;100006;599.75;20;10379485307;B
20240516;100006;599.75;20;10379485597;B
20240516;100006;599.75;20;10379485602;B
20240516;100006;599.75;40;10379485612;B
20240516;100006;599.75;40;10379485618;B
20240516;100006;599.75;60;10379485630;B
20240516;100006;599.75;200;10379485634;B
20240516;100006;599.75;40;10379485648;B
20240516;100006;599.75;40;10379485657;B
20240516;100006;599.75;40;10379485666;B
20240516;100006;599.75;40;10379485671;B
20240516;100006;599.75;40;10379485684;B
20240516;100006;599.75;40;10379485686;B
20240516;100006;599.75;40;10379485705;B
20240516;100006;599.75;40;10379485706;B
20240516;100006;599.75;40;10379485723;B
20240516;100006;599.75;100;10379485724;B
20240516;100006;599.75;20;10379485738;B
20240516;100006;599.75;20;10379485739;B
20240516;100006;599.75;20;10379485760;B
20240516;100006;599.75;20;10379485761;B
20240516;100006;599.75;20;10379485781;B
20240516;100006;599.75;20;10379485782;B
20240516;100006;599.1;55;10379485801;S
20240516;100006;599.7;5;10379485821;B
20240516;100006;599.75;15;10379485822;B
20240516;100006;599.75;1;10379485824;B
20240516;100006;599.75;4;10379485830;B
20240516;100006;599.75;1;10379485845;B
20240516;100006;599.2;2;10379485853;S
20240516;100006;599.2;1;10379485858;S
20240516;100006;599.75;1;10379485865;B
20240516;100006;599.75;2;10379485873;B
20240516;100006;599.75;166;10379485879;B
20240516;100006;599.3;100;10379485885;S
20240516;100006;599.75;20;10379485936;B
20240516;100006;599.75;20;10379485967;B
20240516;100007;599.7;2;10379486026;B
20240516;100007;599.7;3;10379486029;B
20240516;100007;599.7;2;10379486031;B
20240516;100007;599.7;1;10379486111;B
20240516;100007;599.7;1;10379486115;B
20240516;100007;599.7;20;10379486137;B
20240516;100007;599.75;40;10379486141;B
20240516;100007;599.75;20;10379486184;B
20240516;100007;599.75;20;10379486186;B
20240516;100007;599.75;40;10379486223;B
20240516;100007;599.75;20;10379486226;B
20240516;100007;599.3;97;10379486273;S
20240516;100007;599.75;80;10379486277;B
20240516;100007;599.75;2;10379486279;B
20240516;100007;599.75;2;10379486326;B
20240516;100007;599.75;1;10379486334;B
20240516;100007;599.75;20;10379486335;B
20240516;100007;599.75;1;10379486339;B
20240516;100007;599.75;1;10379486344;B
20240516;100007;599.75;2;10379486352;B
20240516;100007;599.75;2;10379486355;B
20240516;100007;599.75;1;10379486361;B
20240516;100007;599.75;20;10379486366;B
20240516;100007;599.75;2;10379486367;B
20240516;100007;599.75;60;10379486386;B
20240516;100007;599.3;1;10379486388;S
20240516;100007;599.75;2;10379486392;B
20240516;100007;599.75;1;10379486393;B
20240516;100007;599.3;2;10379486394;S
20240516;100007;599.3;1;10379486398;S
20240516;100007;599.75;3;10379486399;B
20240516;100007;599.75;20;10379486454;B
20240516;100007;599.75;1;10379486467;B
20240516;100007;599.75;1;10379486474;B
20240516;100007;599.75;20;10379486479;B
20240516;100007;599.75;1;10379486483;B
20240516;100007;599.75;3;10379486488;B
20240516;100007;599.75;14;10379486493;B
20240516;100007;599.75;1;10379486494;B
20240516;100007;599.35;1;10379486496;S
20240516;100007;599.35;1;10379486502;S
20240516;100007;599.7;1;10379486506;B
20240516;100007;599.75;1;10379486507;B
20240516;100007;599.75;10;10379486511;B
20240516;100007;599.35;37;10379486515;S
20240516;100007;599.3;163;10379486516;S
20240516;100007;599.3;70;10379486517;S
20240516;100007;599.7;1;10379486518;B
20240516;100007;599.75;7;10379486519;B
20240516;100007;599.7;20;10379486533;B
20240516;100007;599.7;17;10379486550;B
20240516;100007;599.75;3;10379486551;B
20240516;100007;599.3;39;10379486558;S
20240516;100007;599.3;5;10379486560;B
20240516;100007;599.3;20;10379486580;B
20240516;100007;599.3;6;10379486591;B
20240516;100007;599.3;20;10379486595;B
20240516;100007;599.3;20;10379486625;B
20240516;100007;599.3;40;10379486648;B
20240516;100007;599.3;20;10379486667;B
20240516;100007;599.3;20;10379486687;B
20240516;100007;599.3;20;10379486756;B
20240516;100007;599.3;1;10379486817;B
20240516;100007;599.3;20;10379486847;B
20240516;100007;599.3;20;10379486857;B
20240516;100007;599.25;208;10379486920;S
20240516;100007;599.25;202;10379486921;S
20240516;100007;599.3;20;10379486944;B
20240516;100007;599.3;20;10379486949;B
20240516;100007;599.2;2;10379486956;S
20240516;100007;599.3;1;10379486959;B
20240516;100007;599.3;1;10379486965;B
20240516;100007;599.3;6;10379486975;B
20240516;100007;599.3;40;10379486981;B
20240516;100007;599.3;20;10379486982;B
20240516;100007;599.3;2;10379486986;B
20240516;100007;599.2;2;10379486994;S
20240516;100007;599.2;9;10379487017;S
20240516;100007;599.2;4;10379487018;S
20240516;100007;599.3;3;10379487019;B
20240516;100007;599.3;35;10379487023;B
20240516;100007;599.3;5;10379487024;B
20240516;100007;599.2;4;10379487029;S
20240516;100007;599.2;2;10379487184;S
20240516;100007;599.2;1;10379487188;S
20240516;100007;599.2;2;10379487199;S
20240516;100007;599.3;1;10379487203;B
20240516;100007;599.3;1;10379487228;B
20240516;100007;599.3;4;10379487232;B
20240516;100007;599.3;1;10379487233;B
20240516;100007;599.3;1;10379487236;B
20240516;100007;599.3;2;10379487238;B
20240516;100007;599.3;1;10379487242;B
20240516;100007;599.2;2;10379487246;S
20240516;100007;599.3;20;10379487265;B
20240516;100007;599.3;20;10379487266;B
20240516;100007;599.3;4;10379487318;B
20240516;100007;599.3;60;10379487321;B
20240516;100007;599.3;60;10379487340;B
20240516;100007;599.3;20;10379487341;B
20240516;100007;599.3;20;10379487363;B
20240516;100007;599.15;30;10379487489;S
20240516;100007;599.15;17;10379487502;S
20240516;100007;599.15;1;10379487535;S
20240516;100007;599.3;1;10379487539;B
20240516;100007;599.3;20;10379487541;B
20240516;100007;599.3;20;10379487542;B
20240516;100007;599.15;2;10379487543;S
20240516;100007;599.3;2;10379487545;B
20240516;100007;599.3;1;10379487546;B
20240516;100007;599.3;1;10379487547;B
20240516;100007;599.3;1;10379487550;B
20240516;100007;599.3;1;10379487554;B
20240516;100007;599.3;1;10379487558;B
20240516;100007;599.1;1;10379487561;S
20240516;100007;599.1;3;10379487562;S
20240516;100007;599.1;2;10379487569;S
20240516;100007;599.1;5;10379487585;S
20240516;100007;599.3;20;10379487608;B
20240516;100007;599.1;5;10379487697;S
20240516;100007;599.5;1;10379487712;B
20240516;100007;599.5;1;10379487770;B
20240516;100007;599.55;3;10379487771;B
20240516;100007;599.1;3;10379487775;S
20240516;100007;599.1;50;10379487796;S
20240516;100007;599.55;20;10379487803;B
20240516;100007;599.1;2;10379487901;S
20240516;100007;599.55;1;10379487902;B
20240516;100007;599.55;4;10379487903;B
20240516;100008;599.1;3;10379487904;S
20240516;100008;599.55;8;10379487905;B
20240516;100008;599.6;12;10379487906;B
20240516;100008;599.1;93;10379487915;S
20240516;100008;599.1;7;10379487916;S
20240516;100008;599.2;6;10379487926;S
20240516;100008;599.6;3;10379487936;B
20240516;100008;599.5;6;10379487945;B
20240516;100008;599.55;14;10379487946;B
20240516;100008;599.15;80;10379488087;S
20240516;100008;599.1;36;10379488088;S
20240516;100008;599.05;200;10379488089;S
20240516;100008;599.05;375;10379488090;S
20240516;100008;599;20;10379488091;S
20240516;100008;598.6;10;10379488092;S
20240516;100008;598.55;1;10379488137;S
20240516;100008;598.55;3;10379488138;S
20240516;100008;598.9;1;10379488139;B
20240516;100008;598.5;2;10379488140;S
20240516;100008;598.85;20;10379488141;B
20240516;100008;598.85;16;10379488145;B
20240516;100008;598.95;44;10379488146;B
20240516;100008;598.9;2;10379488162;B
20240516;100008;598.95;78;10379488163;B
20240516;100008;599;20;10379488203;B
20240516;100008;599;20;10379488224;B
20240516;100008;598.65;11;10379488294;S
20240516;100008;598.75;200;10379488319;S
20240516;100008;598.7;36;10379488320;S
20240516;100008;598.6;4;10379488321;S
20240516;100008;598.55;360;10379488322;S
20240516;100008;598.55;15;10379488323;S
20240516;100008;598.3;585;10379488324;S
20240516;100008;598.3;1;10379488325;S
20240516;100008;598.9;60;10379488327;B
20240516;100008;598.9;500;10379488354;B
20240516;100008;598.95;60;10379488421;B
20240516;100008;598.95;20;10379488422;B
20240516;100008;598.95;80;10379488425;B
20240516;100008;598.95;20;10379488426;B
20240516;100008;598.95;120;10379488427;B
20240516;100008;598.95;20;10379488429;B
20240516;100008;598.95;100;10379488432;B
20240516;100009;598.95;20;10379488451;B
20240516;100009;598.95;20;10379488452;B
20240516;100009;598.95;20;10379488467;B
20240516;100009;598.95;24;10379488469;B
20240516;100009;599;16;10379488470;B
20240516;100009;599;20;10379488522;B
20240516;100009;598.5;1;10379488726;S
20240516;100009;598.5;3;10379488745;S
20240516;100009;598.85;10;10379488780;B
20240516;100009;598.85;20;10379488785;B
20240516;100009;598.6;66;10379488868;S
20240516;100009;598.85;1;10379488897;B
20240516;100009;598.55;35;10379488919;S
20240516;100009;598.5;89;10379488920;S
20240516;100009;598.85;60;10379488928;B
20240516;100009;598.5;20;10379488945;S
20240516;100009;598.75;20;10379488953;B
20240516;100009;598.75;15;10379488955;B
20240516;100009;598.8;5;10379488956;B
20240516;100009;598.75;2;10379488962;B
20240516;100010;598.75;20;10379488975;B
20240516;100010;598.5;200;10379489079;S
20240516;100010;598.5;1;10379489166;S
20240516;100010;598.5;60;10379489167;S
20240516;100010;598.75;13;10379489184;B
20240516;100010;598.8;47;10379489185;B
20240516;100010;598.75;5;10379489248;B
20240516;100010;598.8;15;10379489249;B
20240516;100010;598.8;20;10379489317;B
20240516;100010;598.8;1;10379489377;B
20240516;100010;598.8;2;10379489406;B
20240516;100010;598.8;4;10379489461;B
20240516;100010;598.6;1;10379489469;S
20240516;100010;598.75;1;10379489552;B
20240516;100010;598.8;14;10379489553;B
20240516;100010;598.8;1;10379489566;B
20240516;100010;598.85;38;10379489572;B
20240516;100010;598.6;9;10379489653;S
20240516;100010;598.95;66;10379489667;B
20240516;100010;598.95;167;10379489668;B
20240516;100010;599;27;10379489669;B
20240516;100010;598.75;2;10379489686;B
20240516;100010;598.75;7;10379489709;B
20240516;100010;598.75;33;10379489710;B
20240516;100010;598.75;40;10379489711;B
20240516;100011;598.75;4;10379489762;B
20240516;100011;598.6;25;10379489767;S
20240516;100011;598.55;507;10379489768;S
20240516;100011;598.5;375;10379489769;S
20240516;100011;598.2;40;10379489770;S
20240516;100011;598.2;2;10379489771;S
20240516;100011;598.15;10;10379489772;S
20240516;100011;598.15;31;10379489773;S
20240516;100011;598;1010;10379489774;S
20240516;100011;598.45;67;10379489818;S
20240516;100011;598.45;200;10379489819;S
20240516;100011;598.35;35;10379489820;S
20240516;100011;598.35;92;10379489821;S
20240516;100011;598.7;20;10379489865;B
20240516;100011;598.7;5;10379489868;B
20240516;100011;598.7;2;10379489869;B
20240516;100011;598.7;4;10379489870;B
20240516;100011;598.75;86;10379489871;B
20240516;100011;598.8;23;10379489872;B
20240516;100011;598.75;35;10379489877;B
20240516;100011;598.8;45;10379489878;B
20240516;100011;598.8;20;10379489881;B
20240516;100011;598.8;200;10379489883;B
20240516;100011;598.8;20;10379489917;B
20240516;100011;598.8;40;10379489928;B
20240516;100011;598.8;20;10379489934;B
20240516;100011;598.8;20;10379489967;B
20240516;100011;598.8;20;10379489968;B
20240516;100011;598.8;5;10379489971;B
20240516;100011;598.8;55;10379489972;B
20240516;100011;598.8;20;10379490039;B
20240516;100011;598.8;2;10379490056;B
20240516;100011;598.9;20;10379490068;B
20240516;100011;598.9;20;10379490112;B
20240516;100011;598.9;200;10379490191;B
20240516;100011;598.9;2;10379490203;B
20240516;100011;598.9;40;10379490224;B
20240516;100012;598.65;1;10379490284;S
20240516;100012;598.9;15;10379490294;B
20240516;100012;598.9;145;10379490408;B
20240516;100012;598.95;379;10379490409;B
20240516;100012;598.95;40;10379490433;B
20240516;100012;598.95;80;10379490434;B
20240516;100012;598.95;511;10379490445;B
20240516;100012;598.95;148;10379490446;B
20240516;100012;599;1341;10379490447;B
20240516;100012;599;20;10379490455;B
20240516;100012;599;100;10379490459;B
20240516;100012;599;40;10379490460;B
20240516;100012;599;280;10379490461;B
20240516;100012;599;20;10379490468;B
20240516;100012;599;80;10379490469;B
20240516;100012;599;40;10379490488;B
20240516;100013;599;20;10379490509;B
20240516;100014;599;34;10379490830;B
20240516;100014;599;1;10379491120;B
20240516;100014;598.8;1;10379491128;S
20240516;100015;598.75;65;10379491133;S
20240516;100015;598.75;200;10379491146;S
20240516;100015;598.7;35;10379491147;S
20240516;100015;598.65;116;10379491148;S
20240516;100015;598.7;167;10379491159;S
20240516;100015;598.7;36;10379491160;S
20240516;100015;598.65;200;10379491161;S
20240516;100015;598.55;197;10379491162;S
20240516;100015;598.7;5;10379491165;S
20240516;100015;598.7;162;10379491166;S
20240516;100015;598.65;200;10379491167;S
20240516;100015;598.5;36;10379491168;S
20240516;100015;598.45;152;10379491169;S
20240516;100015;598.85;20;10379491171;B
20240516;100015;598.85;17;10379491172;B
20240516;100015;598.85;23;10379491173;B
20240516;100015;598.45;1;10379491174;S
20240516;100015;598.85;40;10379491176;B
20240516;100015;598.5;167;10379491181;S
20240516;100015;598.5;33;10379491182;S
20240516;100015;598.55;2;10379491224;S
20240516;100015;598.85;40;10379491231;B
20240516;100015;598.85;60;10379491233;B
20240516;100015;598.85;60;10379491236;B
20240516;100015;598.85;40;10379491238;B
20240516;100015;598.85;40;10379491241;B
20240516;100015;598.85;40;10379491242;B
20240516;100015;598.85;20;10379491251;B
20240516;100015;598.85;35;10379491252;B
20240516;100015;598.9;5;10379491253;B
20240516;100015;598.85;20;10379491254;B
20240516;100015;598.45;4;10379491255;S
20240516;100015;598.45;2;10379491257;S
20240516;100015;598.9;20;10379491273;B
20240516;100015;598.5;35;10379491280;S
20240516;100015;598.5;368;10379491281;S
20240516;100015;598.45;161;10379491282;S
20240516;100015;598.45;375;10379491283;S
20240516;100015;598.45;200;10379491284;S
20240516;100015;598.35;208;10379491285;S
20240516;100015;598.15;1504;10379491286;S
20240516;100015;598.15;1002;10379491287;S
20240516;100015;598.1;4;10379491288;S
20240516;100015;598.1;143;10379491289;S
20240516;100015;598.7;20;10379491290;B
20240516;100015;598.7;16;10379491291;B
20240516;100015;598.75;4;10379491292;B
20240516;100015;598.75;20;10379491369;B
20240516;100015;598.75;80;10379491370;B
20240516;100015;598.75;40;10379491371;B
20240516;100015;598.75;80;10379491373;B
20240516;100015;598.75;40;10379491374;B
20240516;100015;598.75;60;10379491375;B
20240516;100015;598.75;320;10379491376;B
20240516;100015;598.75;220;10379491378;B
20240516;100015;598.75;40;10379491379;B
20240516;100015;598.8;4;10379491475;B
20240516;100015;598.85;16;10379491476;B
20240516;100015;598.8;36;10379491477;B
20240516;100015;598.85;4;10379491478;B
20240516;100015;598.85;20;10379491479;B
20240516;100015;598.85;80;10379491482;B
20240516;100015;598.95;60;10379491483;B
20240516;100015;598.7;20;10379491570;B
20240516;100015;598.7;20;10379491573;B
20240516;100015;598.7;20;10379491604;B
20240516;100016;598.4;20;10379491653;S
20240516;100016;598.65;9;10379492051;B
20240516;100016;598.7;380;10379492052;B
20240516;100016;598.85;102;10379492053;B
20240516;100016;598.9;100;10379492054;B
20240516;100016;598.9;375;10379492055;B
20240516;100016;598.95;1444;10379492056;B
20240516;100016;599;13904;10379492057;B
20240516;100016;599;1;10379492058;B
20240516;100016;599;3;10379492059;B
20240516;100016;599.15;16;10379492060;B
20240516;100016;599.2;1;10379492061;B
20240516;100016;599.25;3;10379492087;B
20240516;100016;599.35;77;10379492088;B
20240516;100016;599.4;4;10379492089;B
20240516;100016;599.45;16;10379492090;B
20240516;100016;599.5;20;10379492092;B
20240516;100017;599.5;80;10379492094;B
20240516;100017;599.5;275;10379492097;B
20240516;100017;599.55;15;10379492098;B
20240516;100017;599.65;10;10379492099;B
20240516;100017;599.6;375;10379492100;B
20240516;100017;599.65;10;10379492101;B
20240516;100017;599.7;200;10379492102;B
20240516;100017;599.75;10;10379492103;B
20240516;100017;599.75;100;10379492104;B
20240516;100017;599.8;9;10379492105;B
20240516;100017;599.8;100;10379492106;B
20240516;100017;599.8;30;10379492107;B
20240516;100017;599.8;5;10379492108;B
20240516;100017;599.8;4;10379492109;B
20240516;100017;599.8;2;10379492110;B
20240516;100017;599.8;14;10379492111;B
20240516;100017;599.8;10;10379492112;B
20240516;100017;599.8;50;10379492113;B
20240516;100017;599.8;35;10379492114;B
20240516;100017;599.8;3;10379492115;B
20240516;100017;599.8;80;10379492116;B
20240516;100017;599.8;5;10379492117;B
20240516;100017;599.8;3;10379492118;B
20240516;100017;599.8;100;10379492119;B
20240516;100017;599.8;40;10379492120;B
20240516;100017;599.8;14;10379492121;B
20240516;100017;599.8;25;10379492122;B
20240516;100017;599.8;4;10379492123;B
20240516;100017;599.8;70;10379492124;B
20240516;100017;599.85;3;10379492125;B
20240516;100017;599.85;20;10379492126;B
20240516;100017;599.85;3;10379492127;B
20240516;100017;599.85;10;10379492128;B
20240516;100017;599.85;10;10379492129;B
20240516;100017;599.85;15;10379492130;B
20240516;100017;599.85;5;10379492131;B
20240516;100017;599.85;8;10379492132;B
20240516;100017;599.85;52;10379492133;B
20240516;100017;599.85;2;10379492134;B
20240516;100017;599.85;21;10379492135;B
20240516;100017;599.85;2;10379492136;B
20240516;100017;599.85;60;10379492137;B
20240516;100017;599.85;10;10379492138;B
20240516;100017;599.85;65;10379492139;B
20240516;100017;599.85;4;10379492140;B
20240516;100017;599.85;20;10379492141;B
20240516;100017;599.85;11;10379492142;B
20240516;100017;599.85;57;10379492143;B
20240516;100017;599.85;100;10379492144;B
20240516;100017;599.85;3;10379492145;B
20240516;100017;599.85;2;10379492146;B
20240516;100017;599.85;10;10379492147;B
20240516;100017;599.85;5;10379492148;B
20240516;100017;599.85;1;10379492149;B
20240516;100017;599.85;11;10379492150;B
20240516;100017;599.85;2;10379492151;B
20240516;100017;599.85;135;10379492152;B
20240516;100017;599.85;40;10379492153;B
20240516;100017;599.85;8;10379492154;B
20240516;100017;599.85;64;10379492155;B
20240516;100017;599.85;9;10379492156;B
20240516;100017;599.85;10;10379492157;B
20240516;100017;599.85;1;10379492158;B
20240516;100017;599.85;30;10379492159;B
20240516;100017;599.85;6;10379492160;B
20240516;100017;599.85;17;10379492161;B
20240516;100017;599.85;8;10379492162;B
20240516;100017;599.85;30;10379492163;B
20240516;100017;599.85;1;10379492164;B
20240516;100017;599.85;10;10379492165;B
20240516;100017;599.85;1;10379492166;B
20240516;100017;599.85;10;10379492167;B
20240516;100017;599.85;5;10379492168;B
20240516;100017;599.85;3;10379492169;B
20240516;100017;599.85;3;10379492170;B
20240516;100017;599.85;10;10379492171;B
20240516;100017;599.85;10;10379492172;B
20240516;100017;599.85;5;10379492173;B
20240516;100017;599.85;135;10379492174;B
20240516;100017;599.85;16;10379492175;B
20240516;100017;599.9;423;10379492176;B
20240516;100017;599.8;176;10379492254;S
20240516;100017;599.85;350;10379492259;B
20240516;100017;599.8;24;10379492270;S
20240516;100017;599.75;40;10379492290;B
20240516;100017;599.8;259;10379492291;B
20240516;100017;599.85;40;10379492324;B
20240516;100017;599.85;20;10379492325;B
20240516;100017;599.85;52;10379492326;B
20240516;100017;599.9;28;10379492327;B
20240516;100017;599.9;100;10379492328;B
20240516;100017;599.9;60;10379492329;B
20240516;100017;599.9;40;10379492330;B
20240516;100017;599.9;40;10379492332;B
20240516;100017;599.9;20;10379492333;B
20240516;100017;599.85;20;10379492334;B
20240516;100017;599.85;20;10379492335;B
20240516;100017;599.85;20;10379492339;B
20240516;100017;599.85;20;10379492340;B
20240516;100017;599.85;20;10379492341;B
20240516;100017;599.85;20;10379492342;B
20240516;100017;599.85;20;10379492343;B
20240516;100017;599.85;20;10379492344;B
20240516;100017;599.85;40;10379492346;B
20240516;100017;599.85;20;10379492347;B
20240516;100017;599.85;20;10379492349;B
20240516;100017;599.85;20;10379492350;B
20240516;100017;599.85;20;10379492357;B
20240516;100017;599.85;20;10379492358;B
20240516;100017;599.9;20;10379492386;B
20240516;100017;599.9;100;10379492387;B
20240516;100017;599.9;60;10379492389;B
20240516;100017;599.9;80;10379492390;B
20240516;100017;599.9;60;10379492394;B
20240516;100017;599.9;20;10379492401;B
20240516;100017;599.9;40;10379492403;B
20240516;100017;599.9;20;10379492407;B
20240516;100017;599.9;20;10379492408;B
20240516;100017;599.9;20;10379492410;B
20240516;100017;599.9;20;10379492413;B
20240516;100017;599.9;20;10379492415;B
20240516;100017;599.9;40;10379492428;B
20240516;100017;599.9;20;10379492429;B
20240516;100017;599.9;20;10379492430;B
20240516;100017;599.9;20;10379492444;B
20240516;100017;599.9;20;10379492459;B
20240516;100017;599.9;20;10379492466;B
20240516;100019;599.45;167;10379492929;S
20240516;100019;599.45;4;10379492930;S
20240516;100019;599.4;40;10379492931;S
20240516;100019;599.4;106;10379492932;S
20240516;100019;599.4;5;10379492977;S
20240516;100019;599.8;5;10379492998;B
20240516;100019;599.85;35;10379492999;B
20240516;100019;599.85;5;10379493001;B
20240516;100019;599.9;35;10379493002;B
20240516;100019;599.45;1;10379493058;B
20240516;100019;599.85;38;10379493059;B
20240516;100019;599.9;20;10379493064;B
20240516;100019;599.75;20;10379493076;B
20240516;100019;599.75;1;10379493083;B
20240516;100019;599.75;1;10379493108;B
20240516;100019;599.75;7;10379493136;B
20240516;100020;599.4;40;10379493245;S
20240516;100020;599.4;60;10379493246;S
20240516;100020;599.65;20;10379493250;B
20240516;100020;599.4;1;10379493380;S
20240516;100020;599.65;1;10379493455;B
20240516;100021;599.35;34;10379493760;S
20240516;100022;599.5;40;10379493770;B
20240516;100022;599.55;100;10379493771;B
20240516;100022;599.6;10;10379493772;B
20240516;100022;599.6;20;10379493791;B
20240516;100022;599.6;20;10379493792;B
20240516;100022;599.6;2;10379493820;B
20240516;100022;599.6;20;10379493867;B
20240516;100022;599.4;50;10379493868;S
20240516;100022;599.6;80;10379493995;B
20240516;100022;599.6;14;10379494018;B
20240516;100022;599.65;6;10379494019;B
20240516;100022;599.4;1;10379494020;S
20240516;100023;599.45;1;10379494024;S
20240516;100023;599.45;165;10379494030;S
20240516;100023;599.6;56;10379494036;B
20240516;100023;599.65;13;10379494135;B
20240516;100023;599.7;27;10379494136;B
20240516;100023;599.7;20;10379494154;B
20240516;100023;599.7;16;10379494224;B
20240516;100025;599.6;2;10379494639;S
20240516;100025;599.6;1;10379494699;S
20240516;100025;599.6;1;10379494707;S
20240516;100026;599.6;146;10379494893;S
20240516;100026;599.5;39;10379494894;S
20240516;100026;599.45;167;10379494895;S
20240516;100026;599.4;177;10379494896;S
20240516;100026;599.35;368;10379494897;S
20240516;100026;599.3;800;10379494898;S
20240516;100026;599.2;200;10379494899;S
20240516;100026;599.15;103;10379494900;S
20240516;100026;599.4;40;10379494906;B
20240516;100026;599.4;39;10379494907;B
20240516;100026;599.45;1;10379494908;B
20240516;100026;599.45;40;10379494909;B
20240516;100026;599.45;80;10379494910;B
20240516;100026;599.55;177;10379494911;B
20240516;100026;599.6;3;10379494912;B
20240516;100026;599.7;60;10379494914;B
20240516;100026;599.7;40;10379494915;B
20240516;100026;599.7;2;10379494999;B
20240516;100026;599.65;103;10379495017;S
20240516;100026;599.7;20;10379495018;B
20240516;100026;599.7;40;10379495019;B
20240516;100026;599.7;4;10379495020;B
20240516;100026;599.7;36;10379495021;B
20240516;100026;599.7;20;10379495023;B
20240516;100026;599.65;4;10379495065;S
20240516;100026;599.7;20;10379495105;B
20240516;100026;599.7;20;10379495107;B
20240516;100026;599.7;25;10379495163;B
20240516;100026;599.75;4;10379495195;B
20240516;100026;599.75;20;10379495237;B
20240516;100027;599.65;14;10379495340;S
20240516;100028;599.65;1;10379495507;S
20240516;100028;599.65;6;10379495534;S
20240516;100028;599.55;29;10379495535;S
20240516;100028;599.75;20;10379495563;B
20240516;100028;599.7;1;10379495569;S
20240516;100029;599.7;102;10379495731;S
20240516;100029;599.45;39;10379495732;S
20240516;100029;599.4;109;10379495733;S
20240516;100029;599.6;20;10379495751;B
20240516;100029;599.6;19;10379495754;B
20240516;100029;599.6;21;10379495755;B
20240516;100029;599.6;20;10379495790;B
20240516;100029;599.25;20;10379495831;S
20240516;100029;599.25;6;10379495853;S
20240516;100030;599.35;26;10379495859;B
20240516;100030;599.4;74;10379495860;B
20240516;100030;599.4;93;10379495861;B
20240516;100030;599.4;107;10379495862;B
20240516;100030;599.45;167;10379495865;B
20240516;100030;599.6;33;10379495870;B
20240516;100030;599.6;20;10379495887;B
20240516;100030;599.6;40;10379495892;B
20240516;100030;599.6;40;10379495893;B
20240516;100030;599.6;60;10379495894;B
20240516;100030;599.6;20;10379495912;B
20240516;100030;599.6;20;10379495934;B
20240516;100030;599.6;5;10379495936;B
20240516;100030;599.65;20;10379495999;B
20240516;100030;599.7;100;10379496041;B
20240516;100030;599.7;20;10379496049;B
20240516;100030;599.7;46;10379496052;B
20240516;100030;599.7;104;10379496053;B
20240516;100030;599.45;1;10379496061;S
20240516;100030;599.7;40;10379496122;B
20240516;100030;599.7;1;10379496132;B
20240516;100031;599.7;20;10379496153;B
20240516;100031;599.45;166;10379496284;S
20240516;100031;599.4;177;10379496285;S
20240516;100031;599.35;39;10379496286;S
20240516;100031;599.3;118;10379496287;S
20240516;100031;599.5;39;10379496297;B
20240516;100031;599.55;1;10379496298;B
20240516;100031;599.55;40;10379496299;B
20240516;100031;599.55;20;10379496300;B
20240516;100031;599.55;20;10379496301;B
20240516;100031;599.55;20;10379496339;B
20240516;100033;599.3;5;10379496578;S
20240516;100033;599.45;20;10379496607;B
20240516;100033;599.35;1;10379496619;S
20240516;100033;599.35;1;10379496647;S
20240516;100034;599.35;3;10379496805;S
20240516;100034;599.3;7;10379496806;S
20240516;100034;599.3;39;10379496807;S
20240516;100034;599.25;167;10379496808;S
20240516;100034;599.2;200;10379496809;S
20240516;100034;599.2;375;10379496810;S
20240516;100034;599.2;42;10379496811;S
20240516;100034;599.35;40;10379496847;B
20240516;100034;599.35;40;10379496849;B
20240516;100034;599.35;80;10379496851;B
20240516;100035;599.4;20;10379498931;B
20240516;100035;599.4;19;10379498932;B
20240516;100035;599.4;1;10379498933;B
20240516;100035;599.4;2;10379499030;B
20240516;100035;599.15;2;10379499036;S
20240516;100035;599.35;2;10379499040;B
20240516;100035;599.4;1;10379499041;B
20240516;100037;599.15;6;10379499403;S
20240516;100039;599.3;101;10379499834;B
20240516;100039;599.3;40;10379499856;B
20240516;100039;599.3;20;10379499872;B
20240516;100039;599.3;20;10379499883;B
20240516;100039;599.3;5;10379499895;B
20240516;100039;599.2;1;10379499897;S
20240516;100039;599.15;20;10379499935;S
20240516;100040;599.2;2;10379500038;B
20240516;100040;599.1;1;10379500042;S
20240516;100040;599.2;5;10379500043;B
20240516;100041;599.1;1;10379500239;S
20240516;100041;599.2;1;10379500286;B
20240516;100043;599.1;9;10379500666;S
20240516;100043;599.15;353;10379500718;B
20240516;100043;599.15;80;10379500729;B
20240516;100043;599.15;20;10379500732;B
20240516;100044;599.15;20;10379500827;B
20240516;100044;599.15;27;10379500863;B
20240516;100044;599.2;73;10379500864;B
20240516;100044;599.2;40;10379500886;B
20240516;100044;599.2;20;10379500895;B
20240516;100044;599.2;1;10379501096;B
20240516;100045;599.15;100;10379501229;S
20240516;100045;599.15;50;10379501230;S
20240516;100045;599.1;3671;10379501231;S
20240516;100045;599.1;177;10379501232;S
20240516;100045;599.1;1;10379501233;S
20240516;100045;599;38;10379501234;S
20240516;100045;598.95;20;10379501322;B
20240516;100045;598.95;348;10379501323;B
20240516;100045;598.95;167;10379501324;B
20240516;100045;599;225;10379501325;B
20240516;100045;598.95;48;10379501330;B
20240516;100045;598.95;40;10379501331;B
20240516;100045;598.95;80;10379501395;B
20240516;100045;598.95;40;10379501396;B
20240516;100045;598.95;40;10379501397;B
20240516;100045;598.95;20;10379501400;B
20240516;100046;598.95;20;10379501510;B
20240516;100046;598.95;10;10379501546;B
20240516;100046;598.95;20;10379501556;B
20240516;100047;598.8;49;10379502197;S
20240516;100047;598.75;5;10379502211;S
20240516;100047;598.8;100;10379502232;B
20240516;100047;598.8;29;10379502238;B
20240516;100047;598.8;20;10379502347;B
20240516;100047;598.8;40;10379502358;B
20240516;100047;598.8;20;10379502360;B
20240516;100047;598.8;20;10379502366;B
20240516;100048;598.8;2;10379502415;B
20240516;100048;598.8;1;10379502625;B
20240516;100048;598.8;1;10379502628;B
20240516;100048;598.75;370;10379502686;S
20240516;100048;598.75;177;10379502687;S
20240516;100048;598.7;2;10379502688;S
20240516;100048;598.65;48;10379502689;S
20240516;100048;598.6;403;10379502690;S
20240516;100048;598.8;80;10379502708;B
20240516;100048;598.8;40;10379502712;B
20240516;100048;598.8;20;10379502713;B
20240516;100048;598.8;78;10379502715;B
20240516;100048;598.8;2;10379502716;B
20240516;100049;598.8;20;10379502789;B
20240516;100049;598.8;17;10379502792;B
20240516;100049;598.8;3;10379502793;B
20240516;100049;598.65;375;10379502882;S
20240516;100049;598.6;185;10379502883;S
20240516;100049;598.8;97;10379502907;B
20240516;100049;598.85;3;10379502908;B
20240516;100049;598.85;22;10379502909;B
20240516;100049;598.9;18;10379502910;B
20240516;100049;598.9;32;10379502912;B
20240516;100049;598.9;20;10379502916;B
20240516;100049;598.9;20;10379502928;B
20240516;100050;598.7;39;10379503125;S
20240516;100050;598.6;97;10379503126;S
20240516;100050;598.6;64;10379503127;S
20240516;100050;598.6;39;10379503145;S
20240516;100050;598.55;31;10379503146;S
20240516;100050;598.85;20;10379503163;B
20240516;100050;598.85;40;10379503164;B
20240516;100050;598.85;20;10379503165;B
20240516;100050;598.85;20;10379503184;B
20240516;100051;598.85;12;10379503272;B
20240516;100051;598.9;10;10379503273;B
20240516;100051;598.9;18;10379503274;B
20240516;100051;598.9;21;10379503293;B
20240516;100051;598.95;177;10379503294;B
20240516;100051;599;720;10379503295;B
20240516;100051;599;18;10379503306;B
20240516;100051;599;2;10379503307;B
20240516;100051;599;39;10379503308;B
20240516;100051;599.05;1;10379503309;B
20240516;100051;599.05;160;10379503310;B
20240516;100051;599.15;20;10379503334;B
20240516;100051;599.15;1;10379503335;B
20240516;100051;599.15;39;10379503336;B
20240516;100051;598.9;10;10379503406;S
20240516;100052;598.9;167;10379503534;S
20240516;100052;598.9;1;10379503535;S
20240516;100052;598.75;39;10379503536;S
20240516;100052;598.7;104;10379503537;S
20240516;100052;599.1;10;10379503552;B
20240516;100052;599.1;40;10379503553;B
20240516;100052;599.1;40;10379503554;B
20240516;100052;599.1;20;10379503610;B
20240516;100053;599.1;20;10379503659;B
20240516;100053;598.8;17;10379503700;S
20240516;100053;598.8;160;10379503705;S
20240516;100053;598.7;39;10379503706;S
20240516;100053;598.65;218;10379503707;S
20240516;100053;598.9;39;10379503724;B
20240516;100053;598.95;1;10379503725;B
20240516;100053;598.85;20;10379503726;B
20240516;100053;598.85;40;10379503727;B
20240516;100053;598.9;20;10379503736;B
20240516;100053;598.85;8;10379503739;B
20240516;100053;598.85;1;10379503793;B
20240516;100054;598.65;56;10379504099;B
20240516;100055;598.65;20;10379504172;B
20240516;100055;598.65;95;10379504329;B
20240516;100055;598.65;20;10379504347;B
20240516;100056;598.65;10;10379504445;B
20240516;100056;598.65;158;10379504573;B
20240516;100056;598.65;40;10379504630;B
20240516;100057;598.6;1;10379504700;S
20240516;100058;598.6;4;10379505104;S
20240516;100058;598.55;6;10379505105;S
20240516;100058;598.55;161;10379505157;S
20240516;100058;598.5;100;10379505158;S
20240516;100058;598.5;375;10379505159;S
20240516;100058;598.45;38;10379505160;S
20240516;100058;598.45;177;10379505161;S
20240516;100058;598.3;160;10379505162;S
20240516;100058;598.3;1;10379505163;S
20240516;100058;598.25;166;10379505164;S
20240516;100058;598.15;1;10379505165;S
20240516;100058;598.15;166;10379505166;S
20240516;100058;598.15;50;10379505167;S
20240516;100058;598.15;1002;10379505168;S
20240516;100058;598.1;40;10379505169;S
20240516;100058;598.1;110;10379505170;S
20240516;100058;598.1;200;10379505171;S
20240516;100058;598.05;166;10379505172;S
20240516;100058;598;200;10379505173;S
20240516;100058;598;50;10379505174;S
20240516;100058;598;20;10379505175;S
20240516;100058;598;324;10379505176;S
20240516;100058;598.3;5;10379505183;S
20240516;100058;598.3;5;10379505186;S
20240516;100058;598.45;40;10379505226;B
20240516;100058;598.55;20;10379505227;B
20240516;100058;598.5;39;10379505228;B
20240516;100058;598.55;41;10379505229;B
20240516;100058;598.6;40;10379505230;B
20240516;100058;598.6;40;10379505231;B
20240516;100058;598.6;9;10379505232;B
20240516;100058;598.65;31;10379505233;B
20240516;100058;598.65;40;10379505234;B
20240516;100058;598.65;30;10379505235;B
20240516;100058;598.65;177;10379505236;B
20240516;100058;598.75;4;10379505237;B
20240516;100058;598.8;9;10379505238;B
20240516;100058;598.7;20;10379505239;B
20240516;100058;598.7;20;10379505240;B
20240516;100058;598.7;40;10379505241;B
20240516;100058;598.7;40;10379505242;B
20240516;100058;598.7;40;10379505243;B
20240516;100058;598.7;17;10379505244;B
20240516;100058;598.8;63;10379505245;B
20240516;100058;598.75;20;10379505258;B
20240516;100058;598.75;20;10379505259;B
20240516;100058;598.75;20;10379505261;B
20240516;100058;598.35;2;10379505262;S
20240516;100058;598.7;2;10379505263;B
20240516;100058;598.75;38;10379505264;B
20240516;100058;598.7;20;10379505265;B
20240516;100058;598.7;20;10379505268;B
20240516;100059;598.8;20;10379505318;B
20240516;100059;598.8;8;10379505320;B
20240516;100059;598.8;12;10379505321;B
20240516;100059;598.4;10;10379505399;S
20240516;100100;598.6;1;10379505520;B
20240516;100100;598.65;1;10379505521;B
20240516;100100;598.8;165;10379505522;B
20240516;100100;598.8;833;10379505523;B
20240516;100100;598.85;40;10379505578;B
20240516;100100;598.85;126;10379505584;B
20240516;100100;598.9;54;10379505585;B
20240516;100100;598.9;20;10379505590;B
20240516;100100;598.9;3;10379505613;B
20240516;100100;598.9;20;10379505649;B
20240516;100100;598.95;20;10379505651;B
20240516;100100;598.8;1;10379505776;S
20240516;100100;598.7;19;10379505777;S
20240516;100100;598.95;90;10379505802;B
20240516;100100;598.95;20;10379505909;B
20240516;100101;598.7;1;10379505980;S
20240516;100102;598.6;18;10379506292;S
20240516;100102;598.5;10;10379506497;S
20240516;100103;598.5;1;10379506544;S
20240516;100103;598.75;10;10379506577;B
20240516;100103;598.8;10;10379506578;B
20240516;100104;598.9;1;10379506798;B
20240516;100104;598.95;30;10379506799;B
20240516;100104;598.95;2;10379506858;B
20240516;100106;598.85;2;10379507240;B
20240516;100107;598.65;25;10379507258;S
20240516;100107;598.85;5;10379507271;B
20240516;100108;598.85;170;10379507475;B
20240516;100108;598.9;500;10379507476;B
20240516;100108;598.9;375;10379507477;B
20240516;100108;598.95;100;10379507478;B
20240516;100108;598.95;133;10379507479;B
20240516;100108;599;4;10379507480;B
20240516;100108;599.05;166;10379507481;B
20240516;100108;599.1;2;10379507482;B
20240516;100108;599.1;166;10379507483;B
20240516;100108;599.15;169;10379507484;B
20240516;100108;599.15;423;10379507485;B
20240516;100108;599.2;60;10379507502;B
20240516;100108;599.2;40;10379507503;B
20240516;100108;599.2;80;10379507504;B
20240516;100108;599.2;80;10379507506;B
20240516;100108;599.2;20;10379507507;B
20240516;100108;599.2;40;10379507508;B
20240516;100108;599.2;40;10379507509;B
20240516;100108;599.2;40;10379507510;B
20240516;100108;599.2;40;10379507511;B
20240516;100108;599.2;35;10379507512;B
20240516;100108;599.25;32;10379507513;B
20240516;100108;599.3;33;10379507514;B
20240516;100108;599.25;16;10379507521;B
20240516;100108;599.25;9;10379507522;B
20240516;100108;599.3;20;10379507533;B
20240516;100108;599.3;40;10379507534;B
20240516;100108;599.3;20;10379507535;B
20240516;100108;599.3;20;10379507536;B
20240516;100108;599.3;20;10379507537;B
20240516;100108;599.3;20;10379507538;B
20240516;100108;599.3;20;10379507579;B
20240516;100108;599.3;20;10379507581;B
20240516;100109;599.2;167;10379507685;S
20240516;100109;599.2;177;10379507686;S
