<DATE>;<TIME>;<LAST>;<VOL>;<ID>;<OPER>
20240514;095940;590;10;10355695655;S
20240514;095940;590;1;10355695656;S
20240514;095940;590;4;10355695657;S
20240514;095940;590;12;10355695658;S
20240514;095940;590;3;10355695659;S
20240514;095940;590;5;10355695660;S
20240514;095940;590;98;10355695661;S
20240514;095940;590;20;10355695662;S
20240514;095940;590;88;10355695663;S
20240514;095940;590;3;10355695664;S
20240514;095940;590;12;10355695665;S
20240514;095940;590;1;10355695666;S
20240514;095940;590;3;10355695667;S
20240514;095940;590;2;10355695668;S
20240514;095940;590;70;10355695669;S
20240514;095940;590;10;10355695670;S
20240514;095940;590;204;10355695671;S
20240514;095940;590;33;10355695672;S
20240514;095940;590;250;10355695673;S
20240514;095940;590;6;10355695674;S
20240514;095940;590;74;10355695675;S
20240514;095940;590;6;10355695676;S
20240514;095940;590;1;10355695677;B
20240514;095940;590;10;10355695678;B
20240514;095940;590;1;10355695679;B
20240514;095940;590;3;10355695680;B
20240514;095940;590;3;10355695681;B
20240514;095940;590;30;10355695682;B
20240514;095940;590;38;10355695683;B
20240514;095940;590;4;10355695684;B
20240514;095940;590;9;10355695685;B
20240514;095940;590;13;10355695686;B
20240514;095940;590;1;10355695687;B
20240514;095940;590;200;10355695688;S
20240514;095940;590;7;10355695689;S
20240514;095940;590;3;10355695690;S
20240514;095940;590;50;10355695691;B
20240514;095940;590;10;10355695692;S
20240514;095940;590;1;10355695693;S
20240514;095940;590;170;10355695694;B
20240514;095940;590;500;10355695695;B
20240514;095940;590;150;10355695696;S
20240514;095940;590;300;10355695697;B
20240514;095940;590;2;10355695698;B
20240514;095940;590;12;10355695699;B
20240514;095940;590;170;10355695700;B
20240514;095940;590;16;10355695701;B
20240514;095940;590;34;10355695702;B
20240514;095940;590;1;10355695703;B
20240514;095940;590;13;10355695704;B
20240514;095940;590;2;10355695705;B
20240514;095940;590;12;10355695706;B
20240514;095940;590;12;10355695707;B
20240514;095940;590;12;10355695708;B
20240514;095940;590;12;10355695709;B
20240514;095940;590;2;10355695710;B
20240514;095940;590;2;10355695711;B
20240514;095940;590;1;10355695712;S
20240514;095940;590;5;10355695713;S
20240514;095940;590;2;10355695714;S
20240514;095940;590;40;10355695715;S
20240514;095940;590;293;10355695716;B
20240514;095940;590;1;10355695717;B
20240514;095940;590;1;10355695718;B
20240514;095940;590;5;10355695719;B
20240514;095940;590;2;10355695720;B
20240514;095940;590;4;10355695721;B
20240514;095940;590;1;10355695722;B
20240514;095940;590;1;10355695723;B
20240514;095940;590;92;10355695724;B
20240514;095940;590;3;10355695725;B
20240514;095940;590;1;10355695726;B
20240514;095940;590;2;10355695727;B
20240514;095940;590;1;10355695728;B
20240514;095940;590;2;10355695729;B
20240514;095940;590;2;10355695730;B
20240514;095940;590;1;10355695731;B
20240514;095940;590;1;10355695732;B
20240514;095940;590;1;10355695733;B
20240514;095940;590;2;10355695734;B
20240514;095940;590;2;10355695735;B
20240514;095940;590;42;10355695736;B
20240514;095940;590;1;10355695737;B
20240514;095940;590;4;10355695738;B
20240514;095940;590;5;10355695739;B
20240514;095940;590;3;10355695740;B
20240514;095940;590;1;10355695741;B
20240514;095940;590;3;10355695742;B
20240514;095940;590;9;10355695743;B
20240514;095940;590;1;10355695744;B
20240514;095940;590;1;10355695745;B
20240514;095940;590;5;10355695746;B
20240514;095940;590;1;10355695747;S
20240514;095940;590;12;10355695748;B
20240514;095940;590;5;10355695749;B
20240514;095940;590;9;10355695750;B
20240514;095940;590;80;10355695751;B
20240514;095940;590;9;10355695752;B
20240514;095940;590;2;10355695753;B
20240514;095940;590;101;10355695754;B
20240514;095940;590;1;10355695755;B
20240514;095940;590;2;10355695756;B
20240514;095940;590;10;10355695757;B
20240514;095940;590;3;10355695758;B
20240514;095940;590;1;10355695759;B
20240514;095940;590;1;10355695760;B
20240514;095940;590;7;10355695761;B
20240514;095940;590;4;10355695762;B
20240514;095940;590;3;10355695763;B
20240514;095940;590;3;10355695764;B
20240514;095940;590;1;10355695765;B
20240514;095940;590;1;10355695766;B
20240514;095940;590;20;10355695767;B
20240514;095940;590;1;10355695768;B
20240514;095940;590;1;10355695769;B
20240514;095940;590;1;10355695770;B
20240514;095940;590;10;10355695771;B
20240514;095940;590;2;10355695772;B
20240514;095940;590;2;10355695773;B
20240514;095940;590;6;10355695774;B
20240514;095940;590;1;10355695775;B
20240514;095940;590;8;10355695776;B
20240514;095940;590;1;10355695777;B
20240514;095940;590;50;10355695778;B
20240514;095940;590;10;10355695779;B
20240514;095940;590;1;10355695780;B
20240514;095940;590;10;10355695781;B
20240514;095940;590;7;10355695782;B
20240514;095940;590;2;10355695783;B
20240514;095940;590;1;10355695784;B
20240514;095940;590;2;10355695785;B
20240514;095940;590;1;10355695786;B
20240514;095940;590;2;10355695787;B
20240514;095940;590;1;10355695788;B
20240514;095940;590;661;10355695789;B
20240514;095940;590;2;10355695790;B
20240514;095940;590;20;10355695791;S
20240514;095940;590;18;10355695792;B
20240514;095940;590;5;10355695793;B
20240514;095940;590;1;10355695794;B
20240514;095940;590;2;10355695795;B
20240514;095940;590;1;10355695796;B
20240514;095940;590;100;10355695797;B
20240514;095940;590;11;10355695798;B
20240514;095940;590;179;10355695799;B
20240514;095940;590;1;10355695800;B
20240514;095940;590;1;10355695801;B
20240514;095940;590;1;10355695802;B
20240514;095940;590;10;10355695803;B
20240514;095940;590;7;10355695804;B
20240514;095940;590;1;10355695805;B
20240514;095940;590;2;10355695806;B
20240514;095940;590;1;10355695807;B
20240514;095940;590;1;10355695808;B
20240514;095940;590;5;10355695809;B
20240514;095940;590;33;10355695810;B
20240514;095940;590;10;10355695811;B
20240514;095940;590;10;10355695812;B
20240514;095940;590;1;10355695813;B
20240514;095940;590;60;10355695814;B
20240514;095940;590;1;10355695815;S
20240514;095940;590;3;10355695816;S
20240514;095940;590;1;10355695817;S
20240514;095940;590;22;10355695818;S
20240514;095940;590;1;10355695819;S
20240514;095940;590;3;10355695820;S
20240514;095940;590;4;10355695821;S
20240514;095940;590;3;10355695822;S
20240514;095940;590;2;10355695823;S
20240514;095940;590;15;10355695824;S
20240514;100000;590.05;1;10355699931;B
20240514;100000;590.05;1;10355699932;B
20240514;100000;590.05;1;10355699933;B
20240514;100000;590.05;3;10355699934;B
20240514;100000;590.05;5;10355699935;B
20240514;100000;590.05;8;10355699936;B
20240514;100000;590.05;81;10355699937;B
20240514;100000;590.05;200;10355699938;B
20240514;100000;590.05;100;10355700021;B
20240514;100000;590.05;10;10355700081;S
20240514;100000;590.05;105;10355700089;S
20240514;100000;590.1;1;10355700102;B
20240514;100000;590.1;1;10355700103;B
20240514;100000;590.05;3;10355700117;S
20240514;100000;590.05;25;10355700120;S
20240514;100000;590.1;3;10355700156;B
20240514;100000;590.1;20;10355700200;B
20240514;100000;590.1;7;10355700214;B
20240514;100000;590.1;2;10355700215;B
20240514;100000;590.1;1;10355700216;B
20240514;100000;590.1;4;10355700217;B
20240514;100000;590.1;2;10355700218;B
20240514;100000;590.1;124;10355700219;B
20240514;100000;590.05;1;10355700264;S
20240514;100000;590.05;1;10355700265;S
20240514;100000;590.05;155;10355700295;S
20240514;100000;590.05;20;10355700296;S
20240514;100000;590.05;1;10355700297;S
20240514;100000;590.05;1;10355700298;S
20240514;100000;590.1;94;10355700381;B
20240514;100000;590.15;1;10355700382;B
20240514;100000;590.15;1;10355700383;B
20240514;100000;590.15;5;10355700384;B
20240514;100000;590.15;2;10355700385;B
20240514;100000;590.15;1;10355700386;B
20240514;100000;590.15;1;10355700398;S
20240514;100000;590.15;1;10355700405;S
20240514;100000;590.15;5;10355700613;S
20240514;100000;590.2;1;10355700635;B
20240514;100000;590.2;1;10355700636;B
20240514;100000;590.2;3;10355700637;B
20240514;100000;590.15;24;10355700645;S
20240514;100000;590.2;10;10355700691;B
20240514;100000;590.2;42;10355700696;B
20240514;100000;590.2;10;10355700700;B
20240514;100000;590.2;10;10355700716;B
20240514;100000;590.2;18;10355700718;B
20240514;100000;590.2;100;10355700720;B
20240514;100000;590.2;10;10355700730;B
20240514;100000;590.15;15;10355700741;S
20240514;100000;590.1;5;10355700742;S
20240514;100000;590.2;10;10355700743;B
20240514;100001;590.1;5;10355700748;S
20240514;100001;590.1;10;10355700787;S
20240514;100001;590.1;1;10355700791;S
20240514;100001;590.2;106;10355700797;B
20240514;100001;590.2;6;10355700812;B
20240514;100001;590.2;22;10355700824;B
20240514;100001;590.1;1;10355700825;S
20240514;100001;590.1;169;10355700827;S
20240514;100001;590.1;181;10355700828;S
20240514;100001;590.15;100;10355700947;B
20240514;100001;590.05;20;10355700993;S
20240514;100001;590.05;5;10355701034;S
20240514;100001;590.05;1;10355701038;S
20240514;100001;590.05;2;10355701040;S
20240514;100001;590.05;3;10355701056;S
20240514;100001;590.1;1;10355701069;B
20240514;100001;590.15;9;10355701070;B
20240514;100001;590.15;20;10355701082;B
20240514;100001;590.1;2;10355701083;S
20240514;100001;590.1;1;10355701094;S
20240514;100001;590.1;20;10355701097;S
20240514;100001;590.1;1;10355701119;S
20240514;100001;590.1;5;10355701124;S
20240514;100001;590.1;20;10355701127;S
20240514;100001;590.1;52;10355701151;S
20240514;100001;590.1;1;10355701172;S
20240514;100001;590.1;1;10355701175;S
20240514;100001;590.1;3;10355701178;S
20240514;100001;590.1;1;10355701180;S
20240514;100001;590.1;1;10355701217;S
20240514;100001;590.1;10;10355701259;S
20240514;100001;590.15;220;10355701318;B
20240514;100001;590.15;251;10355701321;B
20240514;100001;590.15;70;10355701322;B
20240514;100001;590.2;79;10355701323;B
20240514;100001;590.2;2;10355701397;B
20240514;100001;590.2;46;10355701412;B
20240514;100001;590.2;1250;10355701414;B
20240514;100001;590.1;1;10355701456;S
20240514;100001;590.1;100;10355701464;S
20240514;100001;590.2;20;10355701473;B
20240514;100001;590.2;5;10355701479;B
20240514;100001;590.1;43;10355701507;S
20240514;100001;590.1;10;10355701523;S
20240514;100001;590.1;3;10355701524;S
20240514;100001;590.1;1;10355701535;S
20240514;100002;590.2;10;10355701607;B
20240514;100002;590.1;99;10355701627;S
20240514;100002;590.2;2000;10355701631;B
20240514;100002;590.1;2;10355701643;S
20240514;100002;590.1;4;10355701660;S
20240514;100002;590.05;1;10355701661;S
20240514;100002;590.1;3;10355701662;S
20240514;100002;590.15;8;10355701667;B
20240514;100002;590.1;6;10355701671;S
20240514;100002;590.1;1;10355701687;S
20240514;100002;590.15;5;10355701689;B
20240514;100002;590.2;42;10355701703;B
20240514;100002;590.2;6;10355701727;B
20240514;100002;590.15;1;10355701793;S
20240514;100002;590.15;4;10355701801;S
20240514;100002;590.15;10;10355701803;S
20240514;100002;590.15;1;10355701809;S
20240514;100002;590.15;20;10355701831;S
20240514;100002;590.15;20;10355701835;S
20240514;100002;590.15;20;10355701851;S
20240514;100002;590.15;20;10355701858;S
20240514;100002;590.15;5;10355701859;S
20240514;100002;590.15;1;10355701863;S
20240514;100002;590.2;5;10355701967;B
20240514;100002;590.15;16;10355701976;S
20240514;100002;590.2;800;10355702036;B
20240514;100002;590.15;58;10355702152;S
20240514;100003;590.2;1;10355702357;B
20240514;100004;590.2;1;10355702956;B
20240514;100004;590.15;1;10355702999;S
20240514;100004;590.2;1;10355703001;B
20240514;100004;590.2;100;10355703056;B
20240514;100004;590.2;1;10355703118;B
20240514;100004;590.2;2;10355703119;B
20240514;100004;590.15;2;10355703124;S
20240514;100004;590.15;2;10355703125;S
20240514;100004;590.15;1;10355703128;S
20240514;100004;590.15;1;10355703130;S
20240514;100004;590.15;1;10355703131;S
20240514;100004;590.15;1;10355703132;S
20240514;100004;590.2;1;10355703134;B
20240514;100004;590.15;8;10355703137;S
20240514;100004;590.2;2;10355703438;B
20240514;100004;590.2;2;10355703439;B
20240514;100004;590.15;2;10355703440;S
20240514;100004;590.15;1;10355703441;S
20240514;100004;590.15;2;10355703442;S
20240514;100004;590.2;2;10355703615;B
20240514;100004;590.2;1;10355703616;B
20240514;100004;590.2;1;10355703617;B
20240514;100004;590.15;2;10355703618;S
20240514;100004;590.15;376;10355703619;S
20240514;100004;590.15;1;10355703620;S
20240514;100004;590.1;17;10355703621;S
20240514;100004;590.1;374;10355703622;S
20240514;100004;590.05;116;10355703623;S
20240514;100004;590.05;300;10355703624;S
20240514;100004;590.05;86;10355703625;S
20240514;100004;590.05;2;10355703626;S
20240514;100004;590.2;1;10355703627;B
20240514;100004;590.05;1;10355703628;S
20240514;100004;590.2;2;10355703629;B
20240514;100004;590.2;10;10355703631;B
20240514;100004;590.2;1;10355703632;B
20240514;100004;590.2;1;10355703633;B
20240514;100004;590.2;1;10355703634;B
20240514;100004;590.1;2;10355703635;S
20240514;100005;590.15;4;10355703822;S
20240514;100005;590.2;2;10355703827;B
20240514;100005;590.2;17;10355703833;B
20240514;100005;590.1;1;10355703835;S
20240514;100005;590.2;1;10355703839;B
20240514;100005;590.2;1;10355703844;B
20240514;100005;590.2;2;10355703852;B
20240514;100005;590.2;2;10355703856;B
20240514;100005;590.2;1;10355703860;B
20240514;100005;590.2;1;10355703872;B
20240514;100005;590.2;4;10355703877;B
20240514;100005;590.2;1;10355703883;B
20240514;100005;590.1;4;10355703889;S
20240514;100005;590.2;4;10355704177;B
20240514;100005;590.2;237;10355704197;B
20240514;100005;590.2;2;10355704201;B
20240514;100005;590.2;1;10355704203;B
20240514;100005;590.2;2;10355704206;B
20240514;100005;590.2;2;10355704210;B
20240514;100005;590.1;2;10355704225;S
20240514;100005;590.1;1;10355704310;S
20240514;100005;590.15;1;10355704395;S
20240514;100005;590.15;2;10355704397;S
20240514;100005;590.15;1;10355704398;S
20240514;100005;590.1;2;10355704401;S
20240514;100005;590.1;2;10355704402;S
20240514;100005;590.1;2;10355704404;S
20240514;100005;590.2;2;10355704409;B
20240514;100005;590.2;1;10355704410;B
20240514;100005;590.2;1;10355704414;B
20240514;100005;590.1;3;10355704418;S
20240514;100005;590.2;1;10355704421;B
20240514;100005;590.1;2;10355704423;S
20240514;100005;590.1;2;10355704424;S
20240514;100005;590.1;33;10355704427;S
20240514;100005;590.1;2;10355704429;S
20240514;100005;590.1;26;10355704432;S
20240514;100005;590.2;100;10355704438;B
20240514;100005;590.1;1;10355704439;S
20240514;100005;590.1;10;10355704440;S
20240514;100005;590.1;1;10355704445;S
20240514;100005;590.15;2;10355704588;S
20240514;100005;590.2;4;10355704643;B
20240514;100005;590.15;1;10355704644;S
20240514;100005;590.2;2;10355704645;B
20240514;100005;590.2;2;10355704646;B
20240514;100005;590.15;2;10355704648;S
20240514;100005;590.2;10;10355704649;B
20240514;100005;590.15;2;10355704684;S
20240514;100005;590.2;1;10355704915;B
20240514;100005;590.15;10;10355705083;S
20240514;100005;590.2;1;10355705175;B
20240514;100005;590.2;2;10355705191;B
20240514;100005;590.15;1;10355705205;S
20240514;100005;590.15;2;10355705216;S
20240514;100005;590.2;1;10355705221;B
20240514;100005;590.2;1;10355705230;B
20240514;100005;590.2;1;10355705235;B
20240514;100005;590.15;4;10355705282;S
20240514;100005;590.2;2;10355705286;B
20240514;100005;590.2;1;10355705293;B
20240514;100005;590.2;1;10355705306;B
20240514;100005;590.2;1;10355705310;B
20240514;100005;590.15;7;10355705321;S
20240514;100005;590.15;1;10355705327;S
20240514;100005;590.2;1;10355705338;B
20240514;100005;590.15;1;10355705346;S
20240514;100005;590.2;1;10355705359;B
20240514;100005;590.15;2;10355705441;S
20240514;100005;590.2;2;10355705448;B
20240514;100005;590.15;2;10355705452;S
20240514;100005;590.2;2;10355705455;B
20240514;100005;590.2;1;10355705505;B
20240514;100005;590.2;2;10355705512;B
20240514;100005;590.15;2;10355705513;S
20240514;100005;590.2;1;10355705516;B
20240514;100005;590.15;5;10355705518;S
20240514;100005;590.2;2;10355705530;B
20240514;100005;590.15;2;10355705532;S
20240514;100005;590.2;1;10355705535;B
20240514;100005;590.15;1;10355705537;S
20240514;100005;590.15;2;10355705544;S
20240514;100005;590.15;28;10355705545;S
20240514;100005;590.15;1;10355705553;S
20240514;100005;590.2;1;10355705567;B
20240514;100006;590.15;3;10355705916;S
20240514;100006;590.15;1;10355705919;S
20240514;100006;590.15;1;10355705922;S
20240514;100006;590.15;1;10355705923;S
20240514;100006;590.2;1;10355705924;B
20240514;100006;590.2;1;10355705929;B
20240514;100006;590.2;1;10355705931;B
20240514;100006;590.15;1;10355705933;S
20240514;100006;590.2;2;10355705935;B
20240514;100006;590.15;1;10355705937;S
20240514;100006;590.2;2;10355705939;B
20240514;100006;590.2;34;10355706030;B
20240514;100006;590.2;1;10355706093;B
20240514;100006;590.2;5;10355706094;B
20240514;100006;590.2;1;10355706095;B
20240514;100006;590.2;1;10355706096;B
20240514;100006;590.15;2;10355706097;S
20240514;100006;590.15;8;10355706098;S
20240514;100006;590.2;2;10355706099;B
20240514;100006;590.2;1;10355706100;B
20240514;100006;590.2;1;10355706101;B
20240514;100006;590.15;1;10355706102;S
20240514;100006;590.15;7;10355706103;S
20240514;100006;590.2;2;10355706104;B
20240514;100006;590.15;1;10355706105;S
20240514;100006;590.2;2;10355706366;B
20240514;100006;590.15;1;10355706367;S
20240514;100006;590.2;1;10355706368;B
20240514;100006;590.15;1;10355706369;S
20240514;100006;590.15;2;10355706370;S
20240514;100006;590.2;2;10355706371;B
20240514;100006;590.2;2;10355706372;B
20240514;100006;590.15;1;10355706375;S
20240514;100006;590.15;1;10355706376;S
20240514;100006;590.15;2;10355706380;S
20240514;100006;590.2;800;10355706474;B
20240514;100006;590.2;229;10355706478;B
20240514;100006;590.2;1;10355706479;B
20240514;100006;590.2;1;10355706480;B
20240514;100006;590.2;10;10355706481;B
20240514;100006;590.2;1;10355706482;B
20240514;100006;590.2;1;10355706483;B
20240514;100006;590.2;3;10355706484;B
20240514;100006;590.2;1;10355706485;B
20240514;100006;590.25;1;10355706497;B
20240514;100006;590.25;1;10355706498;B
20240514;100006;590.25;1;10355706499;B
20240514;100006;590.25;2;10355706500;B
20240514;100006;590.25;30;10355706501;B
20240514;100006;590.25;1;10355706502;B
20240514;100006;590.3;2;10355706503;B
20240514;100006;590.3;5;10355706504;B
20240514;100006;590.3;10;10355706505;B
20240514;100006;590.3;1;10355706506;B
20240514;100006;590.35;1;10355706507;B
20240514;100006;590.35;1;10355706508;B
20240514;100006;590.35;532;10355706509;B
20240514;100006;590.4;171;10355706510;B
20240514;100006;590.4;1;10355706511;B
20240514;100006;590.4;1;10355706512;B
20240514;100006;590.4;1;10355706513;B
20240514;100006;590.4;3;10355706514;B
20240514;100006;590.4;3;10355706515;B
20240514;100006;590.4;1;10355706516;B
20240514;100006;590.45;171;10355706517;B
20240514;100006;590.45;1;10355706518;B
20240514;100006;590.45;1;10355706519;B
20240514;100006;590.45;2;10355706520;B
20240514;100006;590.45;1;10355706521;B
20240514;100006;590.45;1;10355706522;B
20240514;100006;590.45;4554;10355706523;B
20240514;100006;590.45;17;10355706524;B
20240514;100006;590.3;2;10355706665;S
20240514;100006;590.45;2;10355706666;B
20240514;100006;590.45;2;10355706667;B
20240514;100006;590.45;1;10355706668;B
20240514;100006;590.45;1;10355706669;B
20240514;100006;590.3;1;10355706670;S
20240514;100006;590.45;3;10355706739;B
20240514;100006;590.45;2;10355707052;B
20240514;100006;590.3;2;10355707059;S
20240514;100006;590.3;5;10355707062;S
20240514;100006;590.3;2;10355707063;S
20240514;100006;590.45;2;10355707072;B
20240514;100006;590.45;242;10355707081;B
20240514;100006;590.45;208;10355707082;B
20240514;100007;590.3;1;10355707290;S
20240514;100007;590.3;1;10355707294;S
20240514;100007;590.45;1;10355707296;B
20240514;100007;590.3;2;10355707297;S
20240514;100007;590.45;2;10355707301;B
20240514;100007;590.3;2;10355707308;S
20240514;100007;590.3;33;10355707310;S
20240514;100007;590.3;100;10355707466;S
20240514;100007;590.45;400;10355707486;B
20240514;100007;590.3;20;10355707534;S
20240514;100007;590.3;100;10355707539;S
20240514;100007;590.45;300;10355707545;B
20240514;100007;590.3;1;10355707573;S
20240514;100007;590.45;80;10355707663;B
20240514;100007;590.45;20;10355707664;B
20240514;100007;590.4;2;10355707841;S
20240514;100007;590.45;1;10355707851;B
20240514;100007;590.4;4;10355707853;S
20240514;100007;590.4;2;10355707859;S
20240514;100007;590.45;1;10355707861;B
20240514;100007;590.4;2;10355707866;S
20240514;100007;590.45;2;10355707870;B
20240514;100007;590.45;2;10355707873;B
20240514;100007;590.45;2;10355707874;B
20240514;100007;590.4;8;10355707878;S
20240514;100007;590.45;2;10355707880;B
20240514;100007;590.45;100;10355707881;B
20240514;100007;590.45;2;10355707882;B
20240514;100007;590.45;1;10355707888;B
20240514;100007;590.4;2;10355707892;S
20240514;100007;590.4;1;10355707894;S
20240514;100007;590.4;3;10355707897;S
20240514;100007;590.4;4;10355707912;S
20240514;100007;590.45;10;10355708070;B
20240514;100007;590.45;4;10355708168;B
20240514;100007;590.4;2;10355708247;S
20240514;100007;590.4;20;10355708345;S
20240514;100008;590.45;2;10355708378;B
20240514;100008;590.45;200;10355708501;B
20240514;100008;590.4;1;10355708514;S
20240514;100008;590.4;1;10355708515;S
20240514;100008;590.3;1;10355708519;S
20240514;100008;590.3;1;10355708522;S
20240514;100008;590.3;4;10355708524;S
20240514;100008;590.3;3;10355708529;S
20240514;100008;590.3;2;10355708532;S
20240514;100008;590.45;14;10355708534;B
20240514;100008;590.45;2;10355708537;B
20240514;100008;590.3;1;10355708614;S
20240514;100008;590.3;1;10355708615;S
20240514;100008;590.3;1;10355708616;S
20240514;100008;590.3;2;10355708617;S
20240514;100008;590.45;1;10355708618;B
20240514;100008;590.3;3;10355708620;S
20240514;100008;590.3;1;10355708621;S
20240514;100008;590.3;1;10355708625;S
20240514;100008;590.45;20;10355708626;B
20240514;100008;590.35;1;10355708685;B
20240514;100008;590.45;25;10355708722;B
20240514;100008;590.45;5;10355708723;B
20240514;100008;590.45;30;10355708733;B
20240514;100008;590.3;1;10355708817;B
20240514;100008;590.4;5;10355708876;S
20240514;100008;590.45;65;10355708879;B
20240514;100008;590.45;104;10355708880;B
20240514;100009;590.45;1;10355709181;B
20240514;100010;590.4;5;10355709304;S
20240514;100010;590.4;381;10355709305;S
20240514;100010;590.35;1;10355709306;S
20240514;100010;590.35;1;10355709307;S
20240514;100010;590.35;1;10355709308;S
20240514;100010;590.3;2;10355709481;B
20240514;100011;590.3;27;10355709672;B
20240514;100011;590.3;20;10355709684;B
20240514;100011;590.3;26;10355709732;B
20240514;100011;590.3;5;10355709801;B
20240514;100011;590.3;32;10355709882;B
20240514;100011;590.25;1;10355709904;S
20240514;100012;590.25;1;10355710130;S
20240514;100012;590.3;1;10355710138;B
20240514;100012;590.25;380;10355710189;S
20240514;100012;590.2;2;10355710190;S
20240514;100012;590.1;33;10355710191;S
20240514;100012;590.1;85;10355710192;S
20240514;100013;590.3;1;10355710569;B
20240514;100014;590.3;1;10355710686;B
20240514;100014;590.3;288;10355710699;B
20240514;100017;590.3;9;10355711225;B
20240514;100018;590.15;3;10355711418;S
20240514;100021;590.2;33;10355711936;S
20240514;100021;590.2;170;10355711937;S
20240514;100021;590.2;169;10355711938;S
20240514;100021;590.2;177;10355711939;S
20240514;100021;590.2;5;10355711991;B
20240514;100021;590.2;164;10355712083;B
20240514;100022;590.25;1;10355712304;S
20240514;100023;590.45;20;10355712415;B
20240514;100023;590.4;35;10355712503;B
20240514;100023;590.35;33;10355712545;B
20240514;100023;590.35;656;10355712546;B
20240514;100023;590.35;177;10355712547;B
20240514;100023;590.45;75;10355712548;B
20240514;100023;590.45;17;10355712549;B
20240514;100023;590.45;5;10355712550;B
20240514;100023;590.45;37;10355712551;B
20240514;100025;590.4;2;10355712996;B
20240514;100027;590.4;4;10355713564;B
20240514;100028;590.4;10;10355713703;B
20240514;100029;590.3;1;10355713834;S
20240514;100030;590.4;5;10355714089;B
20240514;100031;590.45;1;10355714358;B
20240514;100031;590.45;323;10355714515;B
20240514;100031;590.45;177;10355714516;B
20240514;100031;590.45;10;10355714521;B
20240514;100032;590.3;4;10355714545;S
20240514;100032;590.3;100;10355714546;S
20240514;100032;590.3;5;10355714624;B
20240514;100033;590.25;2;10355714795;S
20240514;100033;590.25;3;10355714807;S
20240514;100033;590.15;2;10355714808;S
20240514;100033;590.15;1;10355714809;S
20240514;100033;590.15;3;10355714810;S
20240514;100033;590.15;8;10355714811;S
20240514;100033;590.15;2;10355714870;S
20240514;100034;590.15;160;10355715060;S
20240514;100034;590.1;5;10355715061;S
20240514;100034;590.1;35;10355715062;S
20240514;100034;590.25;1;10355715129;B
20240514;100035;590.25;20;10355715426;B
20240514;100037;590.25;100;10355715621;B
20240514;100037;590.2;2;10355715627;S
20240514;100037;590.25;10;10355715633;B
20240514;100037;590.25;100;10355715643;B
20240514;100037;590.3;1000;10355715696;B
20240514;100038;590.3;10;10355715833;B
20240514;100039;590.3;946;10355716045;B
20240514;100039;590.3;54;10355716046;B
20240514;100040;590.2;3;10355716326;S
20240514;100040;590.15;2;10355716327;S
20240514;100040;590.3;30;10355716384;B
20240514;100040;590.2;1;10355716391;S
20240514;100041;590.25;2;10355716636;B
20240514;100041;590.3;20;10355716637;B
20240514;100043;590.25;100;10355716959;S
20240514;100045;590.3;2;10355717412;B
20240514;100046;590.3;2;10355717576;B
20240514;100047;590.3;10;10355717608;B
20240514;100047;590.3;129;10355717693;B
20240514;100047;590.25;5;10355717702;S
20240514;100047;590.3;160;10355717779;B
20240514;100048;590.25;100;10355717788;S
20240514;100049;590.3;843;10355718100;B
20240514;100049;590.3;6;10355718101;B
20240514;100049;590.3;24;10355718102;B
20240514;100049;590.3;86;10355718103;B
20240514;100049;590.35;31;10355718104;B
20240514;100049;590.35;10;10355718105;B
20240514;100049;590.45;2;10355718137;B
20240514;100049;590.45;1;10355718140;B
20240514;100050;590.3;11;10355718216;S
20240514;100050;590.45;1;10355718259;B
20240514;100052;590.45;5;10355718587;B
20240514;100052;590.45;25;10355718669;B
20240514;100052;590.45;1;10355718808;B
20240514;100052;590.4;10;10355718816;S
20240514;100053;590.45;917;10355718824;B
20240514;100053;590.45;83;10355718825;B
20240514;100053;590.45;1000;10355718826;B
20240514;100053;590.45;1000;10355718827;B
20240514;100053;590.4;167;10355718998;S
20240514;100053;590.35;20;10355718999;S
20240514;100053;590.35;170;10355719000;S
20240514;100053;590.3;43;10355719001;S
20240514;100054;590.3;157;10355719089;S
20240514;100054;590.3;374;10355719090;S
20240514;100054;590.3;177;10355719091;S
20240514;100054;590.3;151;10355719092;B
20240514;100054;590.45;42;10355719157;B
20240514;100054;590.35;10;10355719319;S
20240514;100054;590.3;177;10355719320;S
20240514;100054;590.25;10;10355719321;S
20240514;100054;590.25;20;10355719322;S
20240514;100054;590.25;169;10355719323;S
20240514;100054;590.2;4;10355719324;S
20240514;100054;590.2;5;10355719325;S
20240514;100054;590.2;5;10355719326;S
20240514;100054;590.2;33;10355719327;S
20240514;100054;590.2;50;10355719328;S
20240514;100054;590.2;116;10355719329;S
20240514;100055;590.4;5;10355719481;B
20240514;100057;590.4;5;10355720033;B
20240514;100058;590.35;107;10355720312;B
20240514;100058;590.4;2;10355720366;B
20240514;100100;590.3;9;10355720576;B
20240514;100100;590.3;1;10355720594;S
20240514;100100;590.3;2;10355720603;S
20240514;100100;590.4;2;10355720610;B
20240514;100100;590.3;1;10355720654;S
20240514;100100;590.3;359;10355720820;S
20240514;100101;590.3;20;10355720915;S
20240514;100101;590.3;20;10355720935;S
20240514;100101;590.4;3;10355720938;B
20240514;100101;590.35;5;10355720999;B
20240514;100102;590.3;1;10355721092;S
20240514;100102;590.3;87;10355721152;S
20240514;100102;590.25;100;10355721153;S
20240514;100102;590.2;5;10355721154;S
20240514;100102;590.2;147;10355721155;S
20240514;100105;590.3;10;10355721779;B
20240514;100109;590.2;10;10355722571;S
20240514;100109;590.2;158;10355722572;S
20240514;100109;590.15;1;10355722573;S
20240514;100109;590.15;440;10355722574;S
20240514;100109;590.15;5;10355722575;S
20240514;100109;590.1;936;10355722576;S
20240514;100109;590.25;86;10355722643;B
20240514;100109;590.25;177;10355722644;B
20240514;100109;590.3;170;10355722645;B
20240514;100109;590.35;75;10355722646;B
20240514;100110;590.3;150;10355722906;B
20240514;100110;590.15;10;10355722943;S
20240514;100111;590.35;2;10355723081;B
20240514;100113;590.3;100;10355723404;B
20240514;100114;590.3;30;10355723460;B
20240514;100116;590.25;1;10355723735;S
20240514;100117;590.3;100;10355724029;B
20240514;100118;590.3;20;10355724056;B
20240514;100118;590.3;10;10355724064;B
20240514;100118;590.3;22;10355724099;B
20240514;100118;590.35;1;10355724108;B
20240514;100118;590.35;373;10355724154;B
20240514;100118;590.35;152;10355724155;B
20240514;100118;590.35;381;10355724156;B
20240514;100118;590.4;21;10355724157;B
20240514;100118;590.4;7;10355724158;B
20240514;100118;590.45;8058;10355724159;B
20240514;100118;590.45;11;10355724160;B
20240514;100118;590.45;170;10355724161;B
20240514;100118;590.45;177;10355724162;B
20240514;100119;590.45;1;10355724212;B
20240514;100119;590.45;13;10355724276;B
20240514;100119;590.45;287;10355724277;B
20240514;100119;590.4;3;10355724278;S
20240514;100119;590.4;177;10355724279;S
20240514;100119;590.25;19;10355724280;S
20240514;100119;590.25;300;10355724281;S
20240514;100119;590.25;46;10355724282;S
20240514;100119;590.4;1;10355724288;B
20240514;100119;590.4;5;10355724289;B
20240514;100120;590.4;3;10355724349;B
20240514;100120;590.4;177;10355724487;B
20240514;100120;590.45;158;10355724488;B
20240514;100122;590.45;1;10355724784;B
20240514;100122;590.4;3;10355724828;B
20240514;100126;590.4;2;10355725690;B
20240514;100128;590.25;4;10355725994;S
20240514;100128;590.25;1;10355726039;S
20240514;100128;590.4;15;10355726071;B
20240514;100128;590.4;147;10355726072;B
20240514;100128;590.45;358;10355726073;B
20240514;100129;590.25;8;10355726284;S
20240514;100129;590.25;92;10355726285;S
20240514;100130;590.25;40;10355726405;B
20240514;100131;590.25;10;10355726545;B
20240514;100132;590.25;5;10355726752;S
20240514;100132;590.3;300;10355726755;B
20240514;100132;590.4;3;10355726767;B
20240514;100132;590.45;39;10355726768;B
20240514;100133;590.3;6;10355726929;S
20240514;100135;590.4;5;10355727529;B
20240514;100137;590.4;5;10355727814;B
20240514;100138;590.3;94;10355727938;S
20240514;100138;590.3;5;10355728016;B
20240514;100140;590.3;100;10355728430;B
20240514;100141;590.3;3;10355728557;B
20240514;100141;590.3;1;10355728701;B
20240514;100142;590.3;3;10355728888;B
20240514;100143;590.25;1;10355728965;S
20240514;100144;590.3;1;10355729078;B
20240514;100144;590.3;2549;10355729091;B
20240514;100144;590.3;2;10355729092;B
20240514;100144;590.35;1;10355729196;S
20240514;100145;590.45;1;10355729346;B
20240514;100145;590.45;17;10355729384;B
20240514;100145;590.45;13;10355729404;B
20240514;100146;590.4;100;10355729518;S
20240514;100146;590.45;13;10355729525;B
20240514;100146;590.45;2;10355729534;B
20240514;100146;590.45;1800;10355729535;B
20240514;100146;590.5;171;10355729536;B
20240514;100146;590.5;1;10355729537;B
20240514;100146;590.5;100;10355729538;B
20240514;100146;590.5;10;10355729539;B
20240514;100146;590.5;100;10355729540;B
20240514;100146;590.5;4;10355729541;B
20240514;100146;590.5;10;10355729542;B
20240514;100146;590.5;347;10355729543;B
20240514;100146;590.5;2;10355729544;B
20240514;100146;590.5;7;10355729545;B
20240514;100146;590.5;1;10355729546;B
20240514;100146;590.5;30;10355729547;B
20240514;100146;590.5;1;10355729548;B
20240514;100146;590.5;10;10355729549;B
20240514;100146;590.5;100;10355729550;B
20240514;100146;590.5;2304;10355729551;B
20240514;100146;590.5;196;10355729553;B
20240514;100146;590.5;52;10355729554;B
20240514;100146;590.55;171;10355729555;B
20240514;100146;590.55;10;10355729556;B
20240514;100146;590.55;1;10355729557;B
20240514;100146;590.55;10;10355729558;B
20240514;100146;590.55;1;10355729559;B
20240514;100146;590.55;1;10355729560;B
20240514;100146;590.55;10;10355729561;B
20240514;100146;590.55;48;10355729562;B
20240514;100146;590.55;1;10355729563;B
20240514;100146;590.55;349;10355729578;B
20240514;100146;590.55;240;10355729579;B
20240514;100146;590.55;1;10355729586;B
20240514;100146;590.45;10;10355729683;S
20240514;100146;590.45;88;10355729708;S
20240514;100146;590.45;10;10355729714;S
20240514;100146;590.45;50;10355729715;S
20240514;100146;590.45;4;10355729726;S
20240514;100146;590.45;10;10355729728;S
20240514;100146;590.5;8;10355729740;B
20240514;100146;590.5;6;10355729741;B
20240514;100146;590.5;1;10355729742;B
20240514;100146;590.5;8;10355729743;B
20240514;100146;590.5;3;10355729744;B
20240514;100147;590.45;2;10355729781;S
20240514;100147;590.45;3;10355729783;S
20240514;100147;590.5;47;10355729829;B
20240514;100147;590.5;6;10355729830;B
20240514;100147;590.5;5;10355729831;B
20240514;100147;590.5;30;10355729832;B
20240514;100147;590.5;6;10355729833;B
20240514;100147;590.5;12;10355729834;B
20240514;100147;590.45;1;10355729836;S
20240514;100148;590.5;3;10355730093;B
20240514;100149;590.45;4;10355730106;S
20240514;100149;590.45;139;10355730107;S
20240514;100149;590.45;1;10355730108;S
20240514;100149;590.45;146;10355730109;S
20240514;100149;590.45;5;10355730110;S
20240514;100149;590.4;177;10355730111;S
20240514;100149;590.3;2;10355730146;S
20240514;100149;590.3;3;10355730245;S
20240514;100149;590.35;4;10355730252;B
20240514;100150;590.35;40;10355730271;B
20240514;100150;590.3;1;10355730331;S
20240514;100150;590.3;5;10355730342;S
20240514;100150;590.35;22;10355730348;B
20240514;100151;590.35;16;10355730591;B
20240514;100152;590.35;2;10355730622;B
20240514;100152;590.3;29;10355730804;S
20240514;100153;590.3;2;10355731014;S
20240514;100153;590.35;200;10355731098;B
20240514;100153;590.35;400;10355731099;B
20240514;100154;590.45;138;10355731164;S
20240514;100154;590.45;177;10355731165;S
20240514;100154;590.35;133;10355731166;S
20240514;100155;590.45;61;10355731400;B
20240514;100155;590.5;21;10355731401;B
20240514;100155;590.5;19;10355731402;B
20240514;100155;590.5;99;10355731403;B
20240514;100155;590.5;1;10355731408;B
20240514;100155;590.5;4;10355731409;B
20240514;100155;590.5;1;10355731555;B
20240514;100155;590.5;4;10355731556;B
20240514;100155;590.5;1;10355731557;B
20240514;100156;590.45;50;10355731699;S
20240514;100156;590.45;3;10355731718;S
20240514;100156;590.45;100;10355731831;B
20240514;100157;590.5;19;10355731954;B
20240514;100157;590.5;18;10355731955;B
20240514;100157;590.5;2;10355731956;B
20240514;100157;590.45;5;10355731981;S
20240514;100200;590.45;65;10355732442;S
20240514;100200;590.45;94;10355732443;S
20240514;100200;590.5;18;10355732448;B
20240514;100200;590.5;5;10355732449;B
20240514;100200;590.5;9;10355732450;B
20240514;100200;590.5;40;10355732451;B
20240514;100200;590.5;1;10355732452;B
20240514;100200;590.5;4;10355732453;B
20240514;100200;590.5;10;10355732454;B
20240514;100200;590.5;8;10355732455;B
20240514;100200;590.5;5;10355732456;B
20240514;100200;590.5;6;10355732457;B
20240514;100200;590.5;7;10355732458;B
20240514;100200;590.5;9;10355732459;B
20240514;100200;590.5;6;10355732460;B
20240514;100200;590.5;3;10355732461;B
20240514;100200;590.5;35;10355732462;B
20240514;100200;590.5;52;10355732463;B
20240514;100200;590.5;1;10355732464;B
20240514;100200;590.5;13;10355732465;B
20240514;100200;590.5;10;10355732466;B
20240514;100200;590.5;4;10355732467;B
20240514;100200;590.5;15;10355732468;B
20240514;100200;590.5;18;10355732469;B
20240514;100200;590.5;1;10355732470;B
20240514;100201;590.55;300;10355732707;B
20240514;100201;590.55;61;10355732708;B
20240514;100201;590.55;36;10355732709;B
20240514;100201;590.55;23;10355732710;B
20240514;100201;590.5;133;10355732711;B
20240514;100201;590.55;167;10355732712;B
20240514;100201;590.55;300;10355732713;B
20240514;100201;590.55;300;10355732714;B
20240514;100201;590.55;211;10355732715;B
20240514;100201;590.55;100;10355732716;B
20240514;100201;590.55;200;10355732717;B
20240514;100201;590.55;100;10355732718;B
20240514;100201;590.55;25;10355732798;B
20240514;100201;590.5;5;10355732866;S
20240514;100202;590.45;75;10355732912;S
20240514;100202;590.5;1;10355732921;B
20240514;100202;590.45;2;10355733072;S
20240514;100202;590.45;68;10355733100;S
20240514;100202;590.4;2;10355733107;S
20240514;100204;590.45;982;10355733383;B
20240514;100204;590.4;20;10355733384;S
20240514;100204;590.45;40;10355733397;B
20240514;100204;590.45;40;10355733474;B
20240514;100205;590.4;1;10355733510;S
20240514;100205;590.45;1;10355733518;B
20240514;100206;590.45;10;10355733741;B
20240514;100206;590.45;1;10355733872;B
20240514;100207;590.45;300;10355734129;B
20240514;100208;590.45;557;10355734203;B
20240514;100208;590.5;177;10355734204;B
20240514;100208;590.55;3574;10355734205;B
20240514;100208;590.55;7;10355734206;B
20240514;100208;590.55;140;10355734207;B
20240514;100208;590.55;3;10355734281;S
20240514;100209;590.6;171;10355734437;B
20240514;100209;590.6;1;10355734438;B
20240514;100209;590.6;1;10355734439;B
20240514;100209;590.6;5;10355734440;B
20240514;100209;590.6;10;10355734441;B
20240514;100209;590.6;1;10355734442;B
20240514;100209;590.6;1;10355734443;B
20240514;100209;590.6;5;10355734444;B
20240514;100209;590.6;1;10355734465;S
20240514;100209;590.6;100;10355734501;S
20240514;100210;590.6;118;10355734530;S
20240514;100210;590.65;48;10355734580;B
20240514;100211;590.55;138;10355734712;S
20240514;100211;590.55;177;10355734713;S
20240514;100211;590.55;24;10355734714;S
20240514;100211;590.5;7;10355734715;S
20240514;100211;590.5;1000;10355734716;S
20240514;100211;590.45;100;10355734717;S
20240514;100211;590.4;66;10355734718;S
20240514;100211;590.4;10;10355734719;S
20240514;100211;590.35;14;10355734720;S
20240514;100211;590.55;1;10355734774;S
20240514;100211;590.55;1;10355734797;S
20240514;100211;590.55;4;10355734835;S
20240514;100214;590.65;1;10355735306;B
20240514;100214;590.55;6;10355735361;S
20240514;100215;590.5;40;10355735448;S
20240514;100216;590.45;2;10355735637;S
20240514;100216;590.45;1;10355735750;S
20240514;100217;590.45;1;10355735930;S
20240514;100218;590.5;2;10355736074;B
20240514;100218;590.5;4;10355736075;B
20240514;100218;590.55;14;10355736076;B
20240514;100218;590.6;134;10355736077;B
20240514;100218;590.65;170;10355736078;B
20240514;100218;590.65;1;10355736079;B
20240514;100218;590.65;1;10355736080;B
20240514;100218;590.65;1;10355736081;B
20240514;100218;590.65;14;10355736082;B
20240514;100218;590.65;177;10355736083;B
20240514;100218;590.7;171;10355736084;B
20240514;100218;590.7;1;10355736085;B
20240514;100218;590.7;1;10355736086;B
20240514;100218;590.7;5;10355736087;B
20240514;100218;590.7;1;10355736088;B
20240514;100218;590.7;1;10355736089;B
20240514;100218;590.7;66;10355736090;B
20240514;100218;590.7;100;10355736091;B
20240514;100218;590.75;14;10355736092;B
20240514;100218;590.75;171;10355736093;B
20240514;100218;590.75;2;10355736094;B
20240514;100218;590.75;2;10355736095;B
20240514;100218;590.75;30;10355736096;B
20240514;100218;590.75;1;10355736097;B
20240514;100218;590.75;169;10355736098;B
20240514;100218;590.75;381;10355736099;B
20240514;100218;590.8;171;10355736100;B
20240514;100218;590.8;3;10355736101;B
20240514;100218;590.8;115;10355736102;B
20240514;100218;590.8;1;10355736103;B
20240514;100218;590.8;1;10355736104;B
20240514;100218;590.85;171;10355736105;B
20240514;100218;590.85;1;10355736106;B
20240514;100218;590.85;1;10355736107;B
20240514;100218;590.85;1;10355736108;B
20240514;100218;590.85;1;10355736109;B
20240514;100218;590.85;8;10355736110;B
20240514;100218;590.85;1;10355736111;B
20240514;100218;590.85;9;10355736112;B
20240514;100218;590.85;169;10355736113;B
20240514;100218;590.85;889;10355736114;B
20240514;100218;590.85;480;10355736115;B
20240514;100218;590.9;1;10355736116;B
20240514;100218;590.9;5;10355736117;B
20240514;100218;590.9;1;10355736118;B
20240514;100218;590.9;230;10355736119;B
20240514;100218;590.9;1021;10355736120;B
20240514;100218;590.95;10;10355736121;B
20240514;100218;590.95;10;10355736122;B
20240514;100218;590.95;10;10355736123;B
20240514;100218;590.95;1;10355736124;B
20240514;100218;590.95;2;10355736125;B
20240514;100218;590.95;7;10355736126;B
20240514;100218;590.95;1;10355736127;B
20240514;100218;590.95;1;10355736128;B
20240514;100218;590.95;25;10355736129;B
20240514;100218;590.95;2;10355736130;B
20240514;100218;590.95;1;10355736131;B
20240514;100218;590.95;2;10355736132;B
20240514;100218;590.95;5000;10355736133;B
20240514;100218;590.95;169;10355736134;B
20240514;100218;590.95;500;10355736135;B
20240514;100218;591;30;10355736136;B
20240514;100218;591;2;10355736137;B
20240514;100218;591;1;10355736138;B
20240514;100218;591;30;10355736139;B
20240514;100218;591;20;10355736140;B
20240514;100218;591;1;10355736141;B
20240514;100218;591;35;10355736142;B
20240514;100218;591;2;10355736143;B
20240514;100218;591;1;10355736144;B
20240514;100218;591;1;10355736145;B
20240514;100218;591;11;10355736146;B
20240514;100218;591;20;10355736147;B
20240514;100218;591;1;10355736148;B
20240514;100218;591;1;10355736149;B
20240514;100218;591;100;10355736150;B
20240514;100218;591;1;10355736151;B
20240514;100218;591;1;10355736152;B
20240514;100218;591;1;10355736153;B
20240514;100218;591;10;10355736154;B
20240514;100218;591;14;10355736155;B
20240514;100218;591;2;10355736156;B
20240514;100218;591;1;10355736157;B
20240514;100218;591;1;10355736158;B
20240514;100218;591;6;10355736159;B
20240514;100218;591;46;10355736160;B
20240514;100218;591;200;10355736161;B
20240514;100218;591;8;10355736162;B
20240514;100218;591;500;10355736163;B
20240514;100218;591;1;10355736164;B
20240514;100218;591;1;10355736165;B
20240514;100218;591;4;10355736166;B
20240514;100218;591;1;10355736167;B
20240514;100218;591;25;10355736168;B
20240514;100218;591;1;10355736169;B
20240514;100218;591;2;10355736170;B
20240514;100218;591;132;10355736171;B
20240514;100218;591;1;10355736172;B
20240514;100218;591;2;10355736173;B
20240514;100218;591;5;10355736174;B
20240514;100218;591;3;10355736175;B
20240514;100218;591;1;10355736176;B
20240514;100218;591;1;10355736177;B
20240514;100218;591;1;10355736178;B
20240514;100218;591;30;10355736179;B
20240514;100218;591;1;10355736180;B
20240514;100218;591;2;10355736181;B
20240514;100218;591;100;10355736182;B
20240514;100218;591;5;10355736183;B
20240514;100218;591;10;10355736184;B
20240514;100218;591;82;10355736185;B
20240514;100218;591;165;10355736186;B
20240514;100218;591;2000;10355736187;B
20240514;100218;591;1;10355736188;B
20240514;100218;591;1;10355736189;B
20240514;100218;591;720;10355736190;B
20240514;100218;590.95;1;10355736193;B
20240514;100218;590.95;1;10355736194;B
20240514;100218;590.95;1;10355736195;B
20240514;100218;590.7;3;10355736208;S
20240514;100218;590.7;10;10355736230;S
20240514;100218;590.7;1;10355736231;S
20240514;100218;590.7;2;10355736232;S
20240514;100218;590.75;1;10355736250;S
20240514;100218;590.75;3;10355736254;S
20240514;100218;590.7;1;10355736255;S
20240514;100219;590.85;1;10355736281;B
20240514;100219;590.75;1;10355736368;S
20240514;100219;590.75;1;10355736369;S
20240514;100219;590.7;29;10355736370;S
20240514;100219;590.7;131;10355736371;S
20240514;100219;590.65;19;10355736372;S
20240514;100219;590.75;2;10355736373;S
20240514;100219;590.65;13;10355736374;S
20240514;100219;590.8;35;10355736375;B
20240514;100219;590.65;68;10355736376;S
20240514;100219;590.6;177;10355736377;S
20240514;100219;590.6;131;10355736378;S
20240514;100219;590.55;84;10355736379;S
20240514;100219;590.5;380;10355736380;S
20240514;100219;590.5;4;10355736381;S
20240514;100219;590.45;156;10355736382;S
20240514;100219;590.6;170;10355736388;B
20240514;100219;590.65;85;10355736389;B
20240514;100219;590.7;177;10355736390;B
20240514;100219;590.75;130;10355736391;B
20240514;100219;590.8;38;10355736392;B
20240514;100219;590.75;45;10355736409;B
20240514;100219;590.75;155;10355736410;B
20240514;100219;590.5;22;10355736425;S
20240514;100220;590.75;2;10355736472;B
20240514;100220;590.75;50;10355736528;B
20240514;100222;590.5;62;10355736753;S
20240514;100222;590.5;1;10355736754;S
20240514;100222;590.45;170;10355736822;B
20240514;100222;590.45;130;10355736823;B
20240514;100222;590.4;1;10355736895;S
20240514;100223;590.45;244;10355736907;B
20240514;100223;590.45;170;10355736908;B
20240514;100223;590.45;170;10355736923;S
20240514;100223;590.45;2;10355736982;S
20240514;100224;590.45;15;10355737103;S
20240514;100224;590.5;6;10355737474;B
20240514;100225;590.5;68;10355737488;B
20240514;100225;590.5;19;10355737559;B
20240514;100225;590.5;2;10355737578;B
20240514;100225;590.5;800;10355737633;B
20240514;100225;590.5;2075;10355737654;B
20240514;100225;590.65;22;10355737655;B
20240514;100225;590.65;130;10355737656;B
20240514;100225;590.7;177;10355737657;B
20240514;100225;590.75;1;10355737658;B
20240514;100225;590.75;1;10355737659;B
20240514;100225;590.75;381;10355737660;B
20240514;100225;590.8;22;10355737661;B
20240514;100225;590.8;5;10355737662;B
20240514;100225;590.8;86;10355737663;B
20240514;100225;590.8;7;10355737664;B
20240514;100225;590.8;20;10355737665;B
20240514;100225;590.8;169;10355737666;B
20240514;100225;590.85;404;10355737667;B
20240514;100226;590.7;1000;10355737857;B
20240514;100226;590.85;95;10355737858;B
20240514;100226;590.85;1;10355737859;B
20240514;100226;590.85;62;10355737860;B
20240514;100226;590.85;129;10355737861;B
20240514;100226;590.9;155;10355737862;B
20240514;100226;590.9;177;10355737863;B
20240514;100226;590.95;12;10355737864;B
20240514;100226;590.95;20;10355737865;B
20240514;100226;590.95;101;10355737866;B
20240514;100226;590.95;156;10355737867;B
20240514;100226;590.95;374;10355737868;B
20240514;100226;591;280;10355737869;B
20240514;100226;591;2000;10355737870;B
20240514;100226;591;1;10355737871;B
20240514;100226;591;10;10355737872;B
20240514;100226;591;15;10355737873;B
20240514;100226;591;20;10355737874;B
20240514;100226;591;100;10355737875;B
20240514;100226;591;290;10355737876;B
20240514;100226;591;2;10355737877;B
20240514;100227;591;3;10355737959;B
20240514;100227;591;1;10355737960;B
20240514;100227;591;15;10355737961;B
20240514;100227;591;4;10355737962;B
20240514;100227;591;2;10355737963;B
20240514;100227;591;1;10355737964;B
20240514;100227;591;18;10355737965;B
20240514;100227;591;156;10355737966;B
20240514;100227;590.95;1;10355738005;S
20240514;100227;590.9;9;10355738006;S
20240514;100227;591;334;10355738031;B
20240514;100227;591;134;10355738032;B
20240514;100227;591;1;10355738033;B
20240514;100227;591;2;10355738034;B
20240514;100227;591;10;10355738035;B
20240514;100227;591;15;10355738036;B
20240514;100227;591;1;10355738037;B
20240514;100227;591;2;10355738038;B
20240514;100227;591;4;10355738039;B
20240514;100227;591;13;10355738040;B
20240514;100227;591;3;10355738041;B
20240514;100227;591;100;10355738042;B
20240514;100227;591;1;10355738043;B
20240514;100227;591;25;10355738044;B
20240514;100227;591;70;10355738045;B
20240514;100227;591;30;10355738046;B
20240514;100227;591;8;10355738047;B
20240514;100227;591;1;10355738048;B
20240514;100227;591;1;10355738049;B
20240514;100227;591;10;10355738050;B
20240514;100227;591;20;10355738051;B
20240514;100227;591;1;10355738052;B
20240514;100227;591;55;10355738053;B
20240514;100227;591;100;10355738054;B
20240514;100227;591;2;10355738055;B
20240514;100227;591;1;10355738056;B
20240514;100227;591;150;10355738057;B
20240514;100227;591;3;10355738058;B
20240514;100227;591;5;10355738059;B
20240514;100227;591;1;10355738060;B
20240514;100227;591;11;10355738061;B
20240514;100227;591;2;10355738062;B
20240514;100227;591;5;10355738063;B
20240514;100227;591;5;10355738064;B
20240514;100227;591;100;10355738065;B
20240514;100227;591;139;10355738066;B
20240514;100227;591;1;10355738067;B
20240514;100227;591;5;10355738068;B
20240514;100227;591;20;10355738069;B
20240514;100227;591;6;10355738070;B
20240514;100227;591;2;10355738071;B
20240514;100227;591;3601;10355738072;B
20240514;100227;591;5;10355738076;B
20240514;100228;590.9;1;10355738098;S
20240514;100228;590.9;4;10355738099;S
20240514;100228;591;5;10355738100;B
20240514;100228;591;5;10355738149;B
20240514;100228;591;224;10355738175;B
20240514;100228;591;1;10355738176;B
20240514;100228;591;6000;10355738177;B
20240514;100228;591;1;10355738178;B
20240514;100228;591.05;1;10355738179;B
20240514;100228;591.05;1;10355738180;B
20240514;100228;591.05;49;10355738181;B
20240514;100228;591.1;16;10355738182;B
20240514;100228;591.1;1;10355738183;B
20240514;100228;591.1;1;10355738184;B
20240514;100228;591.1;1;10355738185;B
20240514;100228;591.1;7;10355738186;B
20240514;100228;591.1;2;10355738187;B
20240514;100228;591.1;10;10355738188;B
20240514;100228;591.15;5;10355738211;B
20240514;100228;591.15;1;10355738212;B
20240514;100228;591.15;2;10355738213;B
20240514;100228;591.2;1;10355738214;B
20240514;100228;591.2;1;10355738215;B
20240514;100228;591.2;1;10355738216;B
20240514;100228;591.2;1;10355738217;B
20240514;100228;591.2;2;10355738218;B
20240514;100228;591.2;2;10355738219;B
20240514;100228;591.2;4;10355738220;B
20240514;100228;591.2;2;10355738221;B
20240514;100228;591.2;4;10355738222;B
20240514;100228;591.2;2;10355738223;B
20240514;100228;591.2;446;10355738224;B
20240514;100228;591.25;2;10355738231;B
20240514;100228;591.2;30;10355738232;S
20240514;100228;591.2;20;10355738287;S
20240514;100228;591.2;100;10355738314;S
20240514;100228;591.25;1;10355738326;B
20240514;100228;591.25;10;10355738327;B
20240514;100228;591.25;2;10355738328;B
20240514;100228;591.25;980;10355738329;B
20240514;100228;591.25;5;10355738330;B
20240514;100228;591.25;2;10355738331;B
20240514;100228;591.2;1;10355738337;S
20240514;100229;591.2;1;10355738346;S
20240514;100229;591.2;1;10355738357;S
20240514;100229;591.2;5;10355738376;S
20240514;100229;591.2;4;10355738380;S
20240514;100229;591.2;3;10355738381;S
20240514;100229;591.2;1;10355738387;S
20240514;100229;591.25;5;10355738391;B
20240514;100229;591.2;29;10355738398;S
20240514;100229;591.2;5;10355738399;S
20240514;100229;591.25;19;10355738407;B
20240514;100229;591.25;1;10355738408;B
20240514;100229;591.2;26;10355738429;S
20240514;100229;591.2;74;10355738430;S
20240514;100229;591.25;5;10355738445;B
20240514;100229;591.2;5;10355738446;S
20240514;100229;591.2;1;10355738447;S
20240514;100229;591.2;1;10355738484;S
20240514;100229;591.2;1;10355738501;S
20240514;100229;591.25;25;10355738503;B
20240514;100229;591.2;1;10355738526;S
20240514;100230;591.25;128;10355738549;B
20240514;100230;591.2;1;10355738646;S
20240514;100230;591.2;1;10355738647;S
20240514;100231;591.2;1;10355738690;S
20240514;100231;591.25;20;10355738745;B
20240514;100231;591.2;1;10355738777;S
20240514;100231;591.25;100;10355738797;B
20240514;100232;591.25;2;10355738820;B
20240514;100232;591.25;916;10355738848;B
20240514;100232;591.3;1;10355738849;B
20240514;100232;591.3;30;10355738850;B
20240514;100232;591.3;2;10355738851;B
20240514;100232;591.3;169;10355738852;B
20240514;100232;591.3;64;10355738853;B
20240514;100232;591.3;177;10355738854;B
20240514;100232;591.35;2;10355738855;B
20240514;100232;591.35;380;10355738856;B
20240514;100232;591.35;132;10355738857;B
20240514;100232;591.4;1;10355738858;B
20240514;100232;591.4;5;10355738859;B
20240514;100232;591.4;2;10355738860;B
20240514;100232;591.4;32;10355738861;B
20240514;100232;591.4;2;10355738862;B
20240514;100232;591.4;2;10355738863;B
20240514;100232;591.4;20;10355738864;B
20240514;100232;591.4;169;10355738865;B
20240514;100232;591.4;1;10355738866;B
20240514;100232;591.45;1;10355738867;B
20240514;100232;591.45;1;10355738868;B
20240514;100232;591.45;50;10355738869;B
20240514;100232;591.45;1;10355738870;B
20240514;100232;591.45;1;10355738871;B
20240514;100232;591.45;120;10355738872;B
20240514;100232;591.45;500;10355738873;B
20240514;100232;591.45;85;10355738874;B
20240514;100232;591.45;2;10355738875;B
20240514;100232;591.45;5;10355738876;B
20240514;100232;591.45;700;10355738877;B
20240514;100232;591.45;1;10355738878;B
20240514;100232;591.45;5000;10355738879;B
20240514;100232;591.45;2;10355738880;B
20240514;100232;591.5;1;10355738881;B
20240514;100232;591.5;1;10355738882;B
20240514;100232;591.5;5;10355738883;B
20240514;100232;591.5;50;10355738884;B
20240514;100232;591.5;4;10355738885;B
20240514;100232;591.5;2;10355738886;B
20240514;100232;591.5;500;10355738887;B
20240514;100232;591.5;1;10355738888;B
20240514;100232;591.5;30;10355738889;B
20240514;100232;591.5;1;10355738890;B
20240514;100232;591.5;2;10355738891;B
20240514;100232;591.5;5827;10355738892;B
20240514;100232;591.3;12;10355738919;S
20240514;100232;591.3;100;10355738953;S
20240514;100232;591.3;1;10355738955;S
20240514;100232;591.45;169;10355738987;B
20240514;100232;591.45;4;10355738988;B
20240514;100232;591.45;177;10355738989;B
20240514;100232;591.5;4173;10355738990;B
20240514;100232;591.5;3;10355738991;B
20240514;100232;591.5;3;10355738992;B
20240514;100232;591.55;90;10355738993;B
20240514;100232;591.55;65;10355738994;B
20240514;100232;591.55;5011;10355738995;B
20240514;100232;591.55;5;10355738996;B
20240514;100232;591.55;169;10355738997;B
20240514;100232;591.55;131;10355738998;B
20240514;100233;591.45;170;10355739001;S
20240514;100233;591.45;177;10355739002;S
20240514;100233;591.45;130;10355739003;S
20240514;100233;591.4;7;10355739004;S
20240514;100233;591.35;84;10355739005;S
20240514;100233;591.3;100;10355739006;S
20240514;100233;591.25;16;10355739007;S
20240514;100233;591.25;200;10355739008;S
20240514;100233;591.2;18;10355739009;S
20240514;100233;591.2;5;10355739010;S
20240514;100233;591.2;70;10355739011;S
20240514;100233;591.2;1;10355739012;S
20240514;100233;591.1;380;10355739013;S
20240514;100233;591.1;1528;10355739014;S
20240514;100233;591.05;374;10355739015;S
20240514;100233;591.05;1000;10355739016;S
20240514;100233;591;2107;10355739017;S
20240514;100233;591.15;144;10355739030;S
20240514;100233;591.15;26;10355739031;S
20240514;100233;591.1;24;10355739032;S
20240514;100233;591.3;1;10355739052;B
20240514;100233;591.3;1;10355739053;B
20240514;100233;591.35;35;10355739054;B
20240514;100233;591.35;177;10355739055;B
20240514;100233;591.4;128;10355739056;B
20240514;100233;591.45;84;10355739057;B
20240514;100233;591.5;169;10355739058;B
20240514;100233;591.55;389;10355739059;B
20240514;100233;591.55;1;10355739060;B
20240514;100233;591.55;170;10355739061;B
20240514;100233;591.6;5;10355739062;B
20240514;100233;591.6;1;10355739063;B
20240514;100233;591.6;50;10355739064;B
20240514;100233;591.6;169;10355739065;B
20240514;100233;591.6;380;10355739066;B
20240514;100233;591.65;1;10355739067;B
20240514;100233;591.65;5;10355739068;B
20240514;100233;591.65;8;10355739069;B
20240514;100233;591.65;1528;10355739070;B
20240514;100233;591.65;4;10355739071;B
20240514;100233;591.7;5;10355739072;B
20240514;100233;591.7;269;10355739073;B
20240514;100233;591.7;1;10355739074;B
20240514;100233;591.7;1000;10355739075;B
20240514;100233;591.7;10;10355739076;B
20240514;100233;591.7;1;10355739077;B
20240514;100233;591.7;169;10355739078;B
20240514;100233;591.75;169;10355739079;B
20240514;100233;591.75;1;10355739080;B
20240514;100233;591.75;1;10355739081;B
20240514;100233;591.75;30;10355739082;B
20240514;100233;591.75;400;10355739083;B
20240514;100233;591.8;169;10355739084;B
20240514;100233;591.8;5;10355739085;B
20240514;100233;591.8;1;10355739086;B
20240514;100233;591.8;111;10355739087;B
20240514;100233;591.8;1;10355739088;B
20240514;100233;591.8;1;10355739089;B
20240514;100233;591.8;1;10355739090;B
20240514;100233;591.8;2;10355739091;B
20240514;100233;591.8;5;10355739092;B
20240514;100233;591.8;2988;10355739093;B
20240514;100233;591.8;154;10355739094;B
20240514;100233;591.8;1000;10355739095;B
20240514;100233;591.8;200;10355739096;B
20240514;100233;591.65;6;10355739109;B
20240514;100233;591.65;121;10355739115;B
20240514;100233;591.65;177;10355739116;B
20240514;100233;591.7;169;10355739117;B
20240514;100233;591.75;380;10355739118;B
20240514;100233;591.8;597;10355739119;B
20240514;100233;591.6;20;10355739120;S
20240514;100233;591.75;169;10355739129;B
20240514;100233;591.75;126;10355739130;B
20240514;100233;591.75;177;10355739131;B
20240514;100233;591.8;9528;10355739132;B
20240514;100233;591.6;100;10355739137;S
20240514;100233;591.6;5;10355739138;S
20240514;100233;591.75;169;10355739152;B
20240514;100233;591.8;9831;10355739153;B
20240514;100233;591.6;7;10355739159;S
20240514;100233;591.6;18;10355739160;S
20240514;100233;591.6;177;10355739161;S
20240514;100233;591.55;84;10355739162;S
20240514;100233;591.5;170;10355739163;S
20240514;100233;591.5;125;10355739164;S
20240514;100233;591.5;100;10355739165;S
20240514;100233;591.4;5;10355739166;S
20240514;100233;591.4;200;10355739167;S
20240514;100233;591.35;25;10355739168;S
20240514;100233;591.35;4;10355739169;S
20240514;100233;591.3;374;10355739170;S
20240514;100233;591.3;509;10355739171;S
20240514;100233;591.3;1000;10355739172;S
20240514;100233;591.3;809;10355739173;B
20240514;100233;591.65;177;10355739181;B
20240514;100233;591.7;124;10355739182;B
20240514;100233;591.7;84;10355739183;B
20240514;100233;591.75;169;10355739184;B
20240514;100233;591.75;1018;10355739185;B
20240514;100233;591.8;428;10355739186;B
20240514;100233;591.6;1;10355739194;S
20240514;100233;591.6;6;10355739196;S
20240514;100233;591.6;60;10355739199;S
20240514;100233;591.5;6;10355739201;B
20240514;100233;591.6;177;10355739204;B
20240514;100233;591.65;122;10355739205;B
20240514;100233;591.75;1;10355739206;B
20240514;100233;591.8;700;10355739207;B
20240514;100233;591.55;5;10355739263;B
20240514;100233;591.55;2;10355739264;B
20240514;100233;591.7;177;10355739265;B
20240514;100233;591.75;100;10355739266;B
20240514;100233;591.8;9701;10355739267;B
20240514;100233;591.8;20;10355739268;B
20240514;100233;591.6;125;10355739271;S
20240514;100233;591.75;1;10355739277;B
20240514;100233;591.8;1822;10355739278;B
20240514;100233;591.8;177;10355739279;B
20240514;100233;591.8;5;10355739284;B
20240514;100234;591.6;1;10355739297;S
20240514;100234;591.65;1;10355739306;B
20240514;100234;591.7;1;10355739307;B
20240514;100234;591.75;3;10355739308;B
20240514;100234;591.75;1;10355739309;B
20240514;100234;591.65;5;10355739329;B
20240514;100234;591.6;1;10355739350;B
20240514;100234;591.65;4;10355739351;B
20240514;100234;591.6;5;10355739361;B
20240514;100234;591.6;15;10355739373;B
20240514;100234;591.6;177;10355739374;B
20240514;100234;591.65;12;10355739375;B
20240514;100234;591.7;4;10355739376;B
20240514;100234;591.7;2;10355739377;B
20240514;100234;591.75;1996;10355739378;B
20240514;100234;591.75;1;10355739379;B
20240514;100234;591.75;100;10355739380;B
20240514;100234;591.8;2513;10355739381;B
20240514;100234;591.8;2;10355739382;B
20240514;100234;591.8;1;10355739383;B
20240514;100234;591.8;50;10355739384;B
20240514;100234;591.8;1;10355739385;B
20240514;100234;591.6;1;10355739389;S
20240514;100234;591.8;5;10355739391;B
20240514;100234;591.8;5;10355739400;B
20240514;100234;591.8;5;10355739439;B
20240514;100235;591.8;5;10355739463;B
20240514;100235;591.8;100;10355739465;B
20240514;100235;591.65;1;10355739477;S
20240514;100235;591.8;5;10355739480;B
20240514;100235;591.8;5;10355739509;B
20240514;100235;591.8;25;10355739512;B
20240514;100235;591.8;5;10355739521;B
20240514;100235;591.8;5;10355739537;B
20240514;100235;591.8;1000;10355739538;B
20240514;100235;591.8;25;10355739548;B
20240514;100235;591.8;5;10355739554;B
20240514;100235;591.8;1;10355739563;B
20240514;100235;591.8;5;10355739591;B
20240514;100236;591.8;1;10355739652;B
20240514;100236;591.8;2500;10355739653;B
20240514;100236;591.8;25;10355739662;B
20240514;100236;591.8;86;10355739733;B
20240514;100236;591.8;150;10355739744;B
20240514;100236;591.8;2;10355739768;B
20240514;100236;591.75;2;10355739773;S
20240514;100236;591.8;120;10355739825;B
20240514;100236;591.8;300;10355739853;B
20240514;100236;591.8;20;10355739862;B
20240514;100237;591.8;6;10355739908;B
20240514;100237;591.75;13;10355739949;S
20240514;100237;591.8;1;10355740044;B
20240514;100238;591.75;2;10355740073;S
20240514;100238;591.8;86;10355740081;B
20240514;100238;591.8;148;10355740104;B
20240514;100238;591.8;1;10355740105;B
20240514;100238;591.8;1;10355740106;B
20240514;100238;591.8;150;10355740123;B
20240514;100238;591.8;200;10355740152;B
20240514;100238;591.8;140;10355740156;B
20240514;100238;591.8;13;10355740184;B
20240514;100238;591.8;150;10355740215;B
20240514;100239;591.8;150;10355740256;B
20240514;100239;591.8;2;10355740272;B
20240514;100239;591.8;338;10355740277;B
20240514;100239;591.8;2;10355740284;B
20240514;100239;591.8;6;10355740318;B
20240514;100239;591.8;10;10355740353;B
20240514;100239;591.8;20;10355740364;B
20240514;100240;591.8;10;10355740447;B
20240514;100240;591.8;1;10355740520;B
20240514;100240;591.8;25;10355740525;B
20240514;100241;591.8;150;10355740554;B
20240514;100241;591.75;1;10355740558;S
20240514;100241;591.8;500;10355740609;B
20240514;100241;591.75;4;10355740699;S
20240514;100241;591.8;499;10355740730;B
20240514;100241;591.8;1;10355740731;B
20240514;100241;591.8;50;10355740738;B
20240514;100242;591.8;40;10355740748;B
20240514;100242;591.8;890;10355740787;B
20240514;100242;591.8;10;10355740788;B
20240514;100242;591.8;113;10355740839;B
20240514;100243;591.8;500;10355740881;B
20240514;100243;591.8;20;10355740910;B
20240514;100243;591.8;500;10355740936;B
20240514;100243;591.8;200;10355740938;B
20240514;100244;591.75;82;10355741010;S
20240514;100244;591.75;5;10355741011;S
20240514;100244;591.75;10;10355741012;S
20240514;100244;591.75;177;10355741013;S
20240514;100244;591.55;84;10355741014;S
20240514;100244;591.55;100;10355741015;S
20240514;100244;591.5;20;10355741016;S
20240514;100244;591.5;1;10355741017;S
20240514;100244;591.5;105;10355741018;S
20240514;100244;591.45;25;10355741019;S
20240514;100244;591.45;25;10355741020;S
20240514;100244;591.45;200;10355741021;S
20240514;100244;591.45;2;10355741022;S
20240514;100244;591.45;1000;10355741023;S
20240514;100244;591.35;25;10355741024;S
20240514;100244;591.35;10;10355741025;S
20240514;100244;591.3;380;10355741026;S
20240514;100244;591.25;1000;10355741027;S
20240514;100244;591.2;25;10355741028;S
20240514;100244;591.2;400;10355741029;S
20240514;100244;591.2;25;10355741030;S
20240514;100244;591.15;169;10355741031;S
20240514;100244;591.1;500;10355741032;S
20240514;100244;591.1;2;10355741033;S
20240514;100244;591.05;169;10355741034;S
20240514;100244;591.05;2;10355741035;S
20240514;100244;591.05;766;10355741036;B
20240514;100244;591.05;2038;10355741037;B
20240514;100244;591.05;5860;10355741038;B
20240514;100244;591.05;200;10355741042;S
20240514;100244;591.2;84;10355741043;B
20240514;100244;591.2;100;10355741044;B
20240514;100244;591.65;4;10355741054;B
20240514;100244;591.65;898;10355741063;B
20240514;100244;591.65;98;10355741087;B
20240514;100244;591.7;168;10355741088;B
20240514;100244;591.7;240;10355741089;B
20240514;100244;591.35;14;10355741107;S
20240514;100244;591.65;4;10355741117;B
20240514;100244;591.7;140;10355741118;B
20240514;100244;591.7;114;10355741119;B
20240514;100244;591.75;79;10355741120;B
20240514;100244;591.35;2;10355741142;S
20240514;100244;591.75;1;10355741159;B
20240514;100244;591.75;120;10355741166;B
20240514;100244;591.75;14;10355741167;B
20240514;100244;591.7;51;10355741182;S
20240514;100244;591.7;50;10355741183;S
20240514;100244;591.7;1;10355741188;S
20240514;100245;591.7;86;10355741189;S
20240514;100245;591.75;3;10355741240;S
20240514;100245;591.75;3;10355741241;S
20240514;100245;591.8;7;10355741256;B
20240514;100245;591.8;9;10355741271;B
20240514;100245;591.8;155;10355741341;B
20240514;100245;591.8;168;10355741342;B
20240514;100245;591.8;177;10355741343;B
20240514;100245;591.8;130;10355741348;B
20240514;100246;591.8;30;10355741353;B
20240514;100246;591.8;20;10355741414;B
20240514;100246;591.8;10;10355741433;B
20240514;100248;591.8;431;10355741695;B
20240514;100248;591.8;25;10355741758;B
20240514;100248;591.8;195;10355741760;B
20240514;100248;591.8;305;10355741761;B
20240514;100249;591.8;3;10355741927;B
20240514;100249;591.8;947;10355741944;B
20240514;100249;591.8;128;10355741945;B
20240514;100249;591.8;225;10355741946;B
20240514;100249;591.8;45;10355741957;B
20240514;100249;591.8;685;10355741958;B
20240514;100249;591.8;270;10355741959;B
20240514;100250;591.8;5;10355742062;B
20240514;100250;591.75;4;10355742083;S
20240514;100250;591.75;46;10355742084;S
20240514;100250;591.8;18;10355742154;B
20240514;100251;591.8;130;10355742219;B
20240514;100251;591.8;500;10355742224;B
20240514;100251;591.8;2;10355742246;B
20240514;100251;591.75;100;10355742292;S
20240514;100251;591.8;20;10355742313;B
20240514;100252;591.75;12;10355742355;S
20240514;100252;591.75;5;10355742356;S
20240514;100252;591.75;2;10355742357;S
20240514;100252;591.7;12;10355742358;S
20240514;100252;591.7;112;10355742359;S
20240514;100252;591.65;277;10355742360;S
20240514;100252;591.8;1;10355742366;B
20240514;100252;591.8;1;10355742376;B
20240514;100252;591.8;147;10355742462;B
20240514;100252;591.8;350;10355742463;B
20240514;100252;591.8;2;10355742464;B
20240514;100252;591.8;1;10355742465;B
20240514;100252;591.8;500;10355742466;B
20240514;100252;591.75;5;10355742472;B
20240514;100252;591.75;5;10355742580;B
20240514;100252;591.75;112;10355742581;B
20240514;100253;591.8;200;10355742610;B
20240514;100253;591.8;50;10355742644;B
20240514;100253;591.8;10;10355742648;B
20240514;100253;591.8;23;10355742674;B
20240514;100253;591.8;12;10355742676;B
20240514;100253;591.8;990;10355742767;B
20240514;100253;591.8;250;10355742799;B
20240514;100253;591.8;1;10355742801;B
20240514;100253;591.8;1;10355742803;B
20240514;100253;591.8;20;10355742821;B
20240514;100253;591.8;652;10355742823;B
20240514;100253;591.8;30;10355742881;B
20240514;100253;591.75;8;10355742884;S
20240514;100254;591.8;40;10355742970;B
20240514;100254;591.8;989;10355743019;B
20240514;100254;591.8;10;10355743020;B
20240514;100254;591.8;1;10355743021;B
20240514;100255;591.75;2134;10355743094;S
20240514;100255;591.8;5;10355743120;B
20240514;100255;591.8;10;10355743122;B
20240514;100255;591.8;20;10355743201;B
20240514;100255;591.8;86;10355743233;B
20240514;100255;591.8;1899;10355743247;B
20240514;100255;591.8;1;10355743248;B
20240514;100256;591.8;20;10355743269;B
20240514;100256;591.8;500;10355743315;B
20240514;100256;591.8;400;10355743357;B
20240514;100256;591.8;255;10355743407;B
20240514;100257;591.8;5000;10355743483;B
20240514;100257;591.8;2;10355743506;B
20240514;100257;591.8;2;10355743513;B
20240514;100257;591.8;20;10355743540;B
20240514;100257;591.8;1500;10355743628;B
20240514;100258;591.8;900;10355743673;B
20240514;100258;591.8;1000;10355743682;B
20240514;100258;591.8;4;10355743736;B
20240514;100258;591.75;5;10355743765;S
20240514;100258;591.8;11;10355743779;B
20240514;100259;591.75;1;10355743944;S
20240514;100259;591.8;180;10355744095;B
20240514;100259;591.8;20;10355744096;B
20240514;100259;591.8;10;10355744157;B
20240514;100300;591.8;25;10355744224;B
20240514;100300;591.75;1;10355744251;S
20240514;100300;591.75;20;10355744252;S
20240514;100300;591.8;9;10355744277;B
20240514;100300;591.75;1;10355744312;S
20240514;100300;591.75;5;10355744321;S
20240514;100300;591.8;200;10355744335;B
20240514;100300;591.8;5;10355744347;B
20240514;100301;591.8;10;10355744374;B
20240514;100301;591.8;50;10355744400;B
20240514;100301;591.8;101;10355744429;B
20240514;100301;591.85;169;10355744430;B
20240514;100301;591.85;1;10355744431;B
20240514;100301;591.85;1;10355744432;B
20240514;100301;591.85;1;10355744433;B
20240514;100301;591.85;10;10355744434;B
20240514;100301;591.85;12;10355744435;B
20240514;100301;591.85;205;10355744436;B
20240514;100301;591.85;295;10355744440;B
20240514;100301;591.85;2;10355744441;B
20240514;100301;591.85;203;10355744442;B
20240514;100301;591.85;1000;10355744444;B
20240514;100301;591.85;47;10355744445;B
20240514;100301;591.9;169;10355744446;B
20240514;100301;591.9;1;10355744447;B
20240514;100301;591.9;10;10355744448;B
20240514;100301;591.9;373;10355744449;B
20240514;100301;591.9;400;10355744450;B
20240514;100301;591.9;40;10355744455;B
20240514;100301;591.9;20;10355744456;B
20240514;100301;591.9;67;10355744457;B
20240514;100301;591.9;433;10355744458;B
20240514;100301;591.9;267;10355744459;B
20240514;100301;591.9;5;10355744460;B
20240514;100301;591.9;10;10355744461;B
20240514;100301;591.95;169;10355744462;B
20240514;100301;591.95;1;10355744463;B
20240514;100301;591.95;48;10355744464;B
20240514;100301;591.95;10;10355744465;B
20240514;100301;591.95;10;10355744466;B
20240514;100301;591.95;60;10355744467;B
20240514;100301;591.95;20;10355744468;B
20240514;100301;591.95;52;10355744469;B
20240514;100301;591.95;5;10355744470;B
20240514;100301;591.95;1;10355744471;B
20240514;100301;591.95;4;10355744472;B
20240514;100301;591.95;5;10355744473;B
20240514;100301;591.95;8;10355744474;B
20240514;100301;591.95;13;10355744475;B
20240514;100301;591.95;1;10355744476;B
20240514;100301;591.95;2;10355744477;B
20240514;100301;591.95;1;10355744478;B
20240514;100301;592;169;10355744479;B
20240514;100301;592;200;10355744480;B
20240514;100301;592;20;10355744481;B
20240514;100301;592;1;10355744482;B
20240514;100301;592;5;10355744483;B
20240514;100301;592;1;10355744484;B
20240514;100301;592;1;10355744485;B
20240514;100301;592;1;10355744486;B
20240514;100301;592;2;10355744487;B
20240514;100301;592;2;10355744488;B
20240514;100301;592;1;10355744489;B
20240514;100301;592;5;10355744490;B
20240514;100301;592;100;10355744491;B
20240514;100301;592;1;10355744492;B
20240514;100301;592;100;10355744493;B
20240514;100301;592;97;10355744494;B
20240514;100301;592;1;10355744495;B
20240514;100301;592;1;10355744496;B
20240514;100301;592;1050;10355744497;B
20240514;100301;592;1;10355744498;B
20240514;100301;592;1;10355744499;B
20240514;100301;592;10;10355744500;B
20240514;100301;592;1;10355744501;B
20240514;100301;592;250;10355744502;B
20240514;100301;592;1;10355744503;B
20240514;100301;592;100;10355744504;B
20240514;100301;592;100;10355744505;B
20240514;100301;592;1;10355744506;B
20240514;100301;592;1;10355744507;B
20240514;100301;592;1;10355744508;B
20240514;100301;592;1;10355744509;B
20240514;100301;592;3;10355744510;B
20240514;100301;592;8;10355744511;B
20240514;100301;592;3;10355744512;B
20240514;100301;592;9;10355744513;B
20240514;100301;592;1;10355744514;B
20240514;100301;592;9;10355744515;B
20240514;100301;592;1;10355744516;B
20240514;100301;592;1;10355744517;B
20240514;100301;592;1;10355744518;B
20240514;100301;592;600;10355744519;B
20240514;100301;592;4;10355744520;B
20240514;100301;592;1;10355744521;B
20240514;100301;592;10;10355744522;B
20240514;100301;592;1;10355744523;B
20240514;100301;592;30;10355744524;B
20240514;100301;592;100;10355744532;B
20240514;100301;592;370;10355744533;B
20240514;100301;592;2;10355744534;B
20240514;100301;592;1;10355744535;B
20240514;100301;592;2;10355744536;B
20240514;100301;592;1;10355744537;B
20240514;100301;592;8;10355744538;B
20240514;100301;592;216;10355744539;B
20240514;100301;592;84;10355744541;B
20240514;100301;592;10;10355744542;B
20240514;100301;592;55;10355744543;B
20240514;100301;592;100;10355744544;B
20240514;100301;592;53;10355744545;B
20240514;100301;592;1;10355744546;B
20240514;100301;592;80;10355744547;B
20240514;100301;592;1;10355744548;B
20240514;100301;592;2;10355744549;B
20240514;100301;592;10;10355744550;B
20240514;100301;592;25;10355744551;B
20240514;100301;592;5;10355744552;B
20240514;100301;592;1;10355744553;B
20240514;100301;592;137;10355744554;B
20240514;100301;592;5;10355744555;B
20240514;100301;592;19;10355744556;B
20240514;100301;592;1;10355744557;B
20240514;100301;592;50;10355744558;B
20240514;100301;592;190;10355744559;B
20240514;100301;592;30;10355744560;B
20240514;100301;592;1;10355744561;B
20240514;100301;592;10;10355744562;B
20240514;100301;592;5;10355744563;B
20240514;100301;592;1;10355744564;B
20240514;100301;592;10;10355744565;B
20240514;100301;592;10;10355744566;B
20240514;100301;592;1;10355744567;B
20240514;100301;592;10;10355744568;B
20240514;100301;592;1;10355744569;B
20240514;100301;592.05;169;10355744570;B
20240514;100301;592.05;1;10355744571;B
20240514;100301;592.05;1;10355744572;B
20240514;100301;592.05;2;10355744573;B
20240514;100301;592.05;2;10355744574;B
20240514;100301;592.05;5;10355744575;B
20240514;100301;592.1;169;10355744576;B
20240514;100301;592.1;1;10355744577;B
20240514;100301;592.1;2;10355744578;B
20240514;100301;592.1;16;10355744579;B
20240514;100301;592.15;169;10355744580;B
20240514;100301;592.15;1;10355744581;B
20240514;100301;592.15;1;10355744582;B
20240514;100301;592.15;1;10355744583;B
20240514;100301;592.15;1;10355744584;B
20240514;100301;592.15;123;10355744585;B
20240514;100301;592.15;36;10355744586;B
20240514;100301;592.15;100;10355744587;B
20240514;100301;592.2;169;10355744588;B
20240514;100301;592.2;123;10355744589;B
20240514;100301;591.9;100;10355744590;S
20240514;100301;591.95;100;10355744591;S
20240514;100301;592.2;377;10355744592;B
20240514;100301;592.2;373;10355744593;B
20240514;100301;591.95;8;10355744597;S
20240514;100301;592.25;4;10355744599;B
20240514;100301;592.25;2;10355744600;B
20240514;100301;592.25;3;10355744601;B
20240514;100301;592.25;70;10355744602;B
20240514;100301;592.25;1;10355744603;B
20240514;100301;592.3;1;10355744604;B
20240514;100301;592.3;1;10355744605;B
20240514;100301;592.3;4;10355744606;B
20240514;100301;592.3;10;10355744607;B
20240514;100301;592.3;1;10355744608;B
20240514;100301;592.3;30;10355744609;B
20240514;100301;592.3;73;10355744610;B
20240514;100301;592.3;2500;10355744611;B
20240514;100301;592.3;50;10355744618;B
20240514;100301;592.3;50;10355744619;B
20240514;100301;592;1;10355744620;S
20240514;100301;592;176;10355744622;S
20240514;100301;591.95;100;10355744623;S
20240514;100301;591.95;84;10355744624;S
20240514;100301;591.95;113;10355744625;B
20240514;100301;591.95;113;10355744626;B
20240514;100301;591.95;1414;10355744627;B
20240514;100301;591.95;1;10355744628;S
20240514;100301;592.25;84;10355744629;B
20240514;100301;592.3;41;10355744630;B
20240514;100301;592.3;100;10355744631;B
20240514;100301;591.95;176;10355744632;S
20240514;100301;591.95;6;10355744633;S
20240514;100301;592;1;10355744634;S
20240514;100301;592;5;10355744635;S
20240514;100301;592;171;10355744636;S
20240514;100301;592;84;10355744637;S
20240514;100301;591.95;121;10355744638;S
20240514;100301;591.85;821;10355744639;S
20240514;100301;592;1;10355744640;S
20240514;100301;592.3;1;10355744641;B
20240514;100301;592.3;84;10355744642;B
20240514;100301;592;1;10355744647;S
20240514;100301;592.1;1;10355744648;B
20240514;100301;592.15;1;10355744649;B
20240514;100301;592.2;65;10355744650;B
20240514;100301;592.2;1;10355744651;B
20240514;100301;592.3;248;10355744652;B
20240514;100301;592.3;84;10355744653;B
20240514;100301;592.3;500;10355744654;B
20240514;100301;592.3;494;10355744655;B
20240514;100301;592.3;6;10355744656;B
20240514;100301;592;32;10355744657;S
20240514;100301;592;2;10355744658;S
20240514;100301;592;20;10355744659;S
20240514;100301;592.05;100;10355744662;S
20240514;100301;592.1;7;10355744663;S
20240514;100301;592.1;5;10355744664;S
20240514;100301;592.1;27;10355744666;S
20240514;100301;592.1;1;10355744667;S
20240514;100301;592.1;44;10355744668;S
20240514;100301;592.05;100;10355744669;S
20240514;100301;592;120;10355744670;S
20240514;100301;592;177;10355744671;S
20240514;100301;591.8;168;10355744672;S
20240514;100301;591.8;746;10355744673;S
20240514;100301;592.2;84;10355744674;B
20240514;100301;592.25;16;10355744675;B
20240514;100301;591.9;1;10355744684;S
20240514;100301;591.9;40;10355744685;S
20240514;100301;591.85;14;10355744686;S
20240514;100301;591.85;50;10355744687;S
20240514;100301;591.85;1;10355744688;S
20240514;100301;591.85;19;10355744689;S
20240514;100301;591.8;13;10355744690;S
20240514;100301;591.8;24;10355744693;S
20240514;100301;591.8;20;10355744694;S
20240514;100301;591.75;1;10355744695;S
20240514;100301;591.75;1;10355744704;S
20240514;100301;591.85;10;10355744715;B
20240514;100301;592;4;10355744716;B
20240514;100301;592;15;10355744717;B
20240514;100301;592;23;10355744718;B
20240514;100301;592.1;48;10355744719;B
20240514;100301;591.85;1;10355744730;S
20240514;100301;592.2;84;10355744743;B
20240514;100301;592.25;746;10355744744;B
20240514;100301;592.25;177;10355744745;B
20240514;100301;592.3;2893;10355744746;B
20240514;100301;592.3;100;10355744747;B
20240514;100301;592.3;1000;10355744748;B
20240514;100301;591.95;8;10355744757;B
20240514;100301;592;37;10355744770;B
20240514;100301;592;4;10355744771;B
20240514;100301;592;37;10355744774;B
20240514;100301;591.9;150;10355744776;S
20240514;100301;591.9;27;10355744784;S
20240514;100301;591.85;84;10355744785;S
20240514;100301;591.8;168;10355744786;S
20240514;100301;591.75;216;10355744787;S
20240514;100301;592;10;10355744793;B
20240514;100301;592;9;10355744796;B
20240514;100302;592;204;10355744824;B
20240514;100302;592;1;10355744825;B
20240514;100302;592;59;10355744826;B
20240514;100302;592;2;10355744827;B
20240514;100302;592.1;20;10355744828;B
20240514;100302;592.3;2987;10355744829;B
20240514;100302;592.3;170;10355744830;B
20240514;100302;592.3;177;10355744831;B
20240514;100302;592.3;380;10355744832;B
20240514;100302;592;1;10355744834;B
20240514;100302;591.95;90;10355744857;S
20240514;100302;592.15;1;10355744870;B
20240514;100302;592;5;10355744879;B
20240514;100302;592.15;4;10355744880;B
20240514;100302;592;25;10355744892;B
20240514;100302;592;2;10355744893;B
20240514;100302;592;2;10355744919;S
20240514;100302;592;1;10355744920;S
20240514;100302;592;1;10355744932;S
20240514;100302;592;1;10355744933;S
20240514;100302;592;17;10355744934;S
20240514;100302;592;2;10355744941;S
20240514;100302;592;201;10355744946;S
20240514;100302;592;1;10355744947;S
20240514;100302;592;63;10355744948;S
20240514;100302;592;37;10355744949;S
20240514;100302;592;7;10355744950;S
20240514;100302;592;4;10355744951;S
20240514;100302;592;2;10355744952;S
20240514;100302;592;4;10355744954;S
20240514;100302;592;123;10355744955;S
20240514;100302;592;77;10355744956;S
20240514;100302;592;1;10355744964;S
20240514;100302;592.15;170;10355744973;B
20240514;100302;592.2;500;10355744974;B
20240514;100302;592.2;84;10355744975;B
20240514;100302;592.2;177;10355744976;B
20240514;100302;592.2;10;10355744977;B
20240514;100302;592.25;1;10355744978;B
20240514;100302;592.25;1;10355744979;B
20240514;100302;592.3;57;10355744980;B
20240514;100302;592.1;1;10355745024;S
20240514;100302;592.1;10;10355745028;S
20240514;100302;592.1;9;10355745039;S
20240514;100302;592.1;91;10355745040;S
20240514;100302;592.1;10;10355745065;S
20240514;100302;592.2;1;10355745079;B
20240514;100302;592.3;998;10355745080;B
20240514;100302;592.3;1;10355745081;B
20240514;100302;592.15;5;10355745082;S
20240514;100302;592.15;170;10355745083;S
20240514;100302;592.1;25;10355745084;S
20240514;100302;592.1;1;10355745086;S
20240514;100302;592.2;200;10355745087;B
20240514;100302;592.15;100;10355745097;S
20240514;100302;592.15;10;10355745117;B
20240514;100302;592.15;40;10355745118;B
20240514;100302;592.2;100;10355745119;B
20240514;100302;592.3;20;10355745120;B
20240514;100303;592.15;45;10355745163;S
20240514;100303;592.15;10;10355745165;S
20240514;100303;592.15;15;10355745187;S
20240514;100303;592.2;10;10355745195;B
20240514;100303;592.3;14;10355745196;B
20240514;100303;592.3;17;10355745197;B
20240514;100303;592.15;5;10355745198;S
20240514;100303;592.15;14;10355745200;S
20240514;100303;592.15;1;10355745201;S
20240514;100303;592.15;1;10355745203;S
20240514;100303;592.3;9;10355745206;B
20240514;100303;592.3;75;10355745207;B
20240514;100303;592.15;2;10355745208;S
20240514;100303;592.15;80;10355745210;S
20240514;100303;592.3;10;10355745211;B
20240514;100303;592.15;59;10355745214;S
20240514;100303;592.15;20;10355745215;S
20240514;100303;592.1;90;10355745216;S
20240514;100303;592.1;3;10355745217;S
20240514;100303;592.1;2;10355745221;S
20240514;100303;592.1;1;10355745223;S
20240514;100303;592.1;10;10355745224;S
20240514;100303;592.1;1;10355745225;S
20240514;100303;592.1;68;10355745230;S
20240514;100303;592.1;10;10355745232;S
20240514;100303;592.1;4;10355745233;S
20240514;100303;592.1;10;10355745236;S
20240514;100303;592.1;1;10355745239;S
20240514;100303;592.25;1;10355745277;B
20240514;100303;592.3;997;10355745278;B
20240514;100303;592.3;2;10355745279;B
20240514;100303;592.3;1;10355745356;B
20240514;100304;592.2;20;10355745405;S
20240514;100304;592.3;400;10355745424;B
20240514;100304;592.3;1;10355745429;B
20240514;100304;592.3;150;10355745508;B
20240514;100304;592.3;5;10355745513;B
20240514;100304;592.2;177;10355745580;S
20240514;100304;592.2;50;10355745581;S
20240514;100304;592.2;3;10355745582;S
20240514;100304;592.2;100;10355745584;B
20240514;100304;592.15;3;10355745585;S
20240514;100305;592.2;81;10355745596;B
20240514;100305;592.2;100;10355745613;B
20240514;100305;592.15;200;10355745631;S
20240514;100305;592.15;1;10355745642;S
20240514;100305;592.2;10;10355745648;B
20240514;100305;592.15;9;10355745668;S
20240514;100305;592.15;1;10355745689;S
20240514;100305;592.15;6;10355745691;S
20240514;100305;592.2;100;10355745693;B
20240514;100306;592.15;180;10355745722;S
20240514;100306;592.15;2;10355745723;S
20240514;100306;592.15;177;10355745724;S
20240514;100306;592.1;673;10355745725;S
20240514;100306;592.1;750;10355745726;S
20240514;100306;592.05;84;10355745727;S
20240514;100306;592.05;10;10355745728;S
20240514;100306;592.05;200;10355745729;S
20240514;100306;592;4;10355745730;S
20240514;100306;592;100;10355745731;S
20240514;100306;591.95;168;10355745732;S
20240514;100306;591.9;50;10355745733;S
20240514;100306;591.9;2;10355745734;S
20240514;100306;591.9;5;10355745735;S
20240514;100306;591.85;500;10355745736;S
20240514;100306;591.85;168;10355745737;S
20240514;100306;591.8;500;10355745738;S
20240514;100306;591.8;1000;10355745739;S
20240514;100306;591.8;1;10355745740;S
20240514;100306;591.8;10;10355745741;S
20240514;100306;591.8;379;10355745742;S
20240514;100306;591.75;3490;10355745743;S
20240514;100306;591.75;10;10355745744;S
20240514;100306;591.75;193;10355745745;S
20240514;100306;592;84;10355745748;B
20240514;100306;592;170;10355745749;B
20240514;100306;592;119;10355745750;B
20240514;100306;592.1;1;10355745836;B
20240514;100308;591.95;1;10355746055;S
20240514;100308;591.95;14;10355746056;B
20240514;100308;591.95;96;10355746057;B
20240514;100308;591.8;2;10355746078;S
20240514;100308;591.95;3;10355746189;B
20240514;100309;591.95;1;10355746237;B
20240514;100309;591.95;1;10355746286;B
20240514;100309;591.95;49;10355746287;B
20240514;100310;591.8;29;10355746377;S
20240514;100310;591.85;2;10355746380;B
20240514;100310;591.85;2;10355746387;B
20240514;100311;591.85;28;10355746537;B
20240514;100311;591.95;72;10355746538;B
20240514;100311;591.95;100;10355746576;B
20240514;100311;591.8;10;10355746648;S
20240514;100312;592;2;10355746714;B
20240514;100312;592;122;10355746715;B
20240514;100312;592;228;10355746718;B
20240514;100312;592;10;10355746719;B
20240514;100312;592;5;10355746720;B
20240514;100312;592;5;10355746721;B
20240514;100312;592;177;10355746722;B
20240514;100312;592;5;10355746723;B
20240514;100312;592;5;10355746724;B
20240514;100312;592.05;1;10355746725;B
20240514;100312;592.05;2;10355746726;B
20240514;100312;592.05;110;10355746727;B
20240514;100312;592.1;50;10355746728;B
20240514;100312;592.1;2;10355746729;B
20240514;100312;592;5;10355746788;B
20240514;100312;592;5;10355746789;B
20240514;100313;591.95;1;10355746883;B
20240514;100313;591.95;9;10355746907;B
20240514;100313;592;5;10355746908;B
20240514;100313;592;2;10355746909;B
20240514;100313;592.1;177;10355746910;B
20240514;100313;592.1;1;10355746911;B
20240514;100313;592.15;6;10355746912;B
20240514;100313;591.9;3;10355746915;S
20240514;100313;591.95;25;10355747067;B
20240514;100314;591.95;25;10355747187;B
20240514;100314;591.95;86;10355747283;B
20240514;100314;592.1;177;10355747284;B
20240514;100314;592.15;374;10355747285;B
20240514;100314;592.15;108;10355747286;B
20240514;100314;592.15;100;10355747287;B
20240514;100314;592.2;155;10355747288;B
20240514;100314;592;5;10355747313;S
20240514;100314;592;5;10355747336;S
20240514;100315;592;5;10355747478;B
20240514;100315;592.05;5;10355747518;S
20240514;100315;592.05;5;10355747554;S
20240514;100316;592.1;5;10355747641;B
20240514;100316;592.1;35;10355747660;B
20240514;100316;592.15;31;10355747661;B
20240514;100316;592.1;1;10355747763;B
20240514;100316;592.05;1;10355747835;S
20240514;100317;592.1;1;10355747840;B
20240514;100317;592.1;177;10355747841;B
20240514;100317;592.1;8;10355747842;B
20240514;100317;592.1;5;10355747843;B
20240514;100317;592.15;9;10355747844;B
20240514;100317;592.05;106;10355747847;S
20240514;100317;592.05;146;10355747848;S
20240514;100317;592;254;10355747849;S
20240514;100317;592.2;13;10355747857;B
20240514;100318;592.05;16;10355748028;B
20240514;100318;592.1;5;10355748029;B
20240514;100318;592.1;177;10355748030;B
20240514;100318;592.2;211;10355748031;B
20240514;100318;592.2;100;10355748032;B
20240514;100318;592.25;1;10355748033;B
20240514;100318;592.25;10;10355748034;B
20240514;100318;592.25;50;10355748035;B
20240514;100318;592.25;100;10355748036;B
20240514;100318;592.3;130;10355748037;B
20240514;100319;592.1;48;10355748270;B
20240514;100319;592.1;5;10355748271;B
20240514;100319;592.15;15;10355748272;B
20240514;100319;592.25;32;10355748273;B
20240514;100319;592.3;50;10355748302;B
20240514;100319;592.3;201;10355748307;B
20240514;100319;592.3;299;10355748308;B
20240514;100320;592.3;451;10355748348;B
20240514;100320;592.3;300;10355748349;B
20240514;100320;592.3;57;10355748350;B
20240514;100320;592.25;11;10355748351;S
20240514;100320;592.25;4;10355748390;S
20240514;100321;592.3;1000;10355748472;B
20240514;100321;592.3;5;10355748487;B
20240514;100321;592.3;168;10355748496;B
20240514;100321;592.25;5;10355748520;S
20240514;100321;592.25;1;10355748524;S
20240514;100321;592.3;1000;10355748546;B
20240514;100321;592.3;2000;10355748555;B
20240514;100322;592.3;200;10355748587;B
20240514;100322;592.3;150;10355748589;B
20240514;100322;592.3;1;10355748617;B
20240514;100322;592.3;60;10355748648;B
20240514;100322;592.3;10;10355748656;B
20240514;100322;592.3;6;10355748680;B
20240514;100322;592.25;1;10355748683;S
20240514;100323;592.3;10;10355748684;B
20240514;100323;592.25;2;10355748685;S
20240514;100323;592.25;1;10355748694;S
20240514;100323;592.25;1;10355748699;S
20240514;100323;592.3;100;10355748711;B
20240514;100323;592.3;2;10355748718;B
20240514;100323;592.3;4900;10355748789;B
20240514;100323;592.3;100;10355748790;B
20240514;100323;592.3;120;10355748795;B
20240514;100324;592.3;2;10355748915;B
20240514;100324;592.3;1;10355748925;B
20240514;100324;592.3;20;10355748927;B
20240514;100324;592.25;10;10355748966;S
20240514;100324;592.25;10;10355748967;S
20240514;100324;592.25;1;10355748968;S
20240514;100324;592.3;3;10355748980;B
20240514;100324;592.3;898;10355748981;B
20240514;100324;592.3;1;10355748982;B
20240514;100324;592.3;1;10355748983;B
20240514;100324;592.3;200;10355748986;B
20240514;100325;592.3;1;10355749002;B
20240514;100325;592.25;5;10355749039;S
20240514;100325;592.25;10;10355749118;S
20240514;100325;592.3;50;10355749124;B
20240514;100326;592.3;50;10355749219;B
20240514;100326;592.25;10;10355749244;S
20240514;100326;592.3;5;10355749265;B
20240514;100327;592.3;91;10355749360;B
20240514;100327;592.3;10;10355749361;B
20240514;100327;592.3;594;10355749362;B
20240514;100327;592.3;6;10355749414;B
20240514;100327;592.3;10;10355749415;B
20240514;100327;592.3;10;10355749416;B
20240514;100327;592.3;373;10355749417;B
20240514;100327;592.3;127;10355749434;B
20240514;100327;592.3;41;10355749435;B
20240514;100327;592.3;5;10355749437;B
20240514;100328;592.3;29;10355749477;B
20240514;100328;592.25;167;10355749481;S
20240514;100328;592.25;1;10355749482;S
20240514;100328;592.25;100;10355749483;S
20240514;100328;592.25;379;10355749484;S
20240514;100328;592.25;10;10355749485;S
20240514;100328;592.25;50;10355749486;S
20240514;100328;592.2;1;10355749487;S
20240514;100328;592.2;104;10355749488;S
20240514;100328;592.1;174;10355749489;S
20240514;100328;592.1;100;10355749490;S
20240514;100328;592.1;200;10355749491;S
20240514;100328;592.05;84;10355749492;S
20240514;100328;592.05;1260;10355749493;S
20240514;100328;592.3;10;10355749532;B
20240514;100328;592.3;100;10355749537;B
20240514;100328;592.25;1;10355749691;B
20240514;100329;592.25;3;10355749713;B
20240514;100329;592.15;300;10355749727;S
20240514;100329;592.25;1;10355749730;B
20240514;100329;592.25;20;10355749731;B
20240514;100329;592.3;685;10355749732;B
20240514;100329;592.3;84;10355749733;B
20240514;100329;592.3;10;10355749734;B
20240514;100329;592.3;200;10355749735;B
20240514;100329;592.3;12;10355749771;B
20240514;100329;592.3;250;10355749775;B
20240514;100329;592.25;1;10355749782;B
20240514;100329;592.3;24;10355749783;B
20240514;100330;592.3;50;10355749965;B
20240514;100331;592.3;6;10355750031;B
20240514;100332;592.3;989;10355750186;B
20240514;100332;592.3;10;10355750187;B
20240514;100332;592.3;1;10355750188;B
20240514;100332;592.3;499;10355750248;B
20240514;100332;592.3;1;10355750249;B
20240514;100332;592.25;3;10355750281;S
20240514;100333;592.3;1;10355750393;B
20240514;100333;592.25;17;10355750479;S
20240514;100333;592.25;33;10355750480;S
20240514;100334;592.3;100;10355750640;B
20240514;100334;592.3;1;10355750677;B
20240514;100334;592.3;1048;10355750780;B
20240514;100334;592.3;3;10355750781;B
20240514;100334;592.3;60;10355750782;B
20240514;100334;592.3;100;10355750801;B
20240514;100335;592.3;86;10355750819;B
20240514;100335;592.3;1;10355750826;B
20240514;100335;592.3;250;10355750862;B
20240514;100335;592.3;421;10355750889;B
20240514;100335;592.3;379;10355750890;B
20240514;100335;592.3;1621;10355750897;B
20240514;100335;592.3;379;10355750898;B
20240514;100335;592.3;50;10355750922;S
20240514;100335;592.35;5;10355750927;B
20240514;100335;592.35;250;10355750928;B
20240514;100335;592.35;4;10355750929;B
20240514;100335;592.4;1;10355750930;B
20240514;100335;592.4;125;10355750931;B
20240514;100335;592.4;1;10355750932;B
20240514;100335;592.4;85;10355750933;B
20240514;100335;592.4;169;10355750934;B
20240514;100335;592.4;50;10355750935;B
20240514;100335;592.45;1;10355750936;B
20240514;100335;592.45;1;10355750937;B
20240514;100335;592.45;10;10355750938;B
20240514;100335;592.45;1;10355750939;B
20240514;100335;592.45;8;10355750940;B
20240514;100335;592.45;1;10355750941;B
20240514;100335;592.45;16;10355750942;B
20240514;100335;592.45;10;10355750943;B
20240514;100335;592.45;103;10355750944;B
20240514;100335;592.5;1;10355750945;B
20240514;100335;592.5;2;10355750946;B
20240514;100335;592.5;2;10355750947;B
20240514;100335;592.5;1;10355750948;B
20240514;100335;592.5;5;10355750949;B
20240514;100335;592.5;1;10355750950;B
20240514;100335;592.5;2;10355750951;B
20240514;100335;592.5;100;10355750952;B
20240514;100335;592.5;1;10355750953;B
20240514;100335;592.5;30;10355750954;B
20240514;100335;592.5;1;10355750955;B
20240514;100335;592.5;1;10355750956;B
20240514;100335;592.5;35;10355750957;B
20240514;100335;592.5;35;10355750964;B
20240514;100335;592.5;14;10355750965;B
20240514;100335;592.5;2899;10355750966;B
20240514;100335;592.5;50;10355750967;B
20240514;100335;592.5;1;10355750968;B
20240514;100335;592.5;1;10355750969;B
20240514;100335;592.5;20;10355750972;B
20240514;100335;592.5;200;10355750973;B
20240514;100335;592.5;10;10355750999;B
20240514;100335;592.5;2500;10355751001;B
20240514;100335;592.5;500;10355751002;B
20240514;100335;592.3;6;10355751008;S
20240514;100336;592.5;84;10355751017;B
20240514;100336;592.25;1;10355751022;S
20240514;100336;592.25;7;10355751038;S
20240514;100336;592.25;9;10355751039;S
20240514;100336;592.4;1;10355751040;B
20240514;100336;592.5;7;10355751041;B
20240514;100336;592.5;1;10355751087;B
20240514;100336;592.5;79;10355751088;B
20240514;100336;592.5;6;10355751089;B
20240514;100336;592.5;1;10355751091;B
20240514;100336;592.5;2500;10355751101;B
20240514;100336;592.35;20;10355751107;S
20240514;100336;592.35;4;10355751120;S
20240514;100336;592.4;28;10355751177;S
20240514;100336;592.4;22;10355751178;S
20240514;100336;592.4;1;10355751180;S
20240514;100336;592.4;19;10355751182;S
20240514;100336;592.4;61;10355751186;B
20240514;100336;592.45;127;10355751187;B
20240514;100336;592.5;611;10355751188;B
20240514;100336;592.5;1;10355751189;B
20240514;100336;592.35;742;10355751194;S
20240514;100336;592.5;329;10355751195;B
20240514;100336;592.5;177;10355751196;B
20240514;100336;592.5;300;10355751197;B
20240514;100336;592.5;10000;10355751198;B
20240514;100336;592.5;51;10355751199;B
20240514;100336;592.5;100;10355751200;B
20240514;100336;592.5;2000;10355751201;B
20240514;100336;592.35;35;10355751202;S
20240514;100336;592.45;50;10355751204;B
20240514;100336;592.5;3325;10355751205;B
20240514;100336;592.5;520;10355751206;B
20240514;100336;592.5;170;10355751207;B
20240514;100336;592.5;688;10355751208;B
20240514;100336;592.55;1;10355751209;B
20240514;100336;592.55;1;10355751210;B
20240514;100336;592.55;1;10355751211;B
20240514;100336;592.55;2;10355751212;B
20240514;100336;592.55;10;10355751213;B
20240514;100336;592.55;1;10355751214;B
20240514;100336;592.6;154;10355751215;B
20240514;100336;592.6;10;10355751216;B
20240514;100336;592.5;1;10355751217;S
20240514;100336;592.5;1;10355751218;S
20240514;100336;592.5;1;10355751219;S
20240514;100336;592.5;1;10355751220;S
20240514;100336;592.6;500;10355751221;B
20240514;100336;592.5;1;10355751222;S
20240514;100336;592.6;175;10355751223;B
20240514;100336;592.5;500;10355751224;S
20240514;100336;592.5;1;10355751225;S
20240514;100336;592.5;806;10355751226;S
20240514;100336;592.5;177;10355751227;S
20240514;100336;592.45;200;10355751228;S
20240514;100336;592.45;102;10355751229;S
20240514;100336;592.45;400;10355751230;B
20240514;100336;592.35;1;10355751231;S
20240514;100336;592.35;40;10355751232;S
20240514;100336;592.4;1;10355751233;B
20240514;100336;592.4;50;10355751234;B
20240514;100336;592.4;4;10355751235;B
20240514;100336;592.45;145;10355751236;B
20240514;100336;592.45;170;10355751237;B
20240514;100336;592.45;1;10355751238;B
20240514;100336;592.5;2;10355751239;B
20240514;100336;592.5;1;10355751240;B
20240514;100336;592.6;6;10355751241;B
20240514;100336;592.6;100;10355751242;B
20240514;100336;592.6;6;10355751243;B
20240514;100336;592.6;5;10355751244;B
20240514;100336;592.6;30;10355751245;B
20240514;100336;592.6;1;10355751246;B
20240514;100336;592.6;1;10355751247;B
20240514;100336;592.35;5;10355751248;S
20240514;100336;592.5;16;10355751249;S
20240514;100336;592.5;1;10355751250;S
20240514;100336;592.55;69;10355751251;S
20240514;100336;592.6;12;10355751252;B
20240514;100336;592.6;1;10355751253;B
20240514;100336;592.6;1;10355751254;B
20240514;100336;592.6;2;10355751255;B
20240514;100336;592.6;10;10355751256;B
20240514;100336;592.6;24;10355751257;B
20240514;100336;592.6;176;10355751261;B
20240514;100336;592.6;8;10355751262;B
20240514;100336;592.6;177;10355751263;B
20240514;100336;592.65;1;10355751264;B
20240514;100336;592.65;5;10355751265;B
20240514;100336;592.65;16;10355751266;B
20240514;100336;592.65;101;10355751267;B
20240514;100336;592.65;16;10355751268;B
20240514;100336;592.65;154;10355751269;B
20240514;100336;592.65;46;10355751270;B
20240514;100336;592.55;1;10355751272;S
20240514;100336;592.7;1;10355751274;B
20240514;100336;592.7;180;10355751275;B
20240514;100336;592.7;46;10355751276;B
20240514;100336;592.55;5;10355751281;S
20240514;100336;592.7;1;10355751283;B
20240514;100336;592.7;453;10355751289;B
20240514;100336;592.7;10;10355751290;B
20240514;100336;592.7;10;10355751291;B
20240514;100336;592.7;27;10355751292;B
20240514;100337;592.7;168;10355751295;B
20240514;100337;592.75;1;10355751302;B
20240514;100337;592.75;2;10355751303;B
20240514;100337;592.75;1;10355751304;B
20240514;100337;592.75;2;10355751305;B
20240514;100337;592.75;15;10355751306;B
20240514;100337;592.75;1;10355751307;B
20240514;100337;592.75;1;10355751308;B
20240514;100337;592.75;47;10355751309;B
20240514;100337;592.75;9;10355751310;B
20240514;100337;592.8;1;10355751311;B
20240514;100337;592.8;1;10355751312;B
20240514;100337;592.8;21;10355751313;B
20240514;100337;592.8;1;10355751314;B
20240514;100337;592.8;30;10355751315;B
20240514;100337;592.8;1;10355751316;B
20240514;100337;592.8;40;10355751317;B
20240514;100337;592.8;105;10355751318;B
20240514;100337;592.8;177;10355751321;B
20240514;100337;592.85;1;10355751322;B
20240514;100337;592.85;342;10355751323;B
20240514;100337;592.6;4;10355751333;S
20240514;100337;592.6;1;10355751338;S
20240514;100337;592.8;1;10355751347;B
20240514;100337;592.8;6;10355751357;B
20240514;100337;592.8;2;10355751358;B
20240514;100337;592.8;168;10355751360;B
20240514;100337;592.85;7;10355751361;B
20240514;100337;592.65;10;10355751368;S
20240514;100337;592.65;170;10355751369;S
20240514;100337;592.6;5;10355751370;S
20240514;100337;592.6;1;10355751371;S
20240514;100337;592.6;300;10355751372;S
20240514;100337;592.6;100;10355751373;S
20240514;100337;592.6;50;10355751374;S
20240514;100337;592.55;25;10355751375;S
20240514;100337;592.55;84;10355751376;S
20240514;100337;592.55;5;10355751377;S
20240514;100337;592.55;5;10355751378;S
20240514;100337;592.5;325;10355751379;S
20240514;100337;592.55;20;10355751381;S
20240514;100337;592.65;8;10355751403;S
20240514;100337;592.8;15;10355751404;B
20240514;100337;592.8;47;10355751405;B
20240514;100337;592.8;54;10355751406;B
20240514;100337;592.8;76;10355751407;B
20240514;100337;592.8;84;10355751408;B
20240514;100337;592.85;100;10355751412;B
20240514;100337;592.85;51;10355751413;B
20240514;100337;592.85;1;10355751414;B
20240514;100337;592.85;2;10355751415;B
20240514;100337;592.85;169;10355751416;B
20240514;100337;592.85;3;10355751417;B
20240514;100337;592.85;20;10355751418;B
20240514;100337;592.85;2;10355751419;B
20240514;100337;592.85;52;10355751420;B
20240514;100337;592.8;1;10355751422;S
20240514;100337;592.85;4;10355751423;B
20240514;100337;592.85;323;10355751425;B
20240514;100337;592.85;127;10355751426;B
20240514;100337;592.85;5;10355751427;B
20240514;100337;592.85;110;10355751428;B
20240514;100337;592.85;3;10355751431;B
20240514;100337;592.85;21;10355751432;B
20240514;100337;592.85;10;10355751433;B
20240514;100337;592.85;24;10355751434;B
20240514;100337;592.85;76;10355751435;B
20240514;100337;592.85;20;10355751440;B
20240514;100337;592.8;1;10355751441;S
20240514;100337;592.85;8;10355751444;B
20240514;100337;592.8;2;10355751446;S
20240514;100337;592.85;16;10355751447;B
