<DATE>;<TIME>;<LAST>;<VOL>;<ID>;<OPER>
20240515;095934;590.75;3;10373813816;B
20240515;095934;590.75;6;10373813817;S
20240515;095934;590.75;1;10373813818;B
20240515;095934;590.75;2;10373813819;S
20240515;095934;590.75;1;10373813820;S
20240515;095934;590.75;3;10373813821;B
20240515;095934;590.75;44;10373813822;B
20240515;095934;590.75;5;10373813823;S
20240515;095934;590.75;1;10373813824;S
20240515;095934;590.75;28;10373813825;S
20240515;095934;590.75;1;10373813826;S
20240515;095934;590.75;1;10373813827;S
20240515;095934;590.75;3;10373813828;B
20240515;095934;590.75;17;10373813829;B
20240515;095934;590.75;3;10373813830;B
20240515;095934;590.75;12;10373813831;S
20240515;095934;590.75;3;10373813832;S
20240515;095934;590.75;44;10373813833;S
20240515;095934;590.75;7;10373813834;S
20240515;095934;590.75;2;10373813835;S
20240515;095934;590.75;6;10373813836;S
20240515;095934;590.75;2;10373813837;B
20240515;095934;590.75;5;10373813838;B
20240515;095934;590.75;2;10373813839;B
20240515;095934;590.75;1;10373813840;B
20240515;095934;590.75;2;10373813841;B
20240515;095934;590.75;2;10373813842;S
20240515;095934;590.75;2;10373813843;B
20240515;095934;590.75;1;10373813844;B
20240515;095934;590.75;1;10373813845;B
20240515;095934;590.75;11;10373813846;B
20240515;095934;590.75;13;10373813847;B
20240515;095934;590.75;2;10373813848;B
20240515;095934;590.75;1;10373813849;B
20240515;095934;590.75;20;10373813850;B
20240515;095934;590.75;7;10373813851;B
20240515;095934;590.75;15;10373813852;B
20240515;095934;590.75;5;10373813853;B
20240515;095934;590.75;7;10373813854;B
20240515;095934;590.75;1;10373813855;B
20240515;095934;590.75;5;10373813856;S
20240515;095934;590.75;2;10373813857;B
20240515;095934;590.75;2;10373813858;B
20240515;095934;590.75;1;10373813859;B
20240515;095934;590.75;1;10373813860;B
20240515;095934;590.75;9;10373813861;B
20240515;095934;590.75;1;10373813862;B
20240515;095934;590.75;1;10373813863;B
20240515;095934;590.75;3;10373813864;B
20240515;095934;590.75;2;10373813865;B
20240515;095934;590.75;1;10373813866;B
20240515;095934;590.75;1;10373813867;B
20240515;095934;590.75;6;10373813868;B
20240515;095934;590.75;2;10373813869;B
20240515;095934;590.75;1;10373813870;B
20240515;095934;590.75;2;10373813871;B
20240515;095934;590.75;2;10373813872;B
20240515;095934;590.75;1;10373813873;B
20240515;095934;590.75;2;10373813874;B
20240515;095934;590.75;4;10373813875;B
20240515;095934;590.75;2;10373813876;B
20240515;095934;590.75;1;10373813877;B
20240515;095934;590.75;3;10373813878;B
20240515;095934;590.75;1;10373813879;B
20240515;095934;590.75;340;10373813880;B
20240515;095934;590.75;5;10373813881;B
20240515;095934;590.75;34;10373813882;B
20240515;095934;590.75;1;10373813883;S
20240515;095934;590.75;10;10373813884;S
20240515;095934;590.75;11;10373813885;S
20240515;095934;590.75;30;10373813886;S
20240515;095934;590.75;3;10373813887;S
20240515;095934;590.75;550;10373813888;B
20240515;095934;590.75;10;10373813889;B
20240515;095934;590.75;1;10373813890;B
20240515;095934;590.75;3;10373813891;B
20240515;095934;590.75;7;10373813892;B
20240515;095934;590.75;2;10373813893;B
20240515;095934;590.75;11;10373813894;B
20240515;095934;590.75;44;10373813895;B
20240515;095934;590.75;84;10373813896;B
20240515;095934;590.75;54;10373813897;S
20240515;095934;590.75;11;10373813898;S
20240515;095934;590.75;1;10373813899;S
20240515;095934;590.75;7;10373813900;S
20240515;095934;590.75;1;10373813901;S
20240515;095934;590.75;3;10373813902;S
20240515;095934;590.75;18;10373813903;B
20240515;095934;590.75;1;10373813904;B
20240515;095934;590.75;3;10373813905;B
20240515;095934;590.75;70;10373813906;B
20240515;095934;590.75;130;10373813907;B
20240515;095934;590.75;1;10373813908;B
20240515;095934;590.75;31;10373813909;B
20240515;095934;590.75;1;10373813910;B
20240515;095934;590.75;1;10373813911;B
20240515;095934;590.75;5;10373813912;B
20240515;095934;590.75;95;10373813913;B
20240515;095934;590.75;74;10373813914;B
20240515;095934;590.75;104;10373813915;B
20240515;095934;590.75;1;10373813916;B
20240515;095934;590.75;10;10373813917;B
20240515;095934;590.75;1;10373813918;B
20240515;095934;590.75;1;10373813919;B
20240515;095934;590.75;1;10373813920;B
20240515;095934;590.75;1;10373813921;B
20240515;095934;590.75;50;10373813922;B
20240515;095934;590.75;100;10373813923;B
20240515;095934;590.75;19;10373813924;B
20240515;095934;590.75;1;10373813925;B
20240515;100000;590.7;100;10373819037;B
20240515;100000;590.65;31;10373819046;B
20240515;100000;590.7;280;10373819047;B
20240515;100000;590.75;100;10373819048;B
20240515;100000;590.75;49;10373819097;B
20240515;100000;590.75;42;10373819314;S
20240515;100000;590.8;3;10373819401;B
20240515;100000;590.8;166;10373819461;B
20240515;100001;590.8;1;10373819594;S
20240515;100001;590.85;2;10373819726;B
20240515;100001;590.85;50;10373819748;B
20240515;100001;590.8;507;10373819778;S
20240515;100002;590.85;4;10373820089;B
20240515;100003;590.85;30;10373820558;B
20240515;100004;590.85;1;10373820954;B
20240515;100004;590.85;2;10373820955;B
20240515;100004;590.85;1;10373820956;B
20240515;100004;590.85;1;10373820957;B
20240515;100004;590.8;2;10373820958;S
20240515;100004;590.8;1;10373820959;S
20240515;100004;590.85;2;10373820960;B
20240515;100004;590.85;5;10373820961;B
20240515;100004;590.85;3;10373820962;B
20240515;100004;590.85;2;10373820963;B
20240515;100004;590.85;2;10373820965;B
20240515;100004;590.8;2;10373820966;S
20240515;100004;590.8;84;10373821031;S
20240515;100004;590.8;26;10373821032;S
20240515;100004;590.75;9;10373821033;S
20240515;100004;590.75;100;10373821034;S
20240515;100004;590.75;100;10373821035;S
20240515;100004;590.75;188;10373821036;S
20240515;100004;590.85;8;10373821102;B
20240515;100004;590.75;1;10373821186;S
20240515;100004;590.85;1;10373821188;B
20240515;100004;590.85;1;10373821190;B
20240515;100004;590.85;5;10373821192;B
20240515;100004;590.75;1;10373821193;S
20240515;100004;590.85;2;10373821195;B
20240515;100004;590.75;2;10373821196;S
20240515;100004;590.75;2;10373821197;S
20240515;100004;590.75;6;10373821199;S
20240515;100004;590.7;25;10373821200;S
20240515;100004;590.85;1;10373821201;B
20240515;100004;590.85;1;10373821202;B
20240515;100004;590.85;2;10373821204;B
20240515;100004;590.7;2;10373821459;S
20240515;100004;590.85;1;10373821464;B
20240515;100004;590.85;4;10373821499;B
20240515;100004;590.7;2;10373821506;S
20240515;100004;590.7;9;10373821510;S
20240515;100004;590.85;1;10373821515;B
20240515;100004;590.7;1;10373821522;S
20240515;100004;590.85;1;10373821527;B
20240515;100005;590.85;1;10373821656;B
20240515;100005;590.85;1;10373821657;B
20240515;100005;590.85;1;10373821660;B
20240515;100005;590.7;1;10373821714;S
20240515;100005;590.7;1;10373821726;S
20240515;100005;590.8;2;10373821733;B
20240515;100005;590.7;8;10373821743;S
20240515;100005;590.8;1;10373821768;B
20240515;100005;590.7;3;10373821769;S
20240515;100005;590.8;1;10373821770;B
20240515;100005;590.7;7;10373821772;S
20240515;100005;590.8;1;10373821773;B
20240515;100005;590.7;5;10373822103;S
20240515;100005;590.85;1;10373822106;B
20240515;100005;590.7;1;10373822109;S
20240515;100005;590.85;2;10373822112;B
20240515;100005;590.7;2;10373822356;S
20240515;100005;590.7;1;10373822357;S
20240515;100005;590.85;1;10373822358;B
20240515;100005;590.85;2;10373822359;B
20240515;100005;590.7;1;10373822360;S
20240515;100005;590.7;10;10373822361;S
20240515;100005;590.7;2;10373822362;S
20240515;100005;590.85;2;10373822363;B
20240515;100005;590.85;2;10373822364;B
20240515;100005;590.7;2;10373822365;S
20240515;100005;590.7;2;10373822367;S
20240515;100005;590.75;10;10373822971;B
20240515;100005;590.7;2;10373822977;S
20240515;100005;590.75;10;10373822984;B
20240515;100005;590.75;2;10373822987;B
20240515;100005;590.75;1;10373822992;B
20240515;100005;590.7;1;10373823001;S
20240515;100005;590.7;2;10373823006;S
20240515;100005;590.75;2;10373823010;B
20240515;100005;590.7;2;10373823448;S
20240515;100005;590.75;1;10373823450;B
20240515;100005;590.75;3;10373823464;B
20240515;100005;590.75;1;10373823468;B
20240515;100005;590.75;2;10373823474;B
20240515;100005;590.75;1;10373823476;B
20240515;100006;590.75;1;10373823585;B
20240515;100006;590.7;1;10373823590;S
20240515;100006;590.75;3;10373823596;B
20240515;100006;590.7;70;10373823611;S
20240515;100006;590.75;1;10373823615;B
20240515;100006;590.75;1;10373823637;B
20240515;100006;590.75;1;10373823643;B
20240515;100006;590.7;2;10373823728;S
20240515;100006;590.7;1;10373823731;S
20240515;100006;590.7;4;10373823746;S
20240515;100006;590.7;2;10373823748;S
20240515;100006;590.7;2;10373823751;S
20240515;100006;590.7;2;10373823752;S
20240515;100006;590.7;1;10373823754;S
20240515;100006;590.7;2;10373823758;S
20240515;100006;590.7;2;10373823764;S
20240515;100006;590.75;1;10373823771;B
20240515;100006;590.75;8;10373823787;B
20240515;100006;590.8;1;10373823788;B
20240515;100006;590.85;1;10373823791;B
20240515;100006;590.8;1;10373823795;B
20240515;100006;590.8;1;10373823798;B
20240515;100006;590.8;1;10373823803;B
20240515;100006;590.8;1;10373823807;B
20240515;100006;590.7;4;10373823813;S
20240515;100006;590.8;2;10373824012;B
20240515;100006;590.8;2;10373824014;B
20240515;100006;590.7;1;10373824018;S
20240515;100006;590.7;1;10373824022;S
20240515;100006;590.8;2;10373824027;B
20240515;100006;590.7;2;10373824032;S
20240515;100006;590.7;2;10373824054;S
20240515;100006;590.7;3;10373824057;S
20240515;100006;590.7;2;10373824165;S
20240515;100006;590.8;2;10373824168;B
20240515;100006;590.7;3;10373824181;S
20240515;100006;590.7;2;10373824185;S
20240515;100006;590.8;1;10373824187;B
20240515;100006;590.7;2;10373824189;S
20240515;100006;590.7;1;10373824190;S
20240515;100006;590.8;1;10373824329;B
20240515;100006;590.8;2;10373824333;B
20240515;100006;590.7;1;10373824335;S
20240515;100006;590.8;1;10373824337;B
20240515;100006;590.8;2;10373824338;B
20240515;100006;590.8;1;10373824345;B
20240515;100006;590.7;1;10373824346;S
20240515;100006;590.7;2;10373824348;S
20240515;100006;590.7;3;10373826622;S
20240515;100006;590.85;2;10373826623;B
20240515;100006;590.7;2;10373826626;S
20240515;100006;590.7;2;10373826627;S
20240515;100006;590.85;2;10373826628;B
20240515;100006;590.85;2;10373826629;B
20240515;100006;590.7;1;10373826633;S
20240515;100006;590.7;2;10373826637;S
20240515;100006;590.85;1;10373826642;B
20240515;100006;590.7;1;10373826646;S
20240515;100006;590.7;1;10373826651;S
20240515;100007;590.7;8;10373826775;S
20240515;100007;590.7;3;10373826778;S
20240515;100007;590.7;1;10373826780;S
20240515;100007;590.85;2;10373826781;B
20240515;100007;590.85;1;10373826784;B
20240515;100007;590.85;1;10373826785;B
20240515;100007;590.85;1;10373826786;B
20240515;100007;590.7;3;10373826787;S
20240515;100007;590.7;8;10373827032;S
20240515;100007;590.7;15;10373827141;S
20240515;100007;590.85;3;10373827476;B
20240515;100007;590.7;2;10373827480;S
20240515;100007;590.7;2;10373827482;S
20240515;100007;590.85;7;10373827488;B
20240515;100007;590.9;3;10373827489;B
20240515;100007;590.9;10;10373827492;B
20240515;100007;590.9;2;10373827498;B
20240515;100007;590.9;1;10373827499;B
20240515;100007;590.9;1;10373827501;B
20240515;100007;590.9;2;10373827503;B
20240515;100007;590.7;2;10373827504;S
20240515;100007;590.9;3;10373827506;B
20240515;100007;590.9;3;10373827508;B
20240515;100007;590.9;1;10373827535;B
20240515;100007;590.9;1;10373827536;B
20240515;100007;590.9;2;10373827539;B
20240515;100007;590.7;1;10373827549;S
20240515;100007;590.7;1;10373827553;S
20240515;100007;590.85;10;10373827555;B
20240515;100007;590.7;3;10373827558;S
20240515;100007;590.7;9;10373827562;S
20240515;100007;590.7;2;10373827564;S
20240515;100007;590.85;2;10373827566;B
20240515;100007;590.85;10;10373827571;B
20240515;100007;590.9;1;10373827724;B
20240515;100007;590.9;1;10373827726;B
20240515;100007;590.7;25;10373827727;S
20240515;100007;590.7;1;10373827728;S
20240515;100007;590.7;1;10373827731;S
20240515;100007;590.9;1;10373827732;B
20240515;100007;590.9;1;10373827733;B
20240515;100008;590.85;10;10373828173;B
20240515;100009;590.7;8;10373828344;S
20240515;100009;590.7;2;10373828399;S
20240515;100010;590.7;108;10373828516;S
20240515;100010;590.7;3;10373828544;S
20240515;100010;590.7;10;10373828567;S
20240515;100010;590.85;13;10373828578;B
20240515;100010;590.85;50;10373828612;B
20240515;100011;590.7;58;10373829142;S
20240515;100011;590.7;159;10373829354;S
20240515;100011;590.8;11;10373829485;B
20240515;100012;590.8;1;10373829568;B
20240515;100012;590.7;1;10373829812;S
20240515;100012;590.7;33;10373829972;S
20240515;100012;590.7;65;10373829973;S
20240515;100012;590.8;20;10373830020;B
20240515;100012;590.85;21;10373830196;B
20240515;100012;590.85;21;10373830197;B
20240515;100012;590.85;12;10373830200;B
20240515;100012;590.85;2;10373830220;B
20240515;100012;590.85;1;10373830222;B
20240515;100016;590.7;1;10373831709;S
20240515;100017;590.7;934;10373831946;S
20240515;100017;590.7;200;10373831947;S
20240515;100017;590.7;100;10373831948;S
20240515;100017;590.7;83;10373831949;S
20240515;100017;590.65;84;10373831950;S
20240515;100017;590.6;34;10373831951;S
20240515;100017;590.45;2;10373831952;S
20240515;100017;590.4;1;10373831953;S
20240515;100017;590.2;4;10373831954;S
20240515;100017;590.15;558;10373831955;S
20240515;100018;590.4;33;10373832114;B
20240515;100018;590.45;8;10373832115;B
20240515;100018;590.7;5;10373832191;B
20240515;100018;590.45;100;10373832198;S
20240515;100019;590.45;359;10373832254;S
20240515;100019;590.45;41;10373832255;S
20240515;100021;590.7;28;10373832876;B
20240515;100021;590.7;40;10373832877;B
20240515;100021;590.75;72;10373832878;B
20240515;100021;590.85;290;10373832879;B
20240515;100021;590.5;1;10373832880;S
20240515;100022;590.8;10;10373833103;B
20240515;100024;590.8;5;10373833439;B
20240515;100024;590.5;1;10373833503;S
20240515;100024;590.5;11;10373833646;S
20240515;100024;590.8;3;10373833743;B
20240515;100024;590.85;206;10373833744;B
20240515;100024;590.85;170;10373833745;B
20240515;100024;590.9;136;10373833746;B
20240515;100024;590.9;219;10373833747;B
20240515;100024;590.9;68;10373833748;B
20240515;100024;590.95;169;10373833749;B
20240515;100024;590.95;2;10373833750;B
20240515;100024;590.95;184;10373833751;B
20240515;100024;591;169;10373833752;B
20240515;100024;591;10;10373833753;B
20240515;100024;591;20;10373833754;B
20240515;100024;591;6;10373833755;B
20240515;100024;591;5;10373833756;B
20240515;100024;591;70;10373833757;B
20240515;100024;591.15;4;10373833758;B
20240515;100024;591.15;500;10373833759;B
20240515;100024;591.2;30;10373833760;B
20240515;100024;591.2;29;10373833761;B
20240515;100024;591.15;13;10373833762;B
20240515;100024;591.2;87;10373833763;B
20240515;100024;591.15;159;10373833764;B
20240515;100024;591.15;11;10373833765;B
20240515;100024;591.15;189;10373833766;S
20240515;100024;591.15;170;10373833803;B
20240515;100024;591.15;30;10373833804;B
20240515;100025;590.6;4;10373834246;B
20240515;100025;590.6;4;10373834258;B
20240515;100025;591;3;10373834259;B
20240515;100025;591;13;10373834260;B
20240515;100026;590.6;60;10373834360;S
20240515;100027;590.6;3;10373834484;S
20240515;100027;591;2;10373834491;B
20240515;100027;590.55;8;10373834641;S
20240515;100028;590.85;8;10373834688;B
20240515;100028;590.85;2;10373834689;B
20240515;100030;590.9;60;10373835195;B
20240515;100030;590.95;100;10373835196;B
20240515;100030;591.1;32;10373835197;B
20240515;100031;591.15;20;10373835430;B
20240515;100031;591.15;11;10373835456;B
20240515;100032;591.15;1290;10373835571;B
20240515;100032;591.15;374;10373835572;B
20240515;100032;591.15;60;10373835573;B
20240515;100032;591.2;84;10373835574;B
20240515;100032;591.2;192;10373835575;B
20240515;100036;591.15;20;10373836690;B
20240515;100038;590.8;13;10373837103;S
20240515;100039;590.95;2;10373837289;B
20240515;100039;591;195;10373837293;B
20240515;100039;591;13;10373837294;B
20240515;100039;591.15;354;10373837377;B
20240515;100039;591.15;170;10373837378;B
20240515;100039;591.2;61;10373837379;B
20240515;100040;591.15;30;10373837493;B
20240515;100041;591.15;50;10373837739;B
20240515;100042;591.15;40;10373837866;B
20240515;100042;591.15;334;10373837943;B
20240515;100042;591.15;170;10373837944;B
20240515;100042;591.2;877;10373837945;B
20240515;100042;591.2;516;10373837946;B
20240515;100042;591.2;103;10373837947;B
20240515;100044;591.2;84;10373838297;B
20240515;100046;591.2;4;10373838632;B
20240515;100047;591.2;1;10373838760;B
20240515;100048;591.2;324;10373838853;B
20240515;100048;591.2;476;10373838854;B
20240515;100049;591.2;40;10373839019;B
20240515;100049;591.2;128;10373839020;B
20240515;100049;591.25;168;10373839021;B
20240515;100049;591.25;3;10373839022;B
20240515;100049;591.3;168;10373839023;B
20240515;100049;591.35;168;10373839024;B
20240515;100049;591.4;168;10373839025;B
20240515;100049;591.4;5;10373839026;B
20240515;100049;591.4;3;10373839027;B
20240515;100049;591.45;168;10373839028;B
20240515;100049;591.45;1000;10373839029;B
20240515;100049;591.5;168;10373839030;B
20240515;100049;591.5;30;10373839031;B
20240515;100049;591.5;100;10373839032;B
20240515;100049;591.55;168;10373839033;B
20240515;100049;591.6;168;10373839034;B
20240515;100049;591.6;1;10373839035;B
20240515;100049;591.65;168;10373839036;B
20240515;100049;591.7;168;10373839037;B
20240515;100049;591.75;410;10373839038;B
20240515;100049;591.75;5;10373839039;B
20240515;100049;591.8;1;10373839040;B
20240515;100049;591.8;10;10373839041;B
20240515;100049;591.85;1;10373839042;B
20240515;100049;591.85;1;10373839043;B
20240515;100049;591.85;2;10373839044;B
20240515;100049;591.85;100;10373839045;B
20240515;100049;591.85;177;10373839046;B
20240515;100049;591.9;700;10373839047;B
20240515;100049;591.9;3228;10373839048;B
20240515;100049;591.95;1;10373839049;B
20240515;100049;591.95;6;10373839050;B
20240515;100049;591.95;1;10373839051;B
20240515;100049;591.95;1;10373839052;B
20240515;100049;591.95;750;10373839053;B
20240515;100049;591.6;177;10373839054;S
20240515;100049;591.6;33;10373839055;S
20240515;100049;591.3;142;10373839056;S
20240515;100049;591.9;33;10373839069;B
20240515;100049;591.9;467;10373839070;B
20240515;100050;591.9;21;10373839552;B
20240515;100050;591.6;30;10373839687;S
20240515;100050;591.7;103;10373839754;S
20240515;100050;591.7;4;10373839780;S
20240515;100050;591.7;70;10373839789;S
20240515;100050;591.7;33;10373839790;S
20240515;100050;591.6;33;10373839797;S
20240515;100050;591.55;37;10373839798;S
20240515;100052;591.2;4;10373840421;S
20240515;100052;591.15;170;10373840422;S
20240515;100052;591.15;374;10373840423;S
20240515;100052;591.1;5;10373840424;S
20240515;100052;591.1;33;10373840425;S
20240515;100052;591.1;177;10373840426;S
20240515;100052;591.05;500;10373840427;S
20240515;100052;591;42;10373840428;S
20240515;100052;591;250;10373840429;S
20240515;100052;591;445;10373840430;S
20240515;100054;591.35;33;10373840620;B
20240515;100054;591.35;7;10373840621;B
20240515;100055;591.3;33;10373840869;B
20240515;100055;591.35;170;10373840870;B
20240515;100055;591.4;224;10373840871;B
20240515;100055;591.45;103;10373840872;B
20240515;100055;591.45;103;10373840873;B
20240515;100055;591.45;103;10373840874;B
20240515;100055;591.75;14;10373840875;B
20240515;100055;591.55;2;10373840936;B
20240515;100055;591.2;9;10373840941;S
20240515;100057;591.45;6;10373841358;B
20240515;100057;591.25;3;10373841407;S
20240515;100057;591.45;27;10373841501;B
20240515;100057;591.5;223;10373841502;B
20240515;100057;591.5;5;10373841526;B
20240515;100058;591.6;2;10373841748;B
20240515;100059;591.6;76;10373841953;B
20240515;100100;591.7;4;10373842343;B
20240515;100101;591.35;37;10373842436;S
20240515;100101;591.7;238;10373842491;B
20240515;100101;591.75;129;10373842492;B
20240515;100101;591.85;63;10373842493;B
20240515;100101;591.9;5;10373842494;B
20240515;100101;591.9;4;10373842495;B
20240515;100101;591.9;500;10373842496;B
20240515;100101;591.9;224;10373842497;B
20240515;100101;591.95;204;10373842498;B
20240515;100101;591.75;177;10373842516;S
20240515;100103;591.65;8;10373842795;B
20240515;100103;591.65;1;10373842814;B
20240515;100103;591.6;1;10373842878;S
20240515;100104;591.5;5;10373843061;B
20240515;100105;591.5;19;10373843085;B
20240515;100105;591.75;1;10373843086;B
20240515;100105;591.75;61;10373843087;B
20240515;100105;591.8;165;10373843088;B
20240515;100105;591.9;315;10373843089;B
20240515;100105;591.95;569;10373843090;B
20240515;100105;591.7;177;10373843112;S
20240515;100105;591.7;33;10373843113;S
20240515;100106;591.6;1;10373843279;B
20240515;100107;591.6;39;10373843655;B
20240515;100107;591.85;60;10373843656;B
20240515;100107;591.9;1;10373843657;B
20240515;100107;591.5;1;10373843686;S
20240515;100108;591.5;19;10373844036;S
20240515;100109;591.6;1;10373844454;B
20240515;100110;591.5;6;10373844738;S
20240515;100110;591.5;167;10373844739;S
20240515;100111;591.55;10;10373845011;B
20240515;100111;591.55;1;10373845012;B
20240515;100111;591.5;1;10373845118;S
20240515;100112;591.6;40;10373845217;B
20240515;100112;591.5;13;10373845289;S
20240515;100112;591.5;19;10373845297;S
20240515;100112;591.4;31;10373845298;S
20240515;100112;591.6;10;10373845365;B
20240515;100112;591.5;67;10373845376;S
20240515;100113;591.5;6;10373845388;S
20240515;100114;591.5;8;10373845593;S
20240515;100114;591.5;2;10373845791;S
20240515;100114;591.55;1;10373845809;B
20240515;100115;591.55;4;10373845879;B
20240515;100115;591.55;5;10373845880;B
20240515;100115;591.6;1;10373845881;B
20240515;100118;591.5;10;10373846495;S
20240515;100119;591.65;32;10373846714;B
20240515;100119;591.65;55;10373846715;B
20240515;100119;591.65;177;10373846716;B
20240515;100119;591.75;250;10373846717;B
20240515;100119;591.9;2;10373846718;B
20240515;100119;591.9;170;10373846719;B
20240515;100119;591.95;314;10373846720;B
20240515;100121;591.95;31;10373847078;B
20240515;100121;591.95;37;10373847079;B
20240515;100121;591.95;1;10373847190;B
20240515;100121;591.95;1;10373847239;B
20240515;100123;591.95;131;10373847441;B
20240515;100123;591.7;177;10373847552;S
20240515;100123;591.7;23;10373847553;S
20240515;100123;591.7;1;10373847616;S
20240515;100124;591.95;1;10373847874;B
20240515;100126;591.95;30;10373848111;B
20240515;100126;591.95;12;10373848112;B
20240515;100126;591.95;56;10373848113;B
20240515;100127;591.85;4;10373848353;S
20240515;100127;591.8;21;10373848354;S
20240515;100129;591.95;1;10373848754;B
20240515;100130;591.8;6;10373848845;S
20240515;100130;591.8;10;10373848936;S
20240515;100130;591.75;6;10373848937;S
20240515;100130;591.75;25;10373848944;S
20240515;100130;591.7;32;10373848945;S
20240515;100130;591.65;51;10373848946;S
20240515;100131;591.5;77;10373849114;S
20240515;100131;591.5;5;10373849115;S
20240515;100131;591.5;170;10373849116;S
20240515;100131;591.5;25;10373849117;S
20240515;100131;591.5;50;10373849118;S
20240515;100131;591.5;51;10373849119;S
20240515;100131;591.5;33;10373849120;S
20240515;100131;591.35;1018;10373849121;S
20240515;100131;591.3;18;10373849122;S
20240515;100131;591.3;500;10373849123;S
20240515;100131;591.25;53;10373849124;S
20240515;100131;591.5;33;10373849232;B
20240515;100131;591.5;177;10373849233;B
20240515;100131;591.55;51;10373849234;B
20240515;100131;591.85;580;10373849235;B
20240515;100132;591.35;4;10373849263;S
20240515;100133;591.6;33;10373849544;B
20240515;100133;591.6;177;10373849545;B
20240515;100133;591.7;50;10373849546;B
20240515;100134;591.95;4;10373849649;B
20240515;100134;592;4;10373849650;B
20240515;100134;592;1;10373849651;B
20240515;100134;592;45;10373849652;B
20240515;100134;592;30;10373849701;B
20240515;100135;591.95;2;10373849891;B
20240515;100136;591.85;19;10373849944;B
20240515;100137;591.8;1;10373850185;S
20240515;100137;591.85;15;10373850277;B
20240515;100138;591.8;8;10373850492;S
20240515;100139;591.9;52;10373850600;B
20240515;100139;591.9;48;10373850601;B
20240515;100139;591.9;1;10373850770;B
20240515;100139;591.9;99;10373850771;B
20240515;100140;591.95;3;10373850780;B
20240515;100140;591.95;50;10373850898;B
20240515;100141;591.95;30;10373851104;B
20240515;100142;592;95;10373851184;B
20240515;100142;592;200;10373851185;B
20240515;100142;592;5;10373851186;B
20240515;100142;592;14;10373851187;B
20240515;100143;592;45;10373851409;B
20240515;100146;591.95;10;10373851922;B
20240515;100146;591.95;2;10373852036;B
20240515;100147;591.95;1;10373852097;B
20240515;100147;592;141;10373852149;B
20240515;100147;592;1;10373852150;B
20240515;100147;592;10;10373852151;B
20240515;100147;592;20;10373852152;B
20240515;100147;592;1;10373852153;B
20240515;100147;592;1;10373852154;B
20240515;100147;592;53;10373852155;B
20240515;100147;592;14;10373852156;B
20240515;100147;592;5;10373852157;B
20240515;100147;592;1;10373852158;B
20240515;100147;592;10;10373852159;B
20240515;100147;592;40;10373852160;B
20240515;100147;592;169;10373852161;B
20240515;100147;592;4;10373852162;B
20240515;100147;592;100;10373852163;B
20240515;100147;592;100;10373852164;B
20240515;100147;592;8;10373852165;B
20240515;100147;592;250;10373852166;B
20240515;100147;592;1;10373852167;B
20240515;100147;592;9;10373852168;B
20240515;100147;592;2;10373852169;B
20240515;100147;592;4;10373852170;B
20240515;100147;592;300;10373852171;B
20240515;100147;592;619;10373852172;B
20240515;100147;592;88;10373852173;B
20240515;100147;592;9;10373852174;B
20240515;100147;592;25;10373852175;B
20240515;100147;592;15;10373852176;B
20240515;100147;592;3;10373852219;B
20240515;100147;592;10;10373852220;B
20240515;100147;592;1;10373852221;B
20240515;100147;592;6;10373852222;B
20240515;100147;592;1;10373852223;B
20240515;100147;592;89;10373852224;B
20240515;100147;592;200;10373852225;B
20240515;100147;592;190;10373852226;B
20240515;100147;592;110;10373852230;B
20240515;100147;592;120;10373852231;B
20240515;100147;591.95;51;10373852246;S
20240515;100148;592;1000;10373852365;B
20240515;100148;592;1000;10373852366;B
20240515;100149;591.95;20;10373852597;S
20240515;100150;591.95;94;10373852630;S
20240515;100151;592;18;10373852917;B
20240515;100151;592;967;10373852969;B
20240515;100151;592;1000;10373852970;B
20240515;100151;592;17;10373852971;B
20240515;100151;592;16;10373852972;B
20240515;100151;592;1;10373853036;B
20240515;100153;592;20;10373853519;B
20240515;100155;592;1;10373853780;B
20240515;100155;591.95;5;10373853807;S
20240515;100156;592;73;10373853933;B
20240515;100156;592;100;10373853934;B
20240515;100156;592;38;10373853935;B
20240515;100156;592;50;10373853978;B
20240515;100156;591.95;7;10373854025;S
20240515;100156;591.95;5;10373854026;S
20240515;100157;592;1;10373854119;B
20240515;100157;591.95;17;10373854211;S
20240515;100158;592;50;10373854291;B
20240515;100158;592;49;10373854322;B
20240515;100158;592;1;10373854323;B
20240515;100158;592;28;10373854347;B
20240515;100158;591.95;4;10373854421;S
20240515;100158;591.95;6;10373854422;S
20240515;100159;591.95;2;10373854539;S
20240515;100159;592;25;10373854542;B
20240515;100159;591.95;17;10373854590;S
20240515;100159;591.95;54;10373854591;S
20240515;100200;591.95;20;10373854913;S
20240515;100201;592;1;10373855036;B
20240515;100201;592;5;10373855038;B
20240515;100202;592;50;10373855200;B
20240515;100202;592;100;10373855201;B
20240515;100202;592;100;10373855202;B
20240515;100202;591.95;74;10373855272;S
20240515;100202;591.95;177;10373855273;S
20240515;100203;591.95;20;10373855383;B
20240515;100203;591.95;1;10373855431;B
20240515;100203;591.9;20;10373855496;S
20240515;100204;591.95;100;10373855728;B
20240515;100204;591.9;40;10373855739;S
20240515;100204;591.95;50;10373855761;B
20240515;100204;591.95;50;10373855794;B
20240515;100204;591.95;50;10373855826;B
20240515;100204;591.95;5;10373855841;B
20240515;100204;591.95;50;10373855851;B
20240515;100204;591.95;50;10373855892;B
20240515;100204;591.95;8;10373855978;B
20240515;100204;591.95;5;10373856060;B
20240515;100205;591.9;10;10373856286;S
20240515;100205;591.9;25;10373856287;S
20240515;100207;591.95;10;10373856575;B
20240515;100207;591.9;1;10373856589;S
20240515;100208;591.95;1;10373856770;B
20240515;100209;591.9;151;10373857065;S
20240515;100209;591.85;49;10373857066;S
20240515;100210;591.95;149;10373857314;B
20240515;100210;592;51;10373857315;B
20240515;100210;591.95;10;10373857529;S
20240515;100211;592;239;10373857734;B
20240515;100211;592;35;10373857735;B
20240515;100211;592;60;10373857736;B
20240515;100211;592.05;169;10373857737;B
20240515;100211;592.05;130;10373857738;B
20240515;100211;592.05;2;10373857739;B
20240515;100211;592.05;52;10373857740;B
20240515;100211;592.1;169;10373857741;B
20240515;100211;592.1;5;10373857742;B
20240515;100211;592.1;139;10373857743;B
20240515;100212;592;500;10373857845;B
20240515;100212;592;2;10373857860;B
20240515;100212;592;15;10373857866;B
20240515;100212;592;9;10373857940;B
20240515;100212;591.95;5;10373857949;S
20240515;100212;591.95;37;10373858046;S
20240515;100212;591.95;4;10373858047;S
20240515;100213;592;20;10373858119;B
20240515;100213;592;454;10373858235;B
20240515;100213;592.05;52;10373858236;B
20240515;100213;592.05;32;10373858237;B
20240515;100213;592.1;61;10373858238;B
20240515;100213;592.1;401;10373858239;B
20240515;100213;591.95;113;10373858329;S
20240515;100214;592.1;100;10373858445;B
20240515;100214;592;10;10373858503;S
20240515;100214;592.1;1;10373858575;B
20240515;100214;592.1;14;10373858593;B
20240515;100214;592.15;169;10373858594;B
20240515;100214;592.15;1;10373858595;B
20240515;100214;592.15;109;10373858596;B
20240515;100215;592.15;3;10373858627;B
20240515;100215;592.05;150;10373858703;S
20240515;100215;592.05;27;10373858712;S
20240515;100215;592.05;51;10373858713;S
20240515;100215;592;40;10373858714;S
20240515;100215;592;1;10373858715;S
20240515;100215;592;5;10373858716;S
20240515;100215;591.95;29;10373858717;S
20240515;100216;592.1;144;10373858905;B
20240515;100216;592.15;88;10373858906;B
20240515;100216;592.15;51;10373858907;B
20240515;100216;592.15;17;10373858908;B
20240515;100216;592.15;12;10373858941;B
20240515;100216;592.15;38;10373858942;B
20240515;100216;592.15;50;10373858962;B
20240515;100216;592.15;50;10373858971;B
20240515;100216;592.15;50;10373858986;B
20240515;100216;592.15;50;10373859017;B
20240515;100216;592.15;1;10373859032;B
20240515;100216;592.15;8;10373859036;B
20240515;100217;592.05;1;10373859138;S
20240515;100217;592.15;1;10373859192;B
20240515;100219;592.1;10;10373859585;S
20240515;100219;592.15;1;10373859649;B
20240515;100219;592.15;1;10373859661;B
20240515;100220;592.05;40;10373859730;S
20240515;100221;592.1;6;10373861016;B
20240515;100221;592.15;266;10373861017;B
20240515;100221;592.2;169;10373861018;B
20240515;100221;592.2;59;10373861019;B
20240515;100221;592.2;1;10373861030;B
20240515;100222;592.15;6;10373861204;B
20240515;100222;592.15;1;10373861205;B
20240515;100222;592.15;8;10373861243;B
20240515;100223;592.15;1;10373861441;B
20240515;100224;592.05;1;10373861746;B
20240515;100224;592;1;10373861783;S
20240515;100225;592.05;1;10373861936;B
20240515;100226;592.05;31;10373862083;B
20240515;100226;592.05;177;10373862084;B
20240515;100226;592.1;51;10373862085;B
20240515;100226;592.15;143;10373862086;B
20240515;100226;592.15;10;10373862087;B
20240515;100226;592.2;40;10373862088;B
20240515;100226;592.2;20;10373862089;B
20240515;100226;592.2;156;10373862090;B
20240515;100226;592.2;1;10373862091;B
20240515;100226;592.2;483;10373862092;B
20240515;100226;592.15;1;10373862130;B
20240515;100227;592.15;1;10373862308;B
20240515;100228;592;20;10373862451;S
20240515;100228;592.15;78;10373862510;B
20240515;100228;592.15;177;10373862511;B
20240515;100228;592.15;52;10373862512;B
20240515;100228;592.2;5302;10373862513;B
20240515;100228;592.2;40;10373862514;B
20240515;100228;592.2;516;10373862515;B
20240515;100228;592.2;516;10373862516;B
20240515;100228;592.2;516;10373862517;B
20240515;100228;592.2;50;10373862518;B
20240515;100228;592.2;5511;10373862519;B
20240515;100228;592.05;100;10373862565;S
20240515;100228;592.05;100;10373862566;S
20240515;100228;592.1;170;10373862568;S
20240515;100228;592.1;177;10373862569;S
20240515;100228;592.05;51;10373862570;S
20240515;100228;592;100;10373862571;S
20240515;100228;592;2;10373862572;S
20240515;100229;592.2;3000;10373862613;B
20240515;100230;592.2;69;10373862761;B
20240515;100230;592.2;23;10373862762;B
20240515;100232;592.2;1;10373863134;B
20240515;100232;592.2;1;10373863151;B
20240515;100232;592.2;6780;10373863201;B
20240515;100232;592.25;169;10373863202;B
20240515;100232;592.25;1;10373863203;B
20240515;100232;592.25;25;10373863204;B
20240515;100232;592.25;7728;10373863205;B
20240515;100232;592.25;61;10373863206;B
20240515;100232;592.25;51;10373863207;B
20240515;100232;592.25;185;10373863208;B
20240515;100232;592.25;30;10373863264;B
20240515;100233;592.15;100;10373863326;B
20240515;100233;592.25;5;10373863375;B
20240515;100234;592.1;20;10373863472;S
20240515;100234;592.25;37;10373863573;B
20240515;100234;592.25;163;10373863574;B
20240515;100237;592.2;2;10373864142;B
20240515;100237;592.2;14;10373864193;B
20240515;100237;592.2;31;10373864194;B
20240515;100238;592.25;24;10373864432;B
20240515;100238;592.25;1;10373864499;B
20240515;100239;592.25;328;10373864570;B
20240515;100239;592.25;172;10373864571;B
20240515;100239;592.15;51;10373864664;S
20240515;100239;592.15;149;10373864665;S
20240515;100239;592.2;10;10373864737;B
20240515;100241;592.15;1;10373865106;S
20240515;100242;592.25;1;10373865255;B
20240515;100243;592.2;50;10373865495;S
20240515;100243;592.2;55;10373865496;S
20240515;100243;592.25;27;10373865497;B
20240515;100243;592.25;1;10373865498;B
20240515;100243;592.25;1;10373865499;B
20240515;100243;592.25;29;10373865500;B
20240515;100243;592.25;29;10373865501;B
20240515;100244;592.2;11;10373865710;S
20240515;100245;592.2;58;10373865732;S
20240515;100245;592.2;10;10373865733;S
20240515;100245;592.2;132;10373865851;B
20240515;100246;592.25;10;10373865896;B
20240515;100246;592.25;37;10373865903;B
20240515;100246;592.15;20;10373865968;S
20240515;100247;592.25;68;10373866137;B
20240515;100247;592.25;27;10373866147;B
20240515;100247;592.25;27;10373866148;B
20240515;100247;592.25;27;10373866149;B
20240515;100247;592.25;27;10373866150;B
20240515;100247;592.25;27;10373866151;B
20240515;100247;592.25;27;10373866152;B
20240515;100247;592.25;27;10373866153;B
20240515;100247;592.25;27;10373866154;B
20240515;100247;592.25;27;10373866155;B
20240515;100247;592.25;21;10373866156;B
20240515;100247;592.25;138;10373866157;B
20240515;100247;592.25;200;10373866158;B
20240515;100247;592.25;173;10373866159;B
20240515;100247;592.25;146;10373866160;B
20240515;100247;592.25;119;10373866161;B
20240515;100247;592.25;92;10373866162;B
20240515;100247;592.25;65;10373866163;B
20240515;100247;592.25;38;10373866164;B
20240515;100247;592.25;11;10373866165;B
20240515;100247;592.25;184;10373866166;B
20240515;100247;592.25;163;10373866167;B
20240515;100247;592.25;25;10373866168;B
20240515;100247;592.25;25;10373866169;B
20240515;100247;592.25;52;10373866170;B
20240515;100247;592.25;52;10373866171;B
20240515;100247;592.25;106;10373866172;B
20240515;100247;592.25;65;10373866174;B
20240515;100248;592.25;1;10373866188;B
20240515;100248;592.25;1;10373866189;B
20240515;100248;592.25;3;10373866195;B
20240515;100248;592.2;1;10373866205;S
20240515;100248;592.25;1;10373866206;B
20240515;100248;592.25;3;10373866242;B
20240515;100248;592.25;15;10373866304;B
20240515;100248;592.25;16;10373866305;B
20240515;100248;592.25;36;10373866306;B
20240515;100248;592.25;8;10373866386;B
20240515;100248;592.25;8;10373866387;B
20240515;100248;592.25;33;10373866388;B
20240515;100249;592.25;1;10373866410;B
20240515;100249;592.25;1;10373866411;B
20240515;100249;592.25;1;10373866412;B
20240515;100249;592.2;10;10373866433;S
20240515;100249;592.25;5;10373866476;B
20240515;100249;592.25;5;10373866477;B
20240515;100249;592.25;16;10373866478;B
20240515;100249;592.25;4;10373866569;B
20240515;100249;592.25;5;10373866570;B
20240515;100249;592.25;13;10373866571;B
20240515;100249;592.25;30;10373866575;B
20240515;100250;592.25;5;10373866693;B
20240515;100250;592.25;4;10373866694;B
20240515;100250;592.25;19;10373866695;B
20240515;100250;592.25;990;10373866696;B
20240515;100250;592.25;10;10373866697;B
20240515;100250;592.25;4;10373866748;B
20240515;100250;592.25;4;10373866749;B
20240515;100250;592.25;14;10373866750;B
20240515;100250;592.25;2;10373866753;B
20240515;100250;592.25;1;10373866769;B
20240515;100250;592.25;2;10373866770;B
20240515;100250;592.2;291;10373866831;S
20240515;100250;592.2;300;10373866832;S
20240515;100250;592.2;50;10373866920;B
20240515;100250;592.2;300;10373866942;B
20240515;100250;592.2;10;10373866943;B
20240515;100250;592.2;11;10373866944;B
20240515;100250;592.2;41;10373866945;B
20240515;100251;592.2;8;10373867002;B
20240515;100251;592.2;8;10373867003;B
20240515;100251;592.2;26;10373867004;B
20240515;100251;592.2;1;10373867098;B
20240515;100251;592.2;1;10373867099;B
20240515;100251;592.2;4;10373867100;B
20240515;100251;592.2;1;10373867130;B
20240515;100251;592.2;1;10373867131;B
20240515;100251;592.2;4;10373867132;B
20240515;100251;592.2;3;10373867223;B
20240515;100251;592.2;3;10373867224;B
20240515;100251;592.2;13;10373867225;B
20240515;100252;592.2;300;10373867339;B
20240515;100252;592.2;1;10373867340;B
20240515;100252;592.2;8;10373867341;B
20240515;100252;592.2;34;10373867344;B
20240515;100252;592.2;1;10373867345;B
20240515;100252;592.2;2;10373867349;B
20240515;100252;592.2;1;10373867350;B
20240515;100252;592.2;3;10373867370;B
20240515;100252;592.2;3;10373867371;B
20240515;100252;592.2;10;10373867372;B
20240515;100252;592.15;1;10373867406;S
20240515;100252;592.15;2;10373867407;S
20240515;100252;592.2;1;10373867408;B
20240515;100252;592.2;4;10373867409;B
20240515;100253;592.2;10;10373867451;B
20240515;100253;592.2;2;10373867452;B
20240515;100253;592.2;2;10373867453;B
20240515;100253;592.2;7;10373867454;B
20240515;100254;592.2;2;10373867680;B
20240515;100254;592.2;2;10373867724;B
20240515;100255;592.15;1;10373867777;S
20240515;100255;592.2;342;10373867783;B
20240515;100255;592.15;50;10373867786;S
20240515;100255;592.2;765;10373867802;B
20240515;100255;592.2;4;10373867856;B
20240515;100255;592.2;4;10373867857;B
20240515;100255;592.2;19;10373867859;B
20240515;100255;592.2;1;10373867917;B
20240515;100255;592.2;100;10373867951;B
20240515;100255;592.2;1;10373867952;B
20240515;100255;592.2;1;10373867953;B
20240515;100255;592.2;2;10373867954;B
20240515;100255;592.2;170;10373867963;B
20240515;100256;592.2;2;10373868036;B
20240515;100256;592.2;3;10373868037;B
20240515;100256;592.2;9;10373868038;B
20240515;100256;592.2;1;10373868053;B
20240515;100256;592.2;1;10373868054;B
20240515;100256;592.2;1;10373868188;B
20240515;100256;592.2;1;10373868189;B
20240515;100256;592.2;5;10373868190;B
20240515;100257;592.2;20;10373868271;B
20240515;100257;592.2;173;10373868452;B
20240515;100258;592.2;692;10373868456;B
20240515;100258;592.2;50;10373868552;B
20240515;100258;592.2;164;10373868556;B
20240515;100258;592.2;3;10373868557;B
20240515;100258;592.2;1170;10373868558;B
20240515;100258;592.2;6;10373868559;B
20240515;100258;592.2;7;10373868560;B
20240515;100258;592.2;29;10373868561;B
20240515;100258;592.2;4;10373868637;B
20240515;100258;592.2;4;10373868638;B
20240515;100258;592.2;14;10373868639;B
20240515;100259;592.2;1;10373868652;B
20240515;100259;592.2;1;10373868653;B
20240515;100259;592.2;800;10373868731;B
20240515;100259;592.2;3;10373868732;B
20240515;100259;592.2;2;10373868733;B
20240515;100259;592.2;7;10373868734;B
20240515;100300;592.2;800;10373868825;B
20240515;100300;592.2;10;10373868897;B
20240515;100300;592.2;2142;10373868942;B
20240515;100300;592.2;200;10373868943;B
20240515;100300;592.25;157;10373868944;B
20240515;100300;592.25;1;10373868945;B
20240515;100301;592.25;348;10373869014;B
20240515;100301;592.25;5;10373869091;B
20240515;100301;592.25;1;10373869105;B
20240515;100302;592.2;10;10373869289;S
20240515;100302;592.25;10;10373869307;B
20240515;100302;592.2;1;10373869340;S
20240515;100302;592.25;200;10373869359;B
20240515;100302;592.25;100;10373869360;B
20240515;100303;592.25;2000;10373869406;B
20240515;100303;592.25;5;10373869451;B
20240515;100304;592.25;4;10373869593;B
20240515;100304;592.25;5;10373869594;B
20240515;100304;592.25;21;10373869595;B
20240515;100305;592.25;5;10373869688;B
20240515;100305;592.25;5;10373869689;B
20240515;100305;592.25;22;10373869690;B
20240515;100305;592.25;1;10373869691;B
20240515;100305;592.25;2;10373869692;B
20240515;100305;592.25;3;10373869693;B
20240515;100305;592.25;3;10373869723;B
20240515;100305;592.25;5;10373869810;B
20240515;100305;592.25;4;10373869811;B
20240515;100305;592.25;12;10373869812;B
20240515;100306;592.25;1;10373869873;B
20240515;100306;592.25;2;10373869874;B
20240515;100306;592.25;4;10373869875;B
20240515;100306;592.2;20;10373869876;S
20240515;100306;592.25;1;10373869913;B
20240515;100306;592.25;1;10373869914;B
20240515;100306;592.25;8;10373869915;B
20240515;100306;592.25;1;10373869985;B
20240515;100306;592.25;1;10373869986;B
20240515;100306;592.25;10;10373869987;B
20240515;100307;592.25;1;10373870000;B
20240515;100307;592.25;3;10373870001;B
20240515;100307;592.25;1;10373870042;B
20240515;100307;592.25;2;10373870043;B
20240515;100307;592.25;4;10373870044;B
20240515;100308;592.25;4;10373870328;B
20240515;100308;592.25;1;10373870329;B
20240515;100308;592.25;3;10373870330;B
20240515;100308;592.25;19;10373870331;B
20240515;100308;592.25;40;10373870374;B
20240515;100308;592.25;2;10373870485;B
20240515;100308;592.25;1;10373870548;B
20240515;100308;592.25;3;10373870549;B
20240515;100309;592.25;459;10373870555;B
20240515;100309;592.25;1;10373870556;B
20240515;100309;592.2;1;10373870590;S
20240515;100309;592.25;300;10373870716;B
20240515;100310;592.25;4;10373870972;B
20240515;100310;592.25;4;10373870973;B
20240515;100310;592.25;17;10373870974;B
20240515;100311;592.25;2;10373871047;B
20240515;100311;592.25;2;10373871048;B
20240515;100311;592.25;7;10373871049;B
20240515;100311;592.25;1;10373871055;B
20240515;100311;592.25;2;10373871056;B
20240515;100312;592.25;8;10373871223;B
20240515;100312;592.25;25;10373871224;B
20240515;100312;592.25;8;10373871225;B
20240515;100312;592.25;13;10373871246;B
20240515;100312;592.25;6;10373871269;B
20240515;100312;592.25;1;10373871270;B
20240515;100312;592.25;1;10373871271;B
20240515;100312;592.25;5;10373871272;B
20240515;100313;592.2;1;10373871350;S
20240515;100313;592.25;4;10373871351;B
20240515;100313;592.25;4;10373871352;B
20240515;100313;592.25;13;10373871353;B
20240515;100313;592.2;1;10373871360;S
20240515;100313;592.25;2;10373871396;B
20240515;100313;592.25;2;10373871397;B
20240515;100313;592.25;7;10373871398;B
20240515;100314;592.25;2;10373871456;B
20240515;100314;592.25;1;10373871526;B
20240515;100314;592.25;1;10373871527;B
20240515;100314;592.25;1;10373871528;B
20240515;100314;592.25;3;10373871553;B
20240515;100314;592.25;1;10373871589;B
20240515;100315;592.25;1;10373871662;B
20240515;100315;592.25;1;10373871663;B
20240515;100315;592.25;4;10373871664;B
20240515;100315;592.25;1;10373871778;B
20240515;100315;592.25;10;10373871805;B
20240515;100316;592.25;1;10373871925;B
20240515;100316;592.25;2;10373871926;B
20240515;100316;592.25;9;10373871927;B
20240515;100316;592.25;1;10373871928;B
20240515;100316;592.25;95;10373871957;B
20240515;100316;592.25;1;10373871958;B
20240515;100316;592.25;1;10373871959;B
20240515;100317;592.25;1;10373872192;B
20240515;100317;592.25;17;10373872308;B
20240515;100318;592.25;3;10373872485;B
20240515;100318;592.25;1;10373872486;B
20240515;100318;592.25;1;10373872495;B
20240515;100319;592.25;2;10373872555;B
20240515;100319;592.25;3;10373872556;B
20240515;100319;592.25;13;10373872557;B
20240515;100319;592.25;2;10373872591;B
20240515;100319;592.25;1;10373872619;B
20240515;100319;592.2;20;10373872653;S
20240515;100319;592.25;5;10373872656;B
20240515;100320;592.25;75;10373872663;B
20240515;100320;592.25;4;10373872664;B
20240515;100320;592.25;1;10373872727;B
20240515;100320;592.25;1;10373872728;B
20240515;100320;592.25;5;10373872729;B
20240515;100320;592.25;1;10373872763;B
20240515;100320;592.25;1;10373872764;B
20240515;100320;592.25;2;10373872765;B
20240515;100320;592.25;3;10373872865;B
20240515;100320;592.25;3;10373872866;B
20240515;100320;592.25;9;10373872867;B
20240515;100322;592.2;21;10373873119;S
20240515;100322;592.2;5;10373873120;S
20240515;100322;592.2;1;10373873121;S
20240515;100322;592.2;2;10373873122;S
20240515;100322;592.15;25;10373873123;S
20240515;100322;592.15;2;10373873124;S
20240515;100322;592.15;25;10373873125;S
20240515;100322;592.15;56;10373873126;S
20240515;100322;592.25;5;10373873169;B
20240515;100323;592.15;3;10373873317;S
20240515;100324;592.25;1;10373873435;B
20240515;100324;592.25;350;10373873517;B
20240515;100325;592.25;2;10373873673;B
20240515;100325;592.25;1000;10373873683;B
20240515;100325;592.25;500;10373873684;B
20240515;100325;592.25;300;10373873685;B
20240515;100326;592.25;27;10373873766;B
20240515;100326;592.2;27;10373873867;S
20240515;100329;592.25;2;10373874218;B
20240515;100329;592.25;3;10373874219;B
20240515;100329;592.25;3;10373874274;B
20240515;100329;592.25;3;10373874275;B
20240515;100329;592.25;2;10373874276;B
20240515;100329;592.25;1;10373874389;B
20240515;100330;592.25;1;10373874426;B
20240515;100330;592.25;4;10373874427;B
20240515;100331;592.25;142;10373874668;B
20240515;100331;592.25;1;10373874669;B
20240515;100331;592.25;1;10373874670;B
20240515;100331;592.25;1;10373874671;B
20240515;100331;592.25;14;10373874672;B
20240515;100331;592.25;1;10373874710;B
20240515;100331;592.25;1;10373874711;B
20240515;100331;592.25;3;10373874712;B
20240515;100333;592.2;1;10373875038;S
20240515;100333;592.2;10;10373875099;S
20240515;100334;592.2;85;10373875406;S
20240515;100334;592.25;1;10373875454;B
20240515;100336;592.2;1;10373875725;S
20240515;100336;592.25;1;10373875736;B
20240515;100336;592.25;3;10373875764;B
20240515;100338;592.25;1;10373876154;B
20240515;100338;592.2;1;10373876199;S
20240515;100340;592.25;1;10373876442;B
20240515;100342;592.25;5;10373876650;B
20240515;100342;592.2;37;10373876670;S
20240515;100342;592.2;2;10373876733;S
20240515;100342;592.25;6;10373876788;B
20240515;100342;592.25;1;10373876801;B
20240515;100343;592.2;8;10373876902;S
20240515;100344;592.25;139;10373877013;B
20240515;100344;592.25;61;10373877014;B
20240515;100344;592.2;1;10373877086;S
20240515;100345;592.2;10;10373877147;S
20240515;100345;592.25;2;10373877177;B
20240515;100345;592.25;4;10373877290;B
20240515;100345;592.25;2;10373877328;B
20240515;100346;592.25;996;10373877345;B
20240515;100346;592.25;62;10373877346;B
20240515;100346;592.25;98;10373877347;B
20240515;100346;592.25;90;10373877348;B
20240515;100346;592.25;10;10373877349;B
20240515;100346;592.25;177;10373877350;B
20240515;100346;592.25;250;10373877351;B
20240515;100346;592.2;6;10373877353;S
20240515;100347;592.25;1;10373877529;B
20240515;100347;592.25;10;10373877556;B
20240515;100347;592.2;2;10373877599;S
20240515;100348;592.25;1124;10373877848;B
20240515;100348;592.25;177;10373877849;B
20240515;100348;592.25;8;10373877850;B
20240515;100348;592.3;169;10373877851;B
20240515;100348;592.3;40;10373877852;B
20240515;100348;592.3;45;10373877853;B
20240515;100348;592.3;100;10373877854;B
20240515;100348;592.3;64;10373877855;B
20240515;100348;592.35;169;10373877856;B
20240515;100348;592.35;1;10373877857;B
20240515;100348;592.35;1;10373877858;B
20240515;100348;592.35;9;10373877859;B
20240515;100348;592.35;7;10373877860;B
20240515;100348;592.35;6;10373877861;B
20240515;100348;592.35;2;10373877862;B
20240515;100348;592.4;169;10373877863;B
20240515;100348;592.4;500;10373877864;B
20240515;100348;592.45;169;10373877865;B
20240515;100348;592.45;20;10373877866;B
20240515;100348;592.45;1;10373877867;B
20240515;100348;592.45;10;10373877868;B
20240515;100348;592.45;1;10373877869;B
20240515;100348;592.45;4;10373877870;B
20240515;100348;592.45;8;10373877871;B
20240515;100348;592.45;208;10373877872;B
20240515;100349;592.45;4;10373877940;B
20240515;100349;592.45;100;10373877969;B
20240515;100349;592.45;75;10373877984;B
20240515;100349;592.4;10;10373878001;S
20240515;100349;592.4;48;10373878022;S
20240515;100349;592.4;18;10373878055;S
20240515;100350;592.35;2;10373878124;S
20240515;100351;592.4;3;10373878286;B
20240515;100351;592.35;64;10373878341;S
20240515;100351;592.25;47;10373878342;S
20240515;100351;592.25;462;10373878343;S
20240515;100353;592.3;65;10373878593;B
20240515;100353;592.3;177;10373878594;B
20240515;100353;592.3;4;10373878736;S
20240515;100353;592.3;1;10373878745;S
20240515;100354;592.3;2;10373878788;S
20240515;100354;592.35;1;10373878832;B
20240515;100354;592.35;14;10373878850;B
20240515;100356;592.3;145;10373879052;S
20240515;100356;592.3;1;10373879053;S
20240515;100356;592.2;57;10373879054;S
20240515;100356;592.2;500;10373879055;S
20240515;100356;592.2;7;10373879056;S
20240515;100356;592.2;65;10373879057;S
20240515;100356;592.15;47;10373879058;S
20240515;100356;592.15;178;10373879059;S
20240515;100356;592.3;10;10373879142;B
20240515;100356;592.25;170;10373879163;B
20240515;100356;592.25;177;10373879164;B
20240515;100356;592.3;55;10373879165;B
20240515;100356;592.35;10;10373879166;B
20240515;100356;592.35;46;10373879167;B
20240515;100356;592.35;42;10373879168;B
20240515;100356;592.15;1;10373879225;S
20240515;100357;592.3;1;10373879288;B
20240515;100357;592.25;1;10373879388;B
20240515;100357;592.2;1;10373879391;B
20240515;100358;592.1;1;10373879446;S
20240515;100358;592.1;25;10373879447;S
20240515;100358;592.1;100;10373879448;S
20240515;100358;592.1;643;10373879449;S
20240515;100358;592.2;3;10373879495;B
20240515;100400;592.2;6;10373879743;B
20240515;100400;592.2;177;10373879744;B
20240515;100400;592.2;65;10373879745;B
20240515;100400;592.3;46;10373879746;B
20240515;100400;592.3;100;10373879747;B
20240515;100400;592.3;40;10373879748;B
20240515;100400;592.35;150;10373879749;B
20240515;100400;592.35;374;10373879750;B
20240515;100400;592.35;170;10373879751;B
20240515;100400;592.4;495;10373879752;B
20240515;100400;592.4;377;10373879753;B
20240515;100400;592.2;20;10373879798;S
20240515;100400;592.3;170;10373879841;B
20240515;100400;592.3;130;10373879842;B
20240515;100401;592.35;2;10373879886;B
20240515;100401;592.35;170;10373879887;B
20240515;100401;592.35;177;10373879888;B
20240515;100401;592.4;139;10373879889;B
20240515;100401;592.4;516;10373879890;B
20240515;100401;592.4;1;10373879891;B
20240515;100401;592.4;100;10373879892;B
20240515;100401;592.45;43;10373879893;B
20240515;100401;592.15;9;10373880030;S
20240515;100402;592.25;15;10373880329;S
20240515;100402;592.2;15;10373880330;S
20240515;100404;592.3;10;10373880558;B
20240515;100404;592.3;1;10373880645;S
20240515;100405;592.35;18;10373880825;B
20240515;100406;592.35;10;10373880991;B
20240515;100406;592.35;2;10373880992;B
20240515;100406;592.45;8;10373880993;B
20240515;100408;592.45;6;10373881142;B
20240515;100408;592.3;312;10373881275;S
20240515;100408;592.3;63;10373881276;S
20240515;100408;592.25;15;10373881277;S
20240515;100408;592.25;50;10373881278;S
20240515;100408;592.2;60;10373881279;S
20240515;100409;592.35;3;10373881388;B
20240515;100409;592.15;12;10373881418;S
20240515;100411;592.2;4;10373881797;S
20240515;100411;592.15;2;10373881798;S
20240515;100413;592.35;1;10373882036;B
20240515;100414;592.15;5;10373882228;S
20240515;100414;592.15;50;10373882229;S
20240515;100414;592.15;400;10373882230;S
20240515;100414;592.15;63;10373882231;S
20240515;100414;592.1;177;10373882232;S
20240515;100414;592.1;249;10373882233;S
20240515;100414;592.05;6;10373882234;S
20240515;100414;592.05;1526;10373882235;S
20240515;100414;592;2;10373882236;S
20240515;100414;592;60;10373882237;S
20240515;100414;592;175;10373882238;S
20240515;100414;592;100;10373882239;S
20240515;100414;592;10000;10373882240;S
20240515;100414;592;4;10373882241;S
20240515;100414;592;100;10373882242;S
20240515;100414;591.95;8;10373882243;S
20240515;100414;591.95;1000;10373882244;S
20240515;100414;591.95;100;10373882254;B
20240515;100414;591.9;1;10373882260;S
20240515;100414;591.9;200;10373882261;S
20240515;100414;591.85;25;10373882262;S
20240515;100414;591.85;2;10373882263;S
20240515;100414;591.85;38;10373882264;S
20240515;100414;591.85;43;10373882265;S
20240515;100414;591.9;13;10373882289;B
20240515;100414;591.9;5;10373882331;B
20240515;100415;591.9;45;10373882363;B
20240515;100415;591.9;177;10373882364;B
20240515;100415;591.95;975;10373882365;B
20240515;100415;592;60;10373882366;B
20240515;100415;592.1;100;10373882367;B
20240515;100415;592.1;200;10373882368;B
20240515;100415;592.25;2;10373882373;B
20240515;100417;592.25;177;10373882638;B
20240515;100417;592.25;10;10373882639;B
20240515;100417;592.3;36;10373882640;B
20240515;100417;592.35;8;10373882676;B
20240515;100417;592.35;40;10373882736;B
20240515;100418;592.35;70;10373882782;B
20240515;100419;592.35;59;10373882932;B
20240515;100419;592.4;300;10373882933;B
20240515;100419;592.4;40;10373882934;B
20240515;100419;592.4;64;10373882935;B
20240515;100419;592.45;37;10373882936;B
20240515;100419;592.25;1;10373883018;S
20240515;100419;592.25;169;10373883057;S
20240515;100419;592.25;31;10373883058;S
20240515;100419;592.45;1;10373883062;B
20240515;100420;592.25;2;10373883104;S
20240515;100420;592.45;1;10373883109;B
20240515;100421;592.45;5;10373883400;B
20240515;100421;592.45;2;10373883421;B
20240515;100422;592.45;1;10373883481;B
20240515;100423;592.45;1;10373883644;B
20240515;100423;592.35;1;10373883770;S
20240515;100423;592.3;64;10373883771;S
20240515;100423;592.25;106;10373883772;S
20240515;100424;592.45;8;10373883779;B
20240515;100424;592.45;1;10373883780;B
20240515;100424;592.45;18;10373883781;B
20240515;100424;592.45;10;10373883782;B
20240515;100424;592.45;163;10373883783;B
20240515;100424;592.45;1;10373883802;B
20240515;100424;592.45;5;10373883953;B
20240515;100425;592.45;1;10373884121;B
20240515;100425;592.45;1;10373884195;B
20240515;100426;592.45;6;10373884219;B
20240515;100426;592.5;1;10373884292;B
20240515;100426;592.5;1;10373884293;B
20240515;100426;592.5;2;10373884294;B
20240515;100426;592.5;1;10373884295;B
20240515;100426;592.5;1;10373884296;B
20240515;100426;592.5;2;10373884297;B
20240515;100426;592.5;1;10373884298;B
20240515;100426;592.5;1;10373884299;B
20240515;100426;592.5;50;10373884300;B
20240515;100426;592.5;1;10373884301;B
20240515;100426;592.5;63;10373884302;B
20240515;100426;592.5;1;10373884303;B
20240515;100426;592.55;1;10373884304;B
20240515;100426;592.55;1;10373884305;B
20240515;100426;592.55;26;10373884306;B
20240515;100426;592.55;1;10373884371;B
20240515;100426;592.6;1;10373884374;B
20240515;100426;592.6;9;10373884381;B
20240515;100426;592.6;1;10373884382;B
20240515;100427;592.5;5;10373884388;S
20240515;100427;592.6;96;10373884390;B
20240515;100427;592.6;4;10373884391;B
20240515;100427;592.6;85;10373884407;B
20240515;100427;592.5;10;10373884422;S
20240515;100427;592.6;30;10373884424;B
20240515;100427;592.5;4;10373884432;S
20240515;100427;592.65;6;10373884433;B
20240515;100427;592.65;1;10373884434;B
20240515;100427;592.7;2;10373884435;B
20240515;100427;592.7;1;10373884436;B
20240515;100427;592.7;50;10373884437;B
20240515;100427;592.7;40;10373884438;B
20240515;100427;592.5;10;10373884467;S
20240515;100427;592.7;134;10373884468;B
20240515;100427;592.7;32;10373884469;B
20240515;100427;592.7;177;10373884470;B
20240515;100427;592.75;1;10373884471;B
20240515;100427;592.75;1;10373884472;B
20240515;100427;592.75;655;10373884473;B
20240515;100427;592.7;37;10373884474;B
20240515;100427;592.7;50;10373884475;B
20240515;100427;592.75;287;10373884476;B
20240515;100427;592.75;584;10373884477;B
20240515;100427;592.75;63;10373884478;B
20240515;100427;592.75;177;10373884479;B
20240515;100427;592.8;1;10373884480;B
20240515;100427;592.8;5;10373884481;B
20240515;100427;592.8;400;10373884482;B
20240515;100427;592.8;30;10373884483;B
20240515;100427;592.8;500;10373884484;B
20240515;100427;592.85;1;10373884485;B
20240515;100427;592.85;1;10373884486;B
20240515;100427;592.85;1;10373884487;B
20240515;100427;592.85;37;10373884488;B
20240515;100427;592.8;177;10373884489;B
20240515;100427;592.85;463;10373884490;B
20240515;100427;592.85;2;10373884491;B
20240515;100427;592.85;1;10373884492;B
20240515;100427;592.85;2;10373884493;B
20240515;100427;592.9;1;10373884494;B
20240515;100427;592.9;1;10373884495;B
20240515;100427;592.9;100;10373884496;B
20240515;100427;592.9;2;10373884497;B
20240515;100427;592.9;1;10373884498;B
20240515;100427;592.9;1;10373884499;B
20240515;100427;592.9;249;10373884500;B
20240515;100427;592.85;177;10373884501;B
20240515;100427;592.9;1251;10373884502;B
20240515;100427;592.9;500;10373884503;B
20240515;100427;592.9;16;10373884504;B
20240515;100427;592.9;56;10373884505;B
20240515;100427;592.7;62;10373884506;S
20240515;100427;592.65;38;10373884507;S
20240515;100427;592.65;6;10373884508;S
20240515;100427;592.85;50;10373884510;B
20240515;100427;592.85;1;10373884514;B
20240515;100427;592.85;11;10373884517;B
20240515;100427;592.85;177;10373884518;B
20240515;100427;592.9;63;10373884519;B
20240515;100427;592.95;50;10373884520;B
20240515;100427;592.95;1;10373884521;B
20240515;100427;592.95;1;10373884522;B
20240515;100427;592.95;2;10373884523;B
20240515;100427;592.95;22;10373884524;B
20240515;100427;592.95;5;10373884525;B
20240515;100427;592.95;160;10373884526;B
20240515;100427;592.95;40;10373884527;B
20240515;100427;592.95;100;10373884528;B
20240515;100427;592.95;2;10373884529;B
20240515;100427;592.95;1;10373884530;B
20240515;100427;592.95;85;10373884531;B
20240515;100427;592.95;1;10373884532;B
20240515;100427;593;2;10373884533;B
20240515;100427;593;1;10373884534;B
20240515;100427;593;2;10373884535;B
20240515;100427;593;6;10373884536;B
20240515;100427;593;100;10373884537;B
20240515;100427;593;8;10373884538;B
20240515;100427;593;2;10373884539;B
20240515;100427;593;3;10373884540;B
20240515;100427;593;29;10373884541;B
20240515;100427;593;1;10373884542;B
20240515;100427;593;125;10373884543;B
20240515;100427;592.95;90;10373884572;B
20240515;100427;592.95;87;10373884574;B
20240515;100427;593;178;10373884575;B
20240515;100427;593;4;10373884576;B
20240515;100427;593;4;10373884577;B
20240515;100427;593;1;10373884578;B
20240515;100427;593;2;10373884579;B
20240515;100427;593;1;10373884580;B
20240515;100427;593;4;10373884581;B
20240515;100427;593;1;10373884582;B
20240515;100427;593;68;10373884583;B
20240515;100427;592.95;177;10373884606;B
20240515;100427;593;223;10373884607;B
20240515;100427;592.85;2;10373884621;S
20240515;100427;592.85;168;10373884630;S
20240515;100427;592.8;132;10373884631;S
20240515;100428;592.8;1;10373884635;S
20240515;100428;592.8;4;10373884636;S
20240515;100428;592.95;16;10373884652;B
20240515;100428;592.95;16;10373884653;B
20240515;100428;593;368;10373884654;B
20240515;100428;592.85;2;10373884677;B
20240515;100428;592.85;33;10373884678;B
20240515;100428;592.8;31;10373884681;S
20240515;100428;592.75;29;10373884682;S
20240515;100428;592.85;144;10373884683;B
20240515;100428;592.9;79;10373884684;B
20240515;100428;592.95;35;10373884685;B
20240515;100428;592.95;16;10373884686;B
20240515;100428;592.95;29;10373884687;B
20240515;100428;593;97;10373884688;B
20240515;100428;592.75;2;10373884689;S
20240515;100428;592.7;1;10373884694;S
20240515;100428;592.8;4;10373884702;B
20240515;100428;592.8;177;10373884703;B
20240515;100428;592.85;79;10373884704;B
20240515;100428;592.95;18;10373884705;B
20240515;100428;593;222;10373884706;B
20240515;100428;592.95;250;10373884708;B
20240515;100428;593;101;10373884709;B
20240515;100428;593;1;10373884710;B
20240515;100428;593;50;10373884711;B
20240515;100428;593;50;10373884712;B
20240515;100428;593;48;10373884713;B
20240515;100428;593;2;10373884714;B
20240515;100428;593;100;10373884715;B
20240515;100428;593;1;10373884716;B
20240515;100428;593;60;10373884717;B
20240515;100428;593;20;10373884718;B
20240515;100428;593;5;10373884719;B
20240515;100428;593;1;10373884720;B
20240515;100428;593;5;10373884721;B
20240515;100428;593;1;10373884722;B
20240515;100428;593;161;10373884723;B
20240515;100428;593;1;10373884724;B
20240515;100428;593;2;10373884725;B
20240515;100428;593;20;10373884726;B
20240515;100428;593;1;10373884727;B
20240515;100428;593;17;10373884728;B
20240515;100428;593;3;10373884729;B
20240515;100428;593;1;10373884773;B
20240515;100428;593;500;10373884774;B
20240515;100428;593;1299;10373884775;B
20240515;100429;593;5;10373884879;B
20240515;100429;592.9;10;10373884883;S
20240515;100429;593;1;10373884907;B
20240515;100429;592.9;100;10373884912;S
20240515;100429;593;1;10373884945;B
20240515;100430;592.9;50;10373884948;S
20240515;100430;592.9;1;10373884950;S
20240515;100430;593;5;10373885030;B
20240515;100431;592.9;2;10373885122;S
20240515;100431;593;1;10373885171;B
20240515;100431;592.9;1;10373885268;S
20240515;100433;593;100;10373885546;B
20240515;100433;593;15;10373885594;B
20240515;100434;592.95;1;10373885707;B
20240515;100434;593;1521;10373885708;B
20240515;100435;593;100;10373885804;B
20240515;100437;593;1158;10373886173;B
20240515;100437;593;1116;10373886274;B
20240515;100438;592.95;10;10373886351;S
20240515;100439;592.95;7;10373886530;S
20240515;100439;592.95;15;10373886535;S
20240515;100440;593;87;10373886610;B
20240515;100440;593;150;10373886637;B
20240515;100440;593;70;10373886661;B
20240515;100442;593;25;10373886874;B
20240515;100442;593;30;10373886897;B
20240515;100442;592.95;164;10373886923;S
20240515;100442;593;5;10373886936;B
20240515;100443;593;1;10373886975;B
20240515;100443;593;5;10373886983;B
20240515;100443;592.95;50;10373886995;S
20240515;100443;593;1;10373887016;B
20240515;100443;592.95;4;10373887103;S
20240515;100443;592.9;2;10373887104;S
20240515;100443;592.9;19;10373887105;S
20240515;100444;593;26;10373887132;B
20240515;100444;592.9;20;10373887158;S
20240515;100445;592.9;1;10373887279;S
20240515;100447;592.95;20;10373887663;B
20240515;100447;592.9;5;10373887669;S
20240515;100448;592.95;241;10373887822;B
20240515;100448;592.9;35;10373887823;S
20240515;100448;592.75;1;10373887843;S
20240515;100448;592.85;170;10373887939;B
20240515;100448;592.9;126;10373887940;B
20240515;100448;592.9;9;10373887941;B
20240515;100448;592.9;184;10373887942;B
20240515;100448;592.9;300;10373887960;S
20240515;100449;592.9;211;10373888007;S
20240515;100449;592.8;184;10373888008;S
20240515;100449;592.75;10;10373888009;S
20240515;100449;592.75;33;10373888010;S
20240515;100449;592.9;2;10373888256;B
20240515;100450;592.7;2;10373888323;S
20240515;100450;592.85;1;10373888328;B
20240515;100451;592.9;1;10373888442;B
20240515;100451;592.7;6;10373888488;S
20240515;100451;592.7;25;10373888489;S
20240515;100451;592.65;3;10373888490;S
20240515;100451;592.65;48;10373888491;S
20240515;100451;592.65;151;10373888492;S
20240515;100452;592.6;250;10373888569;S
20240515;100453;592.65;21;10373888933;S
20240515;100454;592.8;1;10373888982;B
20240515;100454;592.8;1;10373888985;B
20240515;100454;592.8;1;10373889015;B
20240515;100455;592.75;1;10373889272;B
20240515;100455;592.8;139;10373889273;B
20240515;100457;592.65;7;10373889524;S
20240515;100457;592.75;23;10373889544;B
20240515;100457;592.75;15;10373889557;B
20240515;100458;592.75;10;10373889643;B
20240515;100458;592.75;3;10373889648;B
20240515;100458;592.75;4;10373889686;B
20240515;100459;592.75;115;10373889771;B
20240515;100459;592.8;5;10373889843;B
20240515;100459;592.75;1;10373889858;S
20240515;100459;592.8;29;10373889915;B
20240515;100459;592.8;171;10373889916;B
20240515;100500;592.8;10;10373890144;B
20240515;100500;592.75;10;10373890165;S
20240515;100500;592.75;10;10373890166;S
20240515;100500;592.75;30;10373890169;S
20240515;100501;592.8;2;10373890222;B
20240515;100501;592.8;2;10373890353;B
20240515;100501;592.8;156;10373890412;B
20240515;100501;592.8;1;10373890413;B
20240515;100501;592.8;9;10373890414;B
20240515;100501;592.8;177;10373890415;B
20240515;100501;592.8;81;10373890416;B
20240515;100501;592.85;300;10373890417;B
20240515;100501;592.85;276;10373890418;B
20240515;100502;592.85;9;10373890524;B
20240515;100502;592.85;160;10373890525;B
20240515;100502;592.85;48;10373890526;S
20240515;100502;592.85;1;10373890657;S
20240515;100503;592.85;55;10373890797;S
20240515;100503;592.85;1;10373890831;S
20240515;100503;592.9;100;10373890864;B
20240515;100503;592.9;500;10373890865;B
20240515;100503;592.9;1;10373890866;B
20240515;100503;592.9;112;10373890867;B
20240515;100503;592.95;259;10373890868;B
20240515;100503;592.95;2000;10373890869;B
20240515;100503;592.95;10;10373890870;B
20240515;100503;592.95;18;10373890871;B
20240515;100503;592.95;32;10373890941;B
20240515;100503;592.95;6;10373890942;B
20240515;100503;592.95;12;10373890943;B
20240515;100504;592.95;3;10373891154;B
20240515;100504;592.95;7;10373891155;B
20240515;100504;592.9;1;10373891181;S
20240515;100504;592.95;41;10373891320;B
20240515;100504;592.95;17;10373891321;B
20240515;100504;592.95;102;10373891322;B
20240515;100504;592.9;2;10373891323;S
20240515;100506;592.9;1;10373891539;S
20240515;100506;592.95;16;10373891633;B
20240515;100506;592.95;1;10373891634;B
20240515;100506;593;263;10373891635;B
20240515;100507;592.95;12;10373891754;B
20240515;100507;592.95;16;10373891755;B
20240515;100508;592.95;1;10373892878;B
20240515;100508;593;1;10373892879;B
20240515;100508;592.9;5;10373892931;S
20240515;100508;593;2000;10373893013;B
20240515;100508;593;87;10373893036;B
20240515;100509;592.95;2;10373893059;S
20240515;100509;593;140;10373893173;B
20240515;100510;593;513;10373893204;B
20240515;100510;592.95;2;10373893209;S
20240515;100510;592.95;2;10373893325;S
20240515;100510;592.95;2;10373893375;S
20240515;100511;592.95;2;10373893410;S
20240515;100511;592.95;2;10373893478;S
20240515;100512;592.95;2;10373893563;S
20240515;100512;592.95;65;10373893625;S
20240515;100512;592.95;50;10373893626;S
20240515;100512;592.9;170;10373893627;S
20240515;100512;592.9;187;10373893628;S
20240515;100512;592.85;1053;10373893629;S
20240515;100512;592.85;1;10373893630;S
20240515;100512;592.8;50;10373893631;S
20240515;100512;592.8;51;10373893632;S
20240515;100512;592.8;50;10373893633;S
20240515;100512;592.75;10;10373893634;S
20240515;100512;592.75;25;10373893635;S
20240515;100512;592.75;10;10373893636;S
20240515;100512;592.7;5;10373893637;S
20240515;100512;592.7;374;10373893638;S
20240515;100512;592.7;292;10373893639;S
20240515;100512;592.65;22;10373893640;S
20240515;100512;592.65;100;10373893641;S
20240515;100512;592.65;1000;10373893642;S
20240515;100512;592.65;200;10373893643;S
20240515;100512;592.6;750;10373893644;S
20240515;100512;592.6;50;10373893645;S
20240515;100512;592.6;1;10373893646;S
20240515;100512;592.55;1;10373893647;S
20240515;100512;592.5;1000;10373893648;S
20240515;100512;592.5;350;10373893649;S
20240515;100512;592.45;177;10373893650;S
20240515;100512;592.45;2000;10373893651;S
20240515;100512;592.4;1;10373893652;S
20240515;100512;592.35;5;10373893653;S
20240515;100512;592.35;1;10373893654;S
20240515;100512;592.35;20;10373893655;S
20240515;100512;592.35;1000;10373893656;S
20240515;100512;592.3;1000;10373893657;S
20240515;100512;592.3;15;10373893658;S
20240515;100512;592.25;400;10373893659;S
20240515;100512;592.25;15;10373893660;S
20240515;100512;592.25;500;10373893661;S
20240515;100512;592.2;700;10373893662;S
20240515;100512;592.2;1500;10373893663;S
20240515;100512;592.15;2;10373893664;S
20240515;100512;592.15;5;10373893665;S
20240515;100512;592.15;16;10373893666;S
20240515;100512;592.15;30;10373893667;S
20240515;100512;592.15;1214;10373893668;B
20240515;100512;592.15;177;10373893669;B
20240515;100512;592.05;4;10373893670;S
20240515;100512;592.05;96;10373893671;S
20240515;100513;592.05;4;10373893771;S
20240515;100513;592.05;96;10373893772;S
20240515;100513;592.1;74;10373893795;B
20240515;100513;592.25;51;10373893821;B
20240515;100513;592.25;99;10373893822;B
20240515;100513;592.25;100;10373893857;B
20240515;100513;592.25;2;10373893858;B
20240515;100513;592.35;98;10373893859;B
20240515;100513;592.1;4;10373893863;S
20240515;100515;592.5;1;10373894155;B
20240515;100515;592.5;2;10373894219;B
20240515;100515;592.55;100;10373894220;B
20240515;100516;592.6;10;10373894431;B
20240515;100517;592.6;10;10373894686;B
20240515;100518;592.6;4;10373894797;B
20240515;100518;592.6;1;10373894809;B
20240515;100518;592.6;1;10373894897;B
20240515;100518;592.6;6;10373894900;B
20240515;100519;592.6;1;10373895043;B
20240515;100519;592.5;36;10373895049;S
20240515;100519;592.5;2;10373895089;S
20240515;100520;592.55;20;10373895117;B
20240515;100520;592.5;30;10373895135;S
20240515;100520;592.6;2;10373895195;B
20240515;100520;592.5;32;10373895218;S
20240515;100520;592.45;18;10373895219;S
20240515;100521;592.6;95;10373895260;B
20240515;100521;592.6;20;10373895280;B
20240515;100521;592.45;2;10373895296;S
20240515;100521;592.6;8;10373895302;B
20240515;100522;592.5;2;10373895454;B
20240515;100522;592.5;2;10373895455;B
20240515;100522;592.55;100;10373895456;B
20240515;100522;592.6;11;10373895457;B
20240515;100522;592.6;169;10373895458;B
20240515;100522;592.65;800;10373895459;B
20240515;100522;592.65;4;10373895460;B
20240515;100522;592.65;2;10373895499;S
20240515;100522;592.65;2;10373895537;S
20240515;100522;592.65;2;10373895579;S
20240515;100522;592.65;2;10373895600;S
20240515;100523;592.65;2;10373895649;S
20240515;100523;592.7;8;10373895675;B
20240515;100523;592.75;2;10373895676;B
20240515;100523;592.75;2;10373895677;B
20240515;100523;592.75;254;10373895678;B
20240515;100523;592.7;170;10373895679;S
20240515;100523;592.65;2;10373895718;S
20240515;100523;592.65;2;10373895773;S
20240515;100524;592.65;2;10373895807;S
20240515;100524;592.65;2;10373895869;S
20240515;100524;592.65;2;10373895943;S
20240515;100525;592.65;2;10373896170;S
20240515;100525;592.65;18;10373896228;S
20240515;100525;592.65;2;10373896235;S
20240515;100525;592.65;2;10373896414;S
20240515;100526;592.65;2;10373896523;S
20240515;100526;592.7;8;10373896556;B
20240515;100526;592.7;92;10373896557;B
20240515;100526;592.65;1484;10373896558;S
20240515;100526;592.65;2;10373896599;S
20240515;100527;592.65;2;10373896651;S
20240515;100527;592.65;20;10373896654;S
20240515;100527;592.65;15;10373896661;S
20240515;100527;592.65;2;10373896672;S
20240515;100528;592.65;2;10373896812;S
20240515;100528;592.65;2;10373896874;S
20240515;100529;592.65;2;10373896958;S
20240515;100529;592.65;100;10373896960;S
20240515;100529;592.65;350;10373896981;S
20240515;100529;592.7;44;10373896999;B
20240515;100529;592.65;2;10373897002;S
20240515;100529;592.65;2;10373897042;S
20240515;100529;592.7;31;10373897046;B
20240515;100529;592.65;2;10373897071;S
20240515;100529;592.65;1000;10373897080;S
20240515;100530;592.65;2;10373897129;S
20240515;100530;592.7;6;10373897147;B
20240515;100530;592.7;83;10373897160;B
20240515;100530;592.65;2;10373897185;S
20240515;100530;592.65;2;10373897240;S
20240515;100530;592.65;3;10373897252;S
20240515;100531;592.65;2;10373897275;S
20240515;100531;592.7;5;10373897336;B
20240515;100531;592.65;843;10373897393;S
20240515;100531;592.65;2;10373897397;S
20240515;100532;592.7;296;10373897460;B
20240515;100532;592.65;2;10373897480;S
20240515;100532;592.7;30;10373897516;B
20240515;100532;592.65;50;10373897528;S
20240515;100532;592.65;2;10373897548;S
20240515;100532;592.65;2;10373897600;S
20240515;100532;592.65;2;10373897631;S
20240515;100533;592.65;2;10373897681;S
20240515;100533;592.65;2;10373897694;S
20240515;100533;592.65;2;10373897766;S
20240515;100534;592.65;2;10373897817;S
20240515;100534;592.65;46;10373897836;S
20240515;100534;592.65;2;10373897882;S
20240515;100534;592.7;20;10373897964;B
20240515;100535;592.7;1;10373897986;B
20240515;100535;592.65;2;10373897988;S
20240515;100535;592.7;10;10373898001;B
20240515;100535;592.65;2;10373898026;S
20240515;100535;592.7;5;10373898077;B
20240515;100535;592.65;2;10373898128;S
20240515;100536;592.65;12;10373898158;S
20240515;100536;592.65;2;10373898200;S
20240515;100536;592.65;2;10373898235;S
20240515;100536;592.65;3;10373898260;S
20240515;100536;592.7;2;10373898261;B
20240515;100536;592.65;2;10373898289;S
20240515;100537;592.65;2;10373898321;S
20240515;100537;592.65;20;10373898324;S
20240515;100537;592.65;1600;10373898412;S
20240515;100537;592.65;231;10373898413;S
20240515;100537;592.65;2;10373898417;S
20240515;100537;592.65;1;10373898420;S
20240515;100538;592.65;2;10373898491;S
20240515;100538;592.65;1;10373898560;S
20240515;100538;592.65;20;10373898561;S
20240515;100538;592.65;1;10373898562;S
20240515;100538;592.6;3;10373898563;S
20240515;100538;592.55;115;10373898564;S
20240515;100539;592.55;1;10373898633;B
20240515;100539;592.5;2;10373898679;S
20240515;100539;592.5;1;10373898689;S
20240515;100539;592.55;1;10373898692;B
20240515;100539;592.5;1;10373898704;S
20240515;100539;592.5;2;10373898768;S
20240515;100540;592.55;47;10373898826;B
20240515;100540;592.55;44;10373898827;B
20240515;100540;592.6;14;10373898851;B
20240515;100540;592.5;2;10373898860;S
20240515;100540;592.6;1;10373898920;B
20240515;100540;592.5;2;10373898929;S
20240515;100540;592.6;85;10373898945;B
20240515;100540;592.6;2;10373898946;B
20240515;100540;592.6;2;10373898947;B
20240515;100540;592.65;170;10373898948;B
20240515;100540;592.7;247;10373898949;B
20240515;100541;592.5;170;10373899043;S
20240515;100541;592.55;2;10373899051;B
20240515;100541;592.6;100;10373899052;B
20240515;100541;592.65;170;10373899053;B
20240515;100541;592.7;95;10373899054;B
20240515;100541;592.7;1;10373899055;B
20240515;100541;592.7;12;10373899056;B
20240515;100541;592.5;2;10373899073;S
20240515;100541;592.7;2;10373899076;B
20240515;100542;592.65;2;10373899137;S
20240515;100542;592.65;2;10373899182;S
20240515;100542;592.65;4;10373899202;S
20240515;100542;592.65;798;10373899203;S
20240515;100542;592.55;173;10373899204;S
20240515;100542;592.5;25;10373899205;S
20240515;100542;592.5;74;10373899220;S
20240515;100543;592.7;36;10373899241;B
20240515;100543;592.7;170;10373899242;B
20240515;100543;592.7;2;10373899243;S
20240515;100543;592.75;1;10373899273;B
20240515;100543;592.7;2;10373899280;S
20240515;100543;592.7;2;10373899400;S
20240515;100544;592.7;2;10373899468;S
20240515;100544;592.75;1;10373899520;B
20240515;100544;592.7;2;10373899523;S
20240515;100544;592.7;3;10373899531;S
20240515;100544;592.5;219;10373899532;S
20240515;100544;592.5;10;10373899533;S
20240515;100544;592.5;100;10373899534;S
20240515;100544;592.5;71;10373899535;S
20240515;100544;592.45;30;10373899536;S
20240515;100544;592.45;2;10373899537;S
20240515;100544;592.45;231;10373899538;S
20240515;100544;592.45;134;10373899539;S
20240515;100544;592.4;7;10373899562;S
20240515;100545;592.4;2;10373899661;S
20240515;100545;592.45;1;10373899671;B
20240515;100545;592.4;2;10373899750;S
20240515;100546;592.45;2;10373899810;B
20240515;100546;592.45;1;10373899875;B
20240515;100546;592.45;371;10373899911;B
20240515;100546;592.45;100;10373899912;B
20240515;100546;592.4;3;10373899972;S
20240515;100547;592.4;2;10373900055;S
20240515;100547;592.4;2;10373900148;S
20240515;100548;592.4;5;10373900254;S
20240515;100548;592.4;2;10373900317;S
20240515;100548;592.45;2;10373900345;B
20240515;100549;592.4;2;10373900415;S
20240515;100549;592.4;37;10373900446;S
20240515;100549;592.45;2;10373900477;B
20240515;100549;592.45;98;10373900540;B
20240515;100549;592.45;2;10373900541;B
20240515;100549;592.5;2;10373900542;B
20240515;100549;592.5;3;10373900543;B
20240515;100549;592.55;2;10373900544;B
20240515;100549;592.55;43;10373900545;B
20240515;100549;592.55;1;10373900574;B
20240515;100550;592.55;1;10373900619;B
20240515;100550;592.4;18;10373900625;S
20240515;100551;592.45;2;10373900992;S
20240515;100552;592.5;2;10373901067;S
20240515;100552;592.5;8;10373901098;S
20240515;100552;592.45;187;10373901099;S
20240515;100552;592.45;208;10373901140;S
20240515;100552;592.45;2;10373901142;S
20240515;100553;592.45;2;10373901178;S
20240515;100553;592.45;1;10373901262;S
20240515;100553;592.45;2;10373901361;S
20240515;100554;592.5;2;10373901439;B
20240515;100554;592.5;84;10373901440;B
20240515;100554;592.45;2;10373901494;S
20240515;100554;592.45;2;10373901562;S
20240515;100555;592.45;2;10373901607;S
20240515;100555;592.5;1;10373901632;B
20240515;100555;592.45;590;10373901640;S
20240515;100555;592.45;50;10373901641;S
20240515;100555;592.4;18;10373901642;S
20240515;100555;592.4;100;10373901643;S
20240515;100555;592.4;166;10373901644;S
20240515;100555;592.3;86;10373901645;S
20240515;100555;592.3;2;10373901658;S
20240515;100555;592.3;2;10373901724;S
20240515;100556;592.3;2;10373901892;S
20240515;100557;592.3;2;10373902000;S
20240515;100557;592.3;2;10373902049;S
20240515;100557;592.35;2;10373902061;B
20240515;100557;592.4;8;10373902062;B
20240515;100557;592.3;168;10373902069;S
20240515;100557;592.3;2;10373902138;S
20240515;100558;592.35;1;10373902179;B
20240515;100558;592.3;1;10373902333;S
20240515;100558;592.35;9;10373902405;B
20240515;100558;592.35;2;10373902406;B
20240515;100558;592.35;2;10373902407;B
20240515;100558;592.45;165;10373902408;B
20240515;100558;592.45;12;10373902409;B
20240515;100558;592.3;3;10373902435;S
20240515;100558;592.3;100;10373902448;S
20240515;100559;592.3;2;10373902484;S
20240515;100600;592.3;2;10373902924;S
20240515;100601;592.3;100;10373902942;S
20240515;100601;592.3;2;10373902997;S
20240515;100601;592.35;1;10373903048;B
20240515;100601;592.3;2;10373903049;S
20240515;100602;592.35;1;10373903124;B
20240515;100602;592.35;2;10373903125;B
20240515;100602;592.4;100;10373903126;B
20240515;100602;592.45;164;10373903127;B
20240515;100602;592.5;67;10373903128;B
20240515;100602;592.5;141;10373903129;B
20240515;100602;592.55;2;10373903130;B
20240515;100602;592.55;374;10373903131;B
20240515;100602;592.6;523;10373903132;B
20240515;100602;592.5;1;10373903232;B
20240515;100603;592.55;4;10373903353;B
20240515;100603;592.55;33;10373903354;B
20240515;100604;592.35;2;10373903598;B
20240515;100604;592.5;23;10373903599;B
20240515;100604;592.55;1;10373903682;B
20240515;100604;592.3;2;10373903684;S
20240515;100605;592.55;2;10373903693;B
20240515;100605;592.3;2;10373903825;S
20240515;100606;592.35;2;10373903880;B
20240515;100606;592.45;88;10373903881;B
20240515;100606;592.3;2;10373903893;S
20240515;100606;592.3;2;10373903959;S
20240515;100606;592.3;2;10373903990;S
20240515;100607;592.3;2;10373904121;S
20240515;100607;592.3;7;10373904160;S
20240515;100607;592.3;2;10373904173;S
20240515;100607;592.3;10;10373904174;S
20240515;100608;592.4;2;10373904290;B
20240515;100608;592.5;2;10373904291;B
20240515;100608;592.5;59;10373904292;B
20240515;100608;592.55;338;10373904293;B
20240515;100608;592.55;161;10373904294;B
20240515;100608;592.55;100;10373904295;B
20240515;100608;592.6;277;10373904296;B
20240515;100608;592.65;10;10373904297;B
20240515;100608;592.65;46;10373904298;B
20240515;100608;592.7;5;10373904299;B
20240515;100609;592.7;1;10373904477;B
20240515;100609;592.65;2;10373904516;S
20240515;100609;592.35;2;10373904607;S
20240515;100610;592.35;2;10373904685;S
20240515;100610;592.5;10;10373904734;B
20240515;100610;592.5;2;10373904738;S
20240515;100610;592.65;1;10373904740;B
20240515;100611;592.5;2;10373904817;S
20240515;100611;592.5;2;10373904838;S
20240515;100611;592.5;2;10373904949;S
20240515;100613;592.55;1;10373905404;S
20240515;100614;592.5;3;10373905519;S
20240515;100615;592.5;6;10373905661;S
20240515;100615;592.6;2;10373905723;S
20240515;100616;592.65;31;10373905756;B
20240515;100616;592.6;1;10373905765;S
20240515;100616;592.7;373;10373905791;B
20240515;100616;592.7;15;10373905792;B
20240515;100616;592.7;29;10373905793;B
20240515;100616;592.75;48;10373905794;B
20240515;100616;592.75;535;10373905795;B
20240515;100616;592.7;15;10373905819;B
20240515;100618;592.7;1;10373906093;B
20240515;100619;592.65;2;10373906336;S
20240515;100619;592.7;300;10373906502;B
20240515;100620;592.65;15;10373906899;S
20240515;100620;592.6;22;10373906900;S
20240515;100620;592.5;31;10373906901;S
20240515;100620;592.5;27;10373906902;S
20240515;100620;592.45;50;10373906903;S
20240515;100620;592.45;49;10373906904;S
20240515;100620;592.45;4;10373906905;S
20240515;100620;592.45;153;10373906906;S
20240515;100620;592.4;149;10373906907;S
20240515;100621;592.6;15;10373906997;B
20240515;100621;592.6;359;10373907048;B
20240515;100621;592.65;153;10373907049;B
20240515;100621;592.65;3;10373907050;B
20240515;100621;592.65;89;10373907051;B
20240515;100621;592.65;100;10373907052;B
20240515;100621;592.7;296;10373907053;B
20240515;100622;592.65;1;10373907179;B
20240515;100623;592.65;2;10373907362;B
20240515;100623;592.65;156;10373907421;B
20240515;100624;592.6;1;10373907552;S
20240515;100624;592.65;2;10373907570;B
20240515;100624;592.6;11;10373907571;S
20240515;100625;592.6;1351;10373907714;S
20240515;100625;592.5;1687;10373907715;S
20240515;100625;592.5;152;10373907716;S
20240515;100625;592.5;11;10373907787;B
20240515;100625;592.5;49;10373907788;B
20240515;100626;592.55;13;10373907936;B
20240515;100626;592.6;2;10373907986;B
20240515;100627;592.6;43;10373908010;B
20240515;100627;592.6;2;10373908011;B
20240515;100627;592.6;3;10373908119;S
20240515;100628;592.65;3;10373908255;B
20240515;100628;592.65;210;10373908287;B
20240515;100628;592.65;3;10373908288;B
20240515;100628;592.65;3;10373908289;B
20240515;100628;592.65;22;10373908290;B
20240515;100628;592.65;40;10373908291;B
20240515;100628;592.7;722;10373908292;B
20240515;100628;592.6;2;10373908300;S
20240515;100629;592.6;2;10373908403;S
20240515;100630;592.6;2;10373908471;S
20240515;100630;592.65;2;10373908532;B
20240515;100630;592.6;2;10373908556;S
20240515;100630;592.6;2;10373908627;S
20240515;100630;592.6;2;10373908676;S
20240515;100631;592.65;5;10373908715;B
20240515;100631;592.6;1;10373908767;S
20240515;100631;592.6;2;10373908773;S
20240515;100631;592.6;2;10373908881;S
20240515;100632;592.6;2;10373909038;S
20240515;100632;592.65;40;10373909047;B
20240515;100632;592.65;11;10373909111;B
20240515;100633;592.6;2;10373909215;S
20240515;100633;592.6;2;10373909321;S
20240515;100634;592.6;2;10373909487;S
20240515;100634;592.65;7;10373909589;B
20240515;100635;592.6;2;10373909773;S
20240515;100635;592.6;2;10373909785;S
20240515;100635;592.65;309;10373909819;B
20240515;100635;592.65;11;10373909820;B
20240515;100635;592.65;13;10373909821;B
20240515;100635;592.7;667;10373909822;B
20240515;100635;592.6;2;10373909879;S
20240515;100635;592.6;2;10373909905;S
20240515;100636;592.6;2;10373909984;S
20240515;100636;592.6;2;10373910082;S
20240515;100637;592.6;1;10373910261;S
20240515;100637;592.6;1;10373910263;B
20240515;100637;592.6;149;10373910264;B
20240515;100637;592.6;6;10373910265;B
20240515;100637;592.65;2;10373910266;B
20240515;100637;592.65;374;10373910267;B
20240515;100637;592.7;315;10373910268;B
20240515;100637;592.7;1;10373910269;B
20240515;100637;592.7;2;10373910270;B
20240515;100637;592.7;1;10373910271;B
20240515;100637;592.75;149;10373910272;B
20240515;100637;592.55;2;10373910292;S
20240515;100638;592.65;2;10373910320;S
20240515;100638;592.75;1;10373910347;B
20240515;100638;592.65;2;10373910485;S
20240515;100639;592.7;2;10373910585;S
20240515;100639;592.7;2;10373910664;S
20240515;100640;592.75;3;10373910836;B
20240515;100640;592.75;5;10373910837;B
20240515;100640;592.8;32;10373910838;B
20240515;100640;592.8;830;10373910839;B
20240515;100641;592.7;2;10373910894;S
20240515;100641;592.7;2;10373910956;S
20240515;100641;592.7;2;10373910969;S
20240515;100641;592.7;2;10373910986;S
20240515;100642;592.7;162;10373911063;S
20240515;100642;592.7;374;10373911064;S
20240515;100642;592.7;295;10373911065;S
20240515;100642;592.7;149;10373911066;S
20240515;100642;592.65;20;10373911067;S
20240515;100643;592.65;2;10373911124;S
20240515;100643;592.65;1;10373911159;S
20240515;100643;592.65;2;10373911196;S
20240515;100643;592.8;10;10373911197;B
20240515;100644;592.8;5;10373911288;B
20240515;100644;592.75;2;10373911361;S
20240515;100645;592.7;2;10373911398;S
20240515;100645;592.65;2;10373911431;S
20240515;100645;592.65;2;10373911467;S
20240515;100645;592.75;54;10373911538;B
20240515;100645;592.8;636;10373911539;B
20240515;100646;592.65;2;10373911546;S
20240515;100646;592.7;170;10373911569;S
20240515;100646;592.65;10;10373911570;S
20240515;100646;592.65;2;10373911575;S
20240515;100646;592.65;2;10373911690;S
20240515;100646;592.75;80;10373911703;B
20240515;100647;592.65;2;10373911711;S
20240515;100647;592.7;4;10373911845;S
20240515;100647;592.65;61;10373911846;S
20240515;100648;592.65;2;10373912105;S
20240515;100648;592.65;119;10373912106;S
20240515;100649;592.75;9;10373912126;B
20240515;100649;592.75;170;10373912127;B
20240515;100649;592.75;180;10373912128;B
20240515;100649;592.75;1;10373912165;B
20240515;100649;592.65;1;10373912167;S
20240515;100650;592.7;1;10373912321;S
20240515;100651;592.7;1;10373912512;S
20240515;100652;592.75;1;10373912591;B
20240515;100653;592.75;1;10373912837;B
20240515;100654;592.75;2;10373913029;B
20240515;100655;592.75;30;10373913079;B
20240515;100655;592.75;1;10373913080;B
20240515;100655;592.75;1;10373913121;B
20240515;100655;592.7;1;10373913122;S
20240515;100655;592.65;1;10373913123;S
20240515;100656;592.75;1;10373913281;B
20240515;100656;592.75;13;10373913282;B
20240515;100657;592.65;11;10373913363;S
20240515;100658;592.75;1;10373913502;B
20240515;100658;592.65;200;10373913525;S
20240515;100658;592.65;2;10373913593;S
20240515;100700;592.75;32;10373913770;B
20240515;100702;592.75;12;10373914413;B
20240515;100702;592.75;15;10373914445;B
20240515;100704;592.75;1;10373914733;B
20240515;100706;592.65;2;10373915002;S
20240515;100706;592.7;2;10373915010;B
20240515;100706;592.7;8;10373915011;B
20240515;100706;592.7;42;10373915038;B
20240515;100706;592.75;5;10373915039;B
20240515;100706;592.75;53;10373915040;B
20240515;100706;592.65;2;10373915071;S
20240515;100707;592.65;2;10373915135;S
20240515;100707;592.7;6;10373915191;B
20240515;100707;592.65;2;10373915213;S
20240515;100708;592.65;2;10373915291;S
20240515;100708;592.65;13;10373915330;S
20240515;100709;592.65;2;10373915396;S
20240515;100709;592.65;175;10373915430;S
20240515;100709;592.7;16;10373915449;B
20240515;100709;592.7;84;10373915450;B
20240515;100709;592.7;11;10373915470;B
20240515;100709;592.75;39;10373915471;B
20240515;100709;592.7;2;10373915502;B
20240515;100710;592.75;1;10373915659;B
20240515;100710;592.75;1;10373915673;B
20240515;100711;592.75;24;10373915712;B
20240515;100711;592.75;14;10373915791;B
20240515;100711;592.75;17;10373915792;B
20240515;100712;592.65;6;10373915902;S
20240515;100712;592.75;1;10373916041;B
20240515;100713;592.75;4;10373916260;B
20240515;100714;592.65;2;10373916498;S
20240515;100716;592.75;1;10373916793;B
20240515;100717;592.75;2;10373916881;B
20240515;100718;592.75;10;10373917094;B
20240515;100719;592.75;5;10373917300;B
20240515;100720;592.65;25;10373917444;S
20240515;100721;592.65;5;10373917575;S
20240515;100722;592.7;5;10373917645;B
20240515;100722;592.7;2;10373917646;B
20240515;100722;592.7;2;10373917683;B
20240515;100722;592.75;3;10373917684;B
20240515;100723;592.65;2;10373917936;S
20240515;100727;592.65;5;10373918490;S
20240515;100727;592.65;3;10373918583;S
20240515;100727;592.7;1;10373918600;B
20240515;100727;592.7;6;10373918601;B
20240515;100727;592.7;13;10373918602;B
20240515;100729;592.7;2;10373918968;B
20240515;100729;592.75;8;10373918969;B
20240515;100730;592.75;2;10373919049;B
20240515;100730;592.75;4;10373919078;B
20240515;100731;592.75;1;10373919220;B
20240515;100731;592.75;3;10373919312;B
20240515;100733;592.75;3;10373919469;B
20240515;100733;592.75;1;10373919560;B
20240515;100733;592.75;1;10373919599;B
20240515;100734;592.75;326;10373919615;B
20240515;100734;592.75;32;10373919616;B
20240515;100734;592.75;492;10373919617;B
20240515;100734;592.75;2;10373919633;B
20240515;100736;592.7;1;10373919902;S
20240515;100736;592.75;1;10373919923;B
20240515;100736;592.75;1;10373919968;B
20240515;100737;592.75;1;10373920013;B
20240515;100737;592.75;3;10373920063;B
20240515;100737;592.75;47;10373920064;B
20240515;100738;592.75;2;10373920235;B
20240515;100739;592.75;12;10373920361;B
20240515;100740;592.7;2;10373920562;S
20240515;100740;592.7;7;10373920563;S
20240515;100741;592.75;1;10373920592;B
20240515;100741;592.75;50;10373920713;B
20240515;100742;592.7;175;10373920856;S
20240515;100742;592.75;15;10373920934;B
20240515;100743;592.7;2;10373921091;B
20240515;100743;592.65;1;10373921112;S
20240515;100744;592.7;81;10373921118;B
20240515;100744;592.7;1;10373921209;B
20240515;100745;592.7;2;10373921324;B
20240515;100745;592.7;20;10373921332;B
20240515;100745;592.7;2;10373921336;B
20240515;100746;592.7;1;10373921477;B
20240515;100747;592.65;1;10373921542;S
20240515;100747;592.65;153;10373921590;S
20240515;100747;592.7;1;10373921592;B
20240515;100751;592.65;163;10373922112;S
20240515;100751;592.65;75;10373922113;S
20240515;100753;592.7;1;10373922351;B
20240515;100755;592.7;2;10373922518;B
20240515;100755;592.7;22;10373922519;B
20240515;100755;592.65;2;10373922569;S
20240515;100756;592.65;1;10373922756;S
20240515;100758;592.7;121;10373922930;B
20240515;100758;592.7;79;10373922931;B
20240515;100758;592.65;1;10373922936;S
20240515;100758;592.65;21;10373923000;S
20240515;100758;592.65;15;10373923001;S
20240515;100758;592.65;11;10373923002;S
20240515;100758;592.65;53;10373923003;S
20240515;100758;592.65;163;10373923004;S
20240515;100758;592.6;142;10373923005;S
20240515;100758;592.55;23;10373923006;S
20240515;100758;592.55;45;10373923007;S
20240515;100758;592.55;100;10373923008;S
20240515;100758;592.5;60;10373923009;S
20240515;100758;592.5;3;10373923010;S
20240515;100758;592.5;100;10373923011;S
20240515;100758;592.5;50;10373923012;S
20240515;100758;592.45;1;10373923013;S
20240515;100758;592.45;100;10373923014;S
20240515;100758;592.45;20;10373923015;S
20240515;100758;592.4;6;10373923016;S
20240515;100758;592.35;25;10373923017;S
20240515;100758;592.35;1200;10373923018;S
20240515;100758;592.3;10;10373923019;S
20240515;100758;592.3;37;10373923020;S
20240515;100758;592.3;3;10373923021;S
20240515;100758;592.3;10;10373923022;S
20240515;100758;592.3;30;10373923023;S
20240515;100758;592.3;2;10373923024;S
20240515;100758;592.3;1;10373923025;S
20240515;100758;592.3;2;10373923026;S
20240515;100758;592.3;1769;10373923027;S
20240515;100758;592.25;5;10373923028;S
20240515;100758;592.25;5;10373923029;S
20240515;100758;592.25;50;10373923030;S
20240515;100758;592.25;2;10373923031;S
20240515;100758;592.2;25;10373923032;S
20240515;100758;592.2;25;10373923033;S
20240515;100758;592.2;695;10373923034;S
20240515;100758;592.25;500;10373923042;S
20240515;100758;592.25;100;10373923043;S
20240515;100758;592.3;33;10373923044;S
20240515;100758;592.25;467;10373923045;S
20240515;100758;592.25;459;10373923046;S
20240515;100759;592.15;41;10373923064;S
20240515;100759;592.15;50;10373923160;S
20240515;100800;592.3;4;10373923161;B
20240515;100800;592.3;3;10373923162;B
20240515;100800;592.3;2;10373923445;B
20240515;100801;592.25;3;10373923542;S
20240515;100801;592.25;37;10373923591;S
20240515;100801;592.15;9;10373923592;S
20240515;100801;592.1;50;10373923593;S
20240515;100801;592.1;4;10373923594;S
20240515;100801;592.1;11;10373923613;S
20240515;100802;592.25;91;10373923644;B
20240515;100802;592.3;69;10373923645;B
20240515;100802;592.3;3;10373923646;B
20240515;100802;592.3;139;10373923647;B
20240515;100802;592.35;269;10373923648;B
20240515;100802;592.4;33;10373923649;B
20240515;100802;592.4;695;10373923650;B
20240515;100802;592.4;100;10373923651;B
20240515;100802;592.45;10;10373923652;B
20240515;100802;592.45;1526;10373923653;B
20240515;100802;592.5;700;10373923654;B
20240515;100802;592.55;500;10373923655;B
20240515;100802;592.6;100;10373923656;B
20240515;100802;592.6;1000;10373923657;B
20240515;100802;592.6;2;10373923668;S
20240515;100802;592.6;2;10373923669;S
20240515;100802;592.6;3;10373923670;S
20240515;100802;592.6;2;10373923671;S
20240515;100802;592.6;2;10373923672;S
20240515;100802;592.6;1;10373923673;S
20240515;100802;592.6;3;10373923674;S
20240515;100808;592.7;1;10373924479;B
20240515;100808;592.7;1;10373924488;B
20240515;100808;592.7;1;10373924517;B
20240515;100811;592.65;2;10373924981;B
20240515;100813;592.6;2;10373925335;S
20240515;100813;592.65;3;10373925452;B
20240515;100813;592.7;1;10373925453;B
20240515;100813;592.7;3;10373925454;B
20240515;100813;592.7;73;10373925455;B
20240515;100814;592.75;1;10373925606;B
20240515;100815;592.75;400;10373925715;B
20240515;100816;592.75;2;10373925818;B
20240515;100817;592.65;6;10373925879;S
20240515;100818;592.7;3;10373925916;B
20240515;100818;592.75;49;10373925917;B
20240515;100818;592.75;16;10373925918;B
20240515;100818;592.75;15;10373925919;B
20240515;100818;592.75;2;10373925920;B
20240515;100818;592.8;9;10373925921;B
20240515;100818;592.8;2;10373925933;B
20240515;100820;592.65;8;10373926256;S
20240515;100820;592.65;4;10373926319;S
20240515;100821;592.75;1;10373926512;B
20240515;100824;592.6;18;10373927044;S
20240515;100824;592.75;5;10373927049;B
20240515;100825;592.75;1;10373927243;B
20240515;100825;592.75;1;10373927276;B
20240515;100826;592.75;169;10373927486;B
20240515;100826;592.8;331;10373927487;B
20240515;100826;592.8;166;10373927503;B
20240515;100826;592.75;1;10373927517;S
20240515;100827;592.75;1;10373927669;S
20240515;100828;592.8;2;10373927815;B
20240515;100831;592.8;1;10373928584;B
20240515;100832;592.8;2;10373928707;B
20240515;100834;592.75;1;10373929004;S
20240515;100834;592.75;1;10373929060;S
20240515;100835;592.8;20;10373929069;B
20240515;100835;592.8;1;10373929186;B
20240515;100836;592.75;78;10373929250;S
20240515;100836;592.75;2;10373929288;S
20240515;100837;592.8;3;10373929346;B
20240515;100837;592.8;1;10373929423;B
20240515;100838;592.8;2;10373929573;B
20240515;100838;592.75;82;10373929621;S
20240515;100840;592.75;1;10373929882;S
20240515;100843;592.8;4;10373930290;B
20240515;100843;592.75;2;10373930300;S
20240515;100843;592.75;19;10373930464;S
20240515;100846;592.75;1;10373930996;S
20240515;100848;592.8;14;10373931272;B
20240515;100849;592.75;2;10373931398;S
20240515;100849;592.8;1;10373931413;B
20240515;100849;592.8;100;10373931486;B
20240515;100850;592.8;1;10373931684;B
20240515;100851;592.8;1;10373931699;B
20240515;100851;592.8;358;10373931748;B
20240515;100851;592.8;3;10373931749;B
20240515;100851;592.8;38;10373931750;B
20240515;100851;592.8;1;10373931751;B
20240515;100852;592.8;1;10373931832;B
20240515;100852;592.8;98;10373931844;B
20240515;100852;592.8;50;10373931845;B
20240515;100852;592.85;1;10373931846;B
20240515;100852;592.85;147;10373931847;B
20240515;100852;592.85;1134;10373931848;B
20240515;100852;592.8;138;10373931906;S
20240515;100852;592.8;207;10373931907;S
20240515;100852;592.75;371;10373931908;S
20240515;100852;592.75;1;10373931909;S
20240515;100852;592.75;170;10373931910;S
20240515;100852;592.75;50;10373931911;S
20240515;100852;592.7;5563;10373931912;S
20240515;100853;592.85;1;10373932003;B
20240515;100853;592.75;2;10373932076;S
20240515;100854;592.85;50;10373932237;B
20240515;100854;592.85;2;10373932238;B
20240515;100854;592.85;25;10373932239;B
20240515;100854;592.85;1;10373932240;B
20240515;100854;592.85;196;10373932241;B
20240515;100854;592.85;6;10373932242;B
20240515;100854;592.9;2;10373932243;B
20240515;100854;592.9;10;10373932244;B
20240515;100854;592.9;1;10373932245;B
20240515;100854;592.9;500;10373932246;B
20240515;100854;592.9;7;10373932247;B
20240515;100854;592.85;98;10373932257;B
20240515;100854;592.9;2;10373932258;B
20240515;100855;592.85;18;10373932317;S
20240515;100856;592.9;2;10373932476;B
20240515;100856;592.9;2;10373932493;B
20240515;100856;592.9;3;10373932570;B
20240515;100857;592.85;3;10373932643;S
20240515;100859;592.9;3;10373932810;B
20240515;100859;592.85;3;10373932813;S
20240515;100859;592.85;1;10373932834;S
20240515;100900;592.85;100;10373932958;S
20240515;100900;592.9;2;10373933003;B
20240515;100901;592.9;79;10373933051;B
20240515;100901;592.9;100;10373933052;B
20240515;100901;592.9;20;10373933053;B
20240515;100901;592.9;18;10373933054;B
20240515;100902;592.9;1;10373933189;B
20240515;100902;592.9;231;10373933208;B
20240515;100902;592.9;5;10373933209;B
20240515;100902;592.9;50;10373933210;B
20240515;100902;592.9;388;10373933211;B
20240515;100902;592.9;240;10373933218;B
20240515;100902;592.9;500;10373933446;B
20240515;100903;592.9;1;10373933583;B
20240515;100905;592.9;100;10373933889;B
20240515;100906;592.85;2;10373934125;S
20240515;100907;592.9;41;10373934207;B
20240515;100907;592.9;1;10373934277;B
20240515;100907;592.9;6;10373934282;B
20240515;100908;592.85;372;10373934433;S
20240515;100908;592.85;10;10373934434;S
20240515;100908;592.85;170;10373934435;S
20240515;100908;592.8;86;10373934436;S
20240515;100910;592.85;1;10373934661;B
20240515;100910;592.85;1;10373934662;B
20240515;100911;592.8;20;10373934822;S
20240515;100912;592.85;134;10373934893;B
20240515;100912;592.85;243;10373934918;B
20240515;100912;592.85;100;10373934919;B
20240515;100912;592.85;237;10373935001;S
20240515;100912;592.85;170;10373935002;S
20240515;100912;592.8;397;10373935003;S
20240515;100912;592.85;10;10373935014;B
20240515;100913;592.85;7;10373935098;B
20240515;100913;592.85;3;10373935100;B
20240515;100914;592.8;20;10373935233;S
20240515;100914;592.8;7;10373935334;S
20240515;100915;592.85;1;10373935361;B
20240515;100915;592.8;3;10373935412;S
20240515;100916;592.8;1;10373935520;S
20240515;100916;592.8;10;10373935586;S
20240515;100917;592.85;358;10373935646;B
20240515;100917;592.85;42;10373935647;B
20240515;100917;592.85;4;10373935690;B
20240515;100919;592.85;3;10373935872;B
20240515;100920;592.8;38;10373935926;S
20240515;100920;592.8;1;10373935928;S
20240515;100920;592.85;50;10373935929;B
20240515;100920;592.85;1;10373935983;B
20240515;100921;592.85;1;10373936150;B
20240515;100922;592.85;327;10373936230;B
20240515;100922;592.85;21;10373936231;B
20240515;100923;592.85;29;10373936357;B
20240515;100923;592.85;1;10373936358;B
20240515;100923;592.85;1;10373936359;B
20240515;100923;592.85;24;10373936360;B
20240515;100923;592.85;2;10373936361;B
20240515;100923;592.85;49;10373936362;B
20240515;100923;592.85;1;10373936383;B
20240515;100923;592.8;150;10373936384;S
20240515;100923;592.85;5;10373936386;B
20240515;100923;592.8;16;10373936410;S
20240515;100923;592.8;35;10373936438;S
20240515;100925;592.8;102;10373936813;S
20240515;100925;592.8;1;10373936814;S
20240515;100925;592.8;1;10373936815;S
