<DATE>;<TIME>;<LAST>;<VOL>;<ID>;<OPER>
20240508;095959;42.255;20;10314761476;S
20240508;095959;42.255;50;10314761477;S
20240508;095959;42.255;100;10314761478;S
20240508;095959;42.255;20;10314761479;B
20240508;095959;42.255;20;10314761480;B
20240508;095959;42.255;160;10314761481;B
20240508;095959;42.255;20;10314761482;B
20240508;095959;42.255;500;10314761483;B
20240508;095959;42.255;10;10314761484;S
20240508;095959;42.255;10;10314761485;B
20240508;095959;42.255;90;10314761486;B
20240508;095959;42.255;10;10314761487;B
20240508;095959;42.255;30;10314761488;B
20240508;095959;42.255;10;10314761489;B
20240508;095959;42.255;10;10314761490;B
20240508;095959;42.255;10;10314761491;B
20240508;095959;42.255;70;10314761492;B
20240508;095959;42.255;3910;10314761493;B
20240508;095959;42.255;10;10314761494;S
20240508;095959;42.255;10;10314761495;S
20240508;095959;42.255;10;10314761496;S
20240508;095959;42.255;10;10314761497;S
20240508;095959;42.255;10;10314761498;S
20240508;095959;42.255;10;10314761499;S
20240508;095959;42.255;10;10314761500;S
20240508;095959;42.255;400;10314761501;S
20240508;095959;42.255;10;10314761502;S
20240508;095959;42.255;10;10314761503;B
20240508;100001;42.255;250;10314762534;B
20240508;100002;42.25;20;10314763632;S
20240508;100002;42.25;980;10314763633;S
20240508;100003;42.25;1000;10314764069;S
20240508;100003;42.255;1290;10314764236;B
20240508;100004;42.255;300;10314764777;B
20240508;100005;42.25;10;10314765023;S
20240508;100005;42.25;80;10314765179;S
20240508;100005;42.25;10;10314765319;S
20240508;100005;42.255;10;10314765323;B
20240508;100005;42.25;30;10314765519;S
20240508;100005;42.255;20;10314765528;B
20240508;100005;42.25;170;10314765643;S
20240508;100005;42.25;40;10314765644;S
20240508;100005;42.25;20;10314765645;S
20240508;100005;42.255;10;10314765986;B
20240508;100005;42.255;60;10314765987;B
20240508;100006;42.25;450;10314766436;S
20240508;100006;42.255;20;10314766696;B
20240508;100006;42.255;50;10314767040;B
20240508;100006;42.25;20;10314767042;S
20240508;100006;42.25;20;10314767165;S
20240508;100006;42.25;20;10314767174;S
20240508;100006;42.25;10;10314767384;S
20240508;100006;42.25;10;10314767408;S
20240508;100006;42.25;20;10314767409;S
20240508;100007;42.25;90;10314767681;S
20240508;100007;42.25;300;10314767702;S
20240508;100007;42.255;10;10314767809;B
20240508;100007;42.25;10;10314767812;S
20240508;100007;42.25;710;10314767876;S
20240508;100007;42.25;120;10314767877;S
20240508;100007;42.24;1660;10314767878;S
20240508;100007;42.24;2370;10314767879;S
20240508;100007;42.24;3080;10314767880;S
20240508;100007;42.235;390;10314767881;S
20240508;100007;42.235;1980;10314767882;S
20240508;100007;42.235;10;10314768260;S
20240508;100007;42.235;30;10314768264;S
20240508;100007;42.255;10;10314768593;B
20240508;100008;42.255;10;10314768882;B
20240508;100008;42.255;30;10314768892;B
20240508;100008;42.255;20;10314768947;B
20240508;100008;42.235;10;10314769143;S
20240508;100008;42.25;10;10314769616;B
20240508;100008;42.24;200;10314769718;S
20240508;100010;42.25;110;10314770373;B
20240508;100011;42.245;30;10314770631;B
20240508;100011;42.245;50;10314770646;B
20240508;100013;42.24;240;10314771241;S
20240508;100016;42.245;70;10314772169;B
20240508;100016;42.245;30;10314772258;S
20240508;100016;42.245;8520;10314772259;S
20240508;100016;42.235;490;10314772260;S
20240508;100016;42.23;800;10314772261;S
20240508;100016;42.225;390;10314772262;S
20240508;100016;42.22;3080;10314772263;S
20240508;100016;42.215;5840;10314772264;S
20240508;100016;42.215;1660;10314772265;S
20240508;100016;42.215;2370;10314772266;S
20240508;100016;42.215;3000;10314772267;S
20240508;100016;42.21;5500;10314772268;S
20240508;100016;42.205;1500;10314772269;S
20240508;100016;42.2;80;10314772270;S
20240508;100016;42.2;500;10314772271;S
20240508;100016;42.2;10000;10314772272;S
20240508;100016;42.2;100;10314772273;S
20240508;100016;42.2;10000;10314772274;S
20240508;100016;42.195;10000;10314772275;S
20240508;100016;42.165;10;10314772276;S
20240508;100016;42.165;30;10314772277;S
20240508;100016;42.155;140;10314772278;S
20240508;100016;42.15;20000;10314772279;S
20240508;100016;42.145;2000;10314772280;S
20240508;100016;42.14;390;10314772281;S
20240508;100016;42.14;600;10314772283;B
20240508;100016;42.14;180;10314772292;B
20240508;100016;42.14;1080;10314772293;B
20240508;100016;42.14;4000;10314772295;B
20240508;100016;42.14;2420;10314772303;B
20240508;100017;42.14;4000;10314772379;B
20240508;100017;42.14;3590;10314772423;B
20240508;100017;42.14;390;10314772424;B
20240508;100017;42.195;10;10314772439;B
20240508;100018;42.19;250;10314772532;B
20240508;100032;42.15;10;10314776198;S
20240508;100032;42.15;50;10314776279;S
20240508;100036;42.15;10;10314776802;S
20240508;100036;42.135;160;10314776803;S
20240508;100045;42.18;140;10314778632;B
20240508;100045;42.18;860;10314778633;B
20240508;100046;42.14;40;10314779008;S
20240508;100050;42.145;810;10314779608;S
20240508;100050;42.145;1190;10314779609;S
20240508;100059;42.165;10;10314781341;B
20240508;100100;42.145;10;10314781505;S
20240508;100103;42.165;30;10314782165;B
20240508;100104;42.165;10;10314782276;B
20240508;100106;42.165;40;10314782417;B
20240508;100109;42.17;10;10314782945;B
20240508;100113;42.17;480;10314783524;B
20240508;100114;42.17;10;10314783558;B
20240508;100114;42.175;10;10314783682;B
20240508;100115;42.175;50;10314783749;B
20240508;100119;42.185;100;10314784206;B
20240508;100119;42.185;10;10314784271;B
20240508;100124;42.185;10;10314785100;S
20240508;100129;42.185;560;10314786021;S
20240508;100132;42.185;1000;10314786588;S
20240508;100139;42.19;10;10314787799;B
20240508;100140;42.19;90;10314787862;B
20240508;100140;42.19;10;10314787863;B
20240508;100140;42.19;19830;10314787864;B
20240508;100140;42.19;130;10314787865;B
20240508;100141;42.215;10;10314788049;B
20240508;100144;42.215;10;10314788647;B
20240508;100149;42.215;20;10314789891;B
20240508;100154;42.215;10;10314790909;B
20240508;100159;42.215;50;10314791638;B
20240508;100202;42.215;50;10314792139;S
20240508;100209;42.22;30;10314793192;B
20240508;100209;42.22;10;10314793193;B
20240508;100209;42.22;700;10314793194;B
20240508;100209;42.225;260;10314793195;B
20240508;100223;42.23;10;10314795448;B
20240508;100234;42.205;90;10314797038;S
20240508;100239;42.23;90;10314797814;B
20240508;100239;42.235;20;10314797815;B
20240508;100254;42.21;30;10314800053;S
20240508;100254;42.225;10;10314800056;B
20240508;100257;42.215;30;10314800368;S
20240508;100305;42.22;20;10314801443;S
20240508;100305;42.21;170;10314801444;S
20240508;100328;42.225;240;10314804946;B
20240508;100328;42.225;260;10314804947;B
20240508;100330;42.225;30;10314805264;B
20240508;100332;42.225;10;10314805511;B
20240508;100334;42.225;10;10314806013;B
20240508;100339;42.225;10;10314806805;B
20240508;100341;42.22;7000;10314806926;B
20240508;100344;42.225;10;10314807420;B
20240508;100349;42.205;60;10314807909;S
20240508;100349;42.225;610;10314808026;B
20240508;100349;42.225;10;10314808090;B
20240508;100353;42.225;30;10314808556;B
20240508;100406;42.21;20;10314810412;S
20240508;100410;42.225;2570;10314810941;B
20240508;100410;42.225;10;10314810942;B
20240508;100410;42.225;110;10314810943;B
20240508;100410;42.23;790;10314810944;B
20240508;100410;42.235;70;10314810945;B
20240508;100432;42.215;280;10314813965;S
20240508;100435;42.235;10;10314814406;B
20240508;100443;42.235;420;10314815455;B
20240508;100448;42.235;20;10314816346;S
20240508;100451;42.235;10;10314816667;S
20240508;100452;42.24;10;10314816820;B
20240508;100452;42.24;10;10314816821;B
20240508;100454;42.245;10;10314817194;B
20240508;100459;42.245;10;10314818042;B
20240508;100504;42.245;10;10314819053;B
20240508;100509;42.245;10;10314819808;B
20240508;100509;42.245;270;10314819809;B
20240508;100509;42.245;20;10314819856;B
20240508;100510;42.245;100;10314819999;B
20240508;100513;42.245;420;10314820307;B
20240508;100519;42.245;10;10314821388;B
20240508;100521;42.245;10;10314821630;B
20240508;100523;42.245;1280;10314821834;B
20240508;100524;42.245;10;10314822047;B
20240508;100526;42.235;60;10314822407;S
20240508;100529;42.245;280;10314822788;B
20240508;100529;42.245;10;10314822811;B
20240508;100534;42.245;10;10314823522;B
20240508;100539;42.245;20;10314824163;B
20240508;100544;42.24;10;10314824759;B
20240508;100559;42.235;70;10314826730;S
20240508;100606;42.24;10;10314827782;B
20240508;100609;42.235;10;10314828045;S
20240508;100612;42.24;50;10314828358;B
20240508;100614;42.235;110;10314828557;S
20240508;100631;42.235;10;10314830662;B
20240508;100644;42.235;10;10314832142;B
20240508;100646;42.235;30;10314832268;B
20240508;100649;42.235;90;10314832578;B
20240508;100649;42.235;70;10314832579;B
20240508;100649;42.235;10;10314832693;B
20240508;100654;42.235;10;10314833224;B
20240508;100659;42.235;190;10314833763;B
20240508;100659;42.235;310;10314833764;B
20240508;100659;42.235;10;10314833833;B
20240508;100704;42.235;10;10314834547;B
20240508;100709;42.235;20;10314835097;B
20240508;100711;42.235;340;10314835210;B
20240508;100711;42.225;10;10314835319;S
20240508;100711;42.22;20;10314835320;S
20240508;100714;42.23;10;10314835730;B
20240508;100719;42.23;10;10314836359;B
20240508;100724;42.23;10;10314836835;B
20240508;100729;42.23;10;10314837499;B
20240508;100730;42.215;110;10314837529;S
20240508;100730;42.215;790;10314837530;S
20240508;100730;42.23;30;10314837610;B
20240508;100731;42.23;30;10314837760;B
20240508;100731;42.215;50;10314837761;S
20240508;100732;42.215;650;10314837813;S
20240508;100734;42.225;10;10314838238;B
20240508;100737;42.225;630;10314838536;B
20240508;100739;42.225;10;10314838839;B
20240508;100740;42.225;50;10314838918;B
20240508;100744;42.225;20;10314839560;B
20240508;100749;42.22;10;10314840463;B
20240508;100749;42.22;10;10314840518;B
20240508;100754;42.22;50;10314841080;B
20240508;100754;42.22;10;10314841116;B
20240508;100754;42.22;440;10314841125;B
20240508;100759;42.225;10;10314841705;B
20240508;100801;42.22;60;10314841884;S
20240508;100801;42.22;670;10314841885;S
20240508;100804;42.225;10;10314842323;B
20240508;100809;42.225;20;10314843065;B
20240508;100809;42.225;10;10314843082;B
20240508;100813;42.225;10;10314843767;B
20240508;100814;42.225;20;10314843904;B
20240508;100814;42.225;10;10314844074;B
20240508;100817;42.225;10;10314844361;B
20240508;100819;42.225;10;10314844679;B
20240508;100824;42.225;10;10314845358;B
20240508;100824;42.225;10;10314845481;B
20240508;100825;42.225;20;10314845553;B
20240508;100829;42.225;20;10314846364;B
20240508;100832;42.215;1660;10314846949;S
20240508;100832;42.215;640;10314846950;S
20240508;100832;42.215;2370;10314846951;S
20240508;100832;42.215;770;10314846952;S
20240508;100832;42.215;90;10314846953;S
20240508;100833;42.21;20;10314847090;S
20240508;100833;42.21;80;10314847091;S
20240508;100833;42.21;500;10314847092;S
20240508;100834;42.215;10;10314847260;B
20240508;100839;42.215;10;10314847819;B
20240508;100844;42.21;10;10314848393;S
20240508;100844;42.215;10;10314848504;B
20240508;100845;42.215;250;10314848629;B
20240508;100849;42.215;10;10314849317;B
20240508;100852;42.21;10;10314849624;S
20240508;100854;42.215;10;10314849847;B
20240508;100855;42.21;3000;10314849904;S
20240508;100903;42.21;80;10314850976;S
20240508;100903;42.21;140;10314850977;S
20240508;100903;42.21;10;10314850978;S
20240508;100903;42.205;100;10314850979;S
20240508;100903;42.205;3920;10314850980;S
20240508;100904;42.205;140;10314851195;S
20240508;100904;42.21;10;10314851228;B
20240508;100904;42.21;10;10314851269;B
20240508;100905;42.215;2800;10314851439;B
20240508;100909;42.215;10;10314851865;B
20240508;100912;42.215;2000;10314852382;B
20240508;100914;42.215;20;10314852691;B
20240508;100920;42.215;1000;10314853337;B
20240508;100923;42.215;10;10314853598;B
20240508;100923;42.215;10;10314853762;B
20240508;100928;42.21;30;10314854491;S
20240508;100928;42.21;110;10314854492;S
20240508;100928;42.21;10;10314854546;B
20240508;100931;42.205;70;10314855072;S
20240508;100933;42.21;10;10314855847;B
20240508;100938;42.21;10;10314856772;B
20240508;100941;42.21;630;10314857176;B
20240508;100943;42.21;10;10314857494;B
20240508;100952;42.21;10;10314859276;B
20240508;100953;42.205;870;10314859298;S
20240508;100953;42.205;230;10314859299;S
20240508;100957;42.21;10;10314860095;B
20240508;101001;42.21;100;10314860888;B
20240508;101001;42.21;630;10314860889;B
20240508;101002;42.21;20;10314861043;B
20240508;101002;42.21;10;10314861103;B
20240508;101004;42.21;510;10314861351;B
20240508;101004;42.21;3830;10314861352;B
20240508;101004;42.21;1520;10314861353;B
20240508;101004;42.21;9140;10314861354;B
20240508;101006;42.21;10;10314861661;B
20240508;101007;42.21;10;10314861841;B
20240508;101012;42.21;720;10314862660;B
20240508;101012;42.21;10;10314862735;B
20240508;101015;42.21;10;10314863070;B
20240508;101017;42.21;10;10314863510;B
20240508;101018;42.205;110;10314863540;S
20240508;101022;42.21;30;10314863990;B
20240508;101022;42.21;10;10314864096;B
20240508;101027;42.21;20;10314865148;B
20240508;101028;42.21;10;10314865220;B
20240508;101031;42.205;10;10314865745;S
20240508;101032;42.21;10;10314865910;B
20240508;101037;42.21;10;10314866510;B
20240508;101041;42.21;10;10314867011;B
20240508;101042;42.21;10;10314867196;B
20240508;101046;42.205;1310;10314867808;S
20240508;101046;42.205;1690;10314867809;S
20240508;101047;42.21;10;10314867968;B
20240508;101052;42.21;10;10314868712;B
20240508;101054;42.205;100;10314868882;S
20240508;101054;42.21;40;10314868924;B
20240508;101056;42.205;400;10314869275;S
20240508;101059;42.21;20;10314869833;B
20240508;101100;42.21;10;10314870008;B
20240508;101104;42.21;30;10314870610;B
20240508;101107;42.21;10;10314871045;B
20240508;101110;42.205;600;10314871439;S
20240508;101121;42.205;20;10314872685;S
20240508;101127;42.21;690;10314873513;B
20240508;101127;42.21;10;10314873615;B
20240508;101131;42.21;30;10314873983;B
20240508;101132;42.205;30;10314874094;S
20240508;101132;42.21;10;10314874164;B
20240508;101135;42.205;200;10314874384;S
20240508;101136;42.205;200;10314874525;S
20240508;101136;42.205;450;10314874526;S
20240508;101136;42.205;10000;10314874527;S
20240508;101136;42.205;10;10314874528;S
20240508;101136;42.2;530;10314874529;S
20240508;101136;42.2;39920;10314874530;S
20240508;101136;42.2;10;10314874541;S
20240508;101136;42.2;40;10314874544;S
20240508;101136;42.2;10;10314874547;S
20240508;101136;42.2;4190;10314874558;S
20240508;101136;42.2;40;10314874639;S
20240508;101136;42.2;10;10314874640;S
20240508;101137;42.2;70;10314874805;S
20240508;101138;42.2;1120;10314874954;S
20240508;101138;42.2;20;10314874955;S
20240508;101138;42.2;3000;10314874963;S
20240508;101138;42.2;1040;10314874966;S
20240508;101138;42.2;50;10314874967;S
20240508;101138;42.2;10;10314874968;S
20240508;101138;42.2;30;10314874969;S
20240508;101138;42.2;10;10314874970;S
20240508;101138;42.2;50;10314874971;S
20240508;101138;42.195;100;10314874972;S
20240508;101138;42.195;390;10314874973;S
20240508;101138;42.19;13320;10314874974;S
20240508;101139;42.19;80;10314875186;S
20240508;101139;42.19;40;10314875187;S
20240508;101139;42.19;10;10314875194;S
20240508;101139;42.19;30;10314875195;S
20240508;101140;42.19;10;10314875347;S
20240508;101140;42.19;10;10314875348;S
20240508;101141;42.19;10;10314875389;S
20240508;101142;42.19;30;10314875504;S
20240508;101142;42.19;120;10314875505;S
20240508;101142;42.19;10;10314875657;S
20240508;101142;42.19;20;10314875658;S
20240508;101142;42.2;10;10314875766;B
20240508;101142;42.19;10;10314875771;S
20240508;101142;42.19;130;10314875772;S
20240508;101142;42.19;20;10314875775;S
20240508;101143;42.2;80;10314875805;B
20240508;101143;42.19;50;10314875806;S
20240508;101143;42.19;10;10314875822;S
20240508;101144;42.19;130;10314875934;S
20240508;101144;42.19;70;10314875935;S
20240508;101144;42.19;10;10314875960;S
20240508;101144;42.19;30;10314875970;S
20240508;101144;42.19;70;10314875997;S
20240508;101144;42.19;20;10314876092;S
20240508;101144;42.19;1140;10314876093;S
20240508;101144;42.19;20;10314876098;S
20240508;101145;42.19;110;10314876185;S
20240508;101145;42.19;540;10314876186;S
20240508;101145;42.2;90;10314876190;B
20240508;101145;42.19;350;10314876196;S
20240508;101145;42.18;10;10314876197;S
20240508;101149;42.18;10;10314876836;B
20240508;101211;42.175;10;10314880043;B
20240508;101211;42.17;10;10314880085;S
20240508;101213;42.175;1000;10314880294;B
20240508;101213;42.17;60;10314880334;S
20240508;101213;42.17;20;10314880335;S
20240508;101213;42.165;20;10314880336;B
20240508;101214;42.165;10;10314880400;B
20240508;101224;42.165;10;10314881831;B
20240508;101225;42.16;10;10314882040;S
20240508;101230;42.16;10;10314882498;B
20240508;101233;42.16;100;10314882795;B
20240508;101240;42.155;10;10314883518;S
20240508;101240;42.15;90;10314883519;S
20240508;101240;42.15;3000;10314883520;S
20240508;101240;42.15;30;10314883521;S
20240508;101240;42.15;40;10314883522;S
20240508;101240;42.15;1020;10314883523;S
20240508;101241;42.145;700;10314883586;S
20240508;101244;42.15;10;10314883946;B
20240508;101246;42.15;10;10314884132;B
20240508;101252;42.145;30;10314884585;S
20240508;101255;42.145;250;10314884965;S
20240508;101257;42.15;10;10314885272;B
20240508;101258;42.145;20;10314885317;S
20240508;101302;42.15;10;10314885869;B
20240508;101306;42.145;200;10314886250;S
20240508;101307;42.15;10;10314886450;B
20240508;101313;42.15;10;10314886973;B
20240508;101321;42.15;250;10314888350;B
20240508;101324;42.15;10;10314888813;B
20240508;101327;42.15;10;10314889084;B
20240508;101331;42.145;100;10314889679;S
20240508;101333;42.145;8700;10314889816;S
20240508;101333;42.145;200;10314889817;S
20240508;101333;42.145;10;10314889818;S
20240508;101333;42.145;50;10314889819;S
20240508;101347;42.14;10;10314891793;S
20240508;101347;42.14;10;10314891794;S
20240508;101347;42.14;1000;10314891883;B
20240508;101348;42.135;10;10314891941;S
20240508;101354;42.125;10;10314892814;S
20240508;101354;42.12;10;10314892815;S
20240508;101354;42.12;30;10314892816;S
20240508;101354;42.12;40;10314892817;S
20240508;101354;42.12;310;10314892818;S
20240508;101355;42.12;20;10314892930;S
20240508;101357;42.13;10;10314893328;B
20240508;101359;42.14;110;10314893643;B
20240508;101401;42.13;1500;10314893909;S
20240508;101402;42.14;210;10314893957;B
20240508;101402;42.13;400;10314893960;S
20240508;101402;42.14;10;10314894037;B
20240508;101403;42.13;6640;10314894089;S
20240508;101403;42.13;1010;10314894090;S
20240508;101403;42.125;10;10314894124;S
20240508;101407;42.125;20;10314894552;B
20240508;101411;42.12;10;10314894965;S
20240508;101411;42.12;60;10314894966;S
20240508;101412;42.125;10;10314895130;B
20240508;101417;42.125;10;10314895667;B
20240508;101422;42.12;10;10314896141;B
20240508;101427;42.12;10;10314896809;B
20240508;101432;42.12;10;10314897359;B
20240508;101437;42.125;10;10314898020;B
20240508;101438;42.115;170;10314898037;S
20240508;101440;42.115;120;10314898359;S
20240508;101442;42.12;10;10314898476;S
20240508;101442;42.125;60;10314898494;B
20240508;101442;42.125;20;10314898579;B
20240508;101446;42.125;10;10314899011;B
20240508;101446;42.12;90;10314899050;S
20240508;101446;42.12;110;10314899051;S
20240508;101447;42.125;10;10314899153;B
20240508;101448;42.12;100;10314899221;S
20240508;101452;42.115;10;10314899768;S
20240508;101452;42.12;10;10314899814;B
20240508;101453;42.125;20;10314899870;B
20240508;101457;42.125;10;10314900260;B
20240508;101457;42.125;10;10314900289;B
20240508;101502;42.125;10;10314901000;B
20240508;101503;42.125;10;10314901047;B
20240508;101503;42.115;100;10314901050;S
20240508;101504;42.12;10;10314901182;B
20240508;101505;42.115;50;10314901256;S
20240508;101507;42.125;1400;10314901742;B
20240508;101507;42.125;10;10314901822;B
20240508;101511;42.125;530;10314902390;B
20240508;101512;42.125;10;10314902690;B
20240508;101516;42.125;150;10314903414;B
20240508;101517;42.125;20;10314904006;B
20240508;101520;42.12;10;10314904472;S
20240508;101520;42.12;140;10314904473;S
20240508;101522;42.125;10;10314904891;B
20240508;101524;42.125;10;10314905291;B
20240508;101527;42.125;10;10314905842;B
20240508;101532;42.125;10;10314906789;B
20240508;101537;42.125;90;10314907577;B
20240508;101537;42.125;10;10314907717;B
20240508;101539;42.125;280;10314907922;B
20240508;101540;42.12;1660;10314908132;S
20240508;101540;42.12;970;10314908133;S
20240508;101540;42.12;4370;10314908134;S
20240508;101542;42.125;10;10314908727;B
20240508;101544;42.125;10;10314909126;B
20240508;101545;42.12;70;10314909402;S
20240508;101547;42.125;20;10314909925;B
20240508;101549;42.125;50;10314910253;B
20240508;101550;42.125;17000;10314910295;B
20240508;101550;42.12;10;10314910347;S
20240508;101551;42.12;10;10314910655;S
20240508;101552;42.125;360;10314910751;B
20240508;101552;42.13;10;10314910812;B
20240508;101553;42.13;440;10314910882;B
20240508;101554;42.13;10;10314911049;B
20240508;101557;42.13;10;10314911511;B
20240508;101600;42.13;90;10314911907;B
20240508;101600;42.13;100;10314911935;B
20240508;101600;42.13;570;10314911958;B
20240508;101600;42.13;100;10314911959;B
20240508;101600;42.135;390;10314911960;B
20240508;101600;42.14;440;10314911961;B
20240508;101602;42.14;490;10314912205;S
20240508;101602;42.145;10;10314912288;B
20240508;101606;42.145;10;10314912866;B
20240508;101607;42.145;10;10314913067;B
20240508;101609;42.145;10;10314913360;B
20240508;101612;42.145;10;10314913885;B
20240508;101612;42.145;10;10314913890;B
20240508;101614;42.145;50;10314914091;B
20240508;101614;42.145;90;10314914141;B
20240508;101617;42.145;20;10314914654;B
20240508;101618;42.145;10;10314914737;B
20240508;101618;42.145;10;10314914780;B
20240508;101621;42.145;110;10314915314;B
20240508;101622;42.145;690;10314915594;B
20240508;101622;42.15;900;10314915595;B
20240508;101622;42.15;1410;10314915596;B
20240508;101622;42.15;10;10314915657;B
20240508;101626;42.15;90;10314916235;B
20240508;101627;42.15;3000;10314916338;B
20240508;101627;42.15;10;10314916466;B
20240508;101629;42.15;10;10314916738;B
20240508;101631;42.15;20;10314916975;B
20240508;101631;42.15;10;10314917020;B
20240508;101632;42.15;10;10314917082;B
20240508;101632;42.15;20;10314917166;B
20240508;101636;42.15;60;10314917573;B
20240508;101637;42.15;10;10314917844;B
20240508;101641;42.15;1370;10314918404;B
20240508;101641;42.15;1030;10314918405;B
20240508;101642;42.15;10;10314918728;B
20240508;101647;42.15;10;10314919525;B
20240508;101649;42.145;20;10314919722;S
20240508;101652;42.15;100;10314920166;B
20240508;101652;42.15;10;10314920201;B
20240508;101657;42.15;10;10314920864;B
20240508;101702;42.155;10;10314921711;B
20240508;101707;42.155;20;10314922708;B
20240508;101712;42.155;300;10314923587;B
20240508;101712;42.155;10;10314923591;B
20240508;101712;42.155;10;10314923622;B
20240508;101715;42.15;70;10314923891;S
20240508;101716;42.155;30;10314924138;B
20240508;101717;42.155;10;10314924256;B
20240508;101718;42.155;110;10314924403;B
20240508;101721;42.16;150;10314924688;B
20240508;101721;42.16;40;10314924689;B
20240508;101721;42.16;270;10314924690;B
20240508;101723;42.17;100;10314924907;B
20240508;101723;42.175;430;10314924908;B
20240508;101723;42.175;150;10314924909;B
20240508;101723;42.18;100;10314924910;B
20240508;101723;42.185;880;10314924911;B
20240508;101723;42.19;1000;10314924912;B
20240508;101723;42.19;5000;10314924913;B
20240508;101723;42.19;7100;10314924914;B
20240508;101723;42.2;800;10314924915;B
20240508;101723;42.2;180;10314924916;B
20240508;101723;42.2;260;10314924917;B
20240508;101727;42.205;10;10314925558;B
20240508;101727;42.205;10;10314925586;B
20240508;101732;42.205;10;10314926245;B
20240508;101734;42.2;60;10314926388;B
20240508;101734;42.205;30;10314926389;B
20240508;101734;42.205;20;10314926390;B
20240508;101734;42.21;140;10314926391;B
20240508;101734;42.21;150;10314926392;B
20240508;101734;42.21;1100;10314926393;B
20240508;101740;42.21;20;10314927098;B
20240508;101742;42.21;20;10314927414;B
20240508;101742;42.21;10;10314927458;B
20240508;101752;42.21;10;10314928421;B
20240508;101753;42.19;500;10314928529;S
20240508;101757;42.21;20;10314928819;B
20240508;101757;42.21;10;10314928844;B
20240508;101802;42.21;10;10314929365;B
20240508;101803;42.21;20;10314929404;B
20240508;101807;42.21;10;10314929946;B
20240508;101812;42.21;20;10314930537;B
20240508;101817;42.21;110;10314931103;B
20240508;101817;42.21;110;10314931177;B
20240508;101817;42.21;20;10314931215;B
20240508;101818;42.21;10;10314931236;B
20240508;101818;42.21;110;10314931279;B
20240508;101818;42.21;120;10314931414;B
20240508;101822;42.21;10;10314931981;B
20240508;101827;42.21;10;10314932682;B
20240508;101829;42.21;10;10314932916;B
20240508;101830;42.21;100;10314933218;B
20240508;101831;42.21;730;10314933421;B
20240508;101832;42.21;10;10314933681;B
20240508;101835;42.2;1480;10314934183;S
20240508;101835;42.2;840;10314934184;S
20240508;101835;42.19;180;10314934185;S
20240508;101837;42.21;20;10314934590;B
20240508;101837;42.21;10;10314934670;B
20240508;101838;42.19;210;10314934736;S
20240508;101838;42.19;580;10314934737;S
20240508;101842;42.21;10;10314935375;B
20240508;101845;42.19;350;10314935717;S
20240508;101845;42.21;150;10314935766;B
20240508;101851;42.21;20;10314936375;B
20240508;101852;42.21;10;10314936587;B
20240508;101857;42.19;80;10314937102;S
20240508;101913;42.195;150;10314939730;S
20240508;101913;42.19;10;10314939731;S
20240508;101913;42.19;830;10314939732;S
20240508;101913;42.185;1690;10314939733;S
20240508;101943;42.205;100;10314944189;B
20240508;101944;42.19;10;10314944225;S
20240508;101946;42.19;20;10314944489;S
20240508;101955;42.205;60;10314945581;B
20240508;102001;42.2;10;10314946326;S
20240508;102001;42.205;130;10314946328;B
20240508;102011;42.18;10;10314947913;S
20240508;102011;42.175;60;10314947914;S
20240508;102014;42.205;20;10314948387;B
20240508;102017;42.21;10;10314948761;B
20240508;102019;42.185;2230;10314949015;S
20240508;102022;42.205;80;10314950300;B
20240508;102022;42.205;20;10314950435;B
20240508;102023;42.205;50;10314951015;B
20240508;102024;42.205;50;10314951309;B
20240508;102027;42.205;10;10314951863;B
20240508;102032;42.21;10;10314954748;B
20240508;102037;42.21;10;10314956677;B
20240508;102038;42.2;30;10314956837;S
20240508;102042;42.205;10;10314957910;B
20240508;102044;42.205;30;10314959134;B
20240508;102047;42.2;10;10314959664;B
20240508;102052;42.2;10;10314961437;B
20240508;102057;42.2;20;10314962683;B
20240508;102102;42.2;10;10314963980;B
20240508;102105;42.185;10;10314964248;S
20240508;102105;42.185;20;10314964249;S
20240508;102107;42.2;10;10314965523;B
20240508;102112;42.2;10;10314967208;B
20240508;102117;42.2;10;10314968909;B
20240508;102118;42.2;10;10314969076;B
20240508;102122;42.2;310;10314969712;B
20240508;102122;42.2;20;10314969713;B
20240508;102122;42.2;10;10314969862;B
20240508;102127;42.2;10;10314971729;B
20240508;102130;42.185;10;10314972708;S
20240508;102130;42.185;70;10314972709;S
20240508;102130;42.185;790;10314972710;S
20240508;102130;42.18;30;10314972711;S
20240508;102132;42.2;20;10314973076;B
20240508;102137;42.205;10;10314973946;B
20240508;102142;42.205;10;10314975953;B
20240508;102146;42.185;30;10314976626;S
20240508;102146;42.185;20;10314976627;S
20240508;102147;42.205;10;10314976754;B
20240508;102150;42.185;20;10314978389;S
20240508;102152;42.205;10;10314978599;B
20240508;102156;42.185;30;10314979251;S
20240508;102156;42.185;1660;10314979252;S
20240508;102156;42.185;310;10314979253;S
20240508;102157;42.205;10;10314979380;B
20240508;102202;42.205;10;10314980826;B
20240508;102206;42.205;20;10314982190;B
20240508;102207;42.205;10;10314982242;B
20240508;102207;42.205;20;10314982327;B
20240508;102212;42.2;10;10314984726;B
20240508;102213;42.19;50;10314984903;S
20240508;102215;42.19;10;10314985413;S
20240508;102217;42.2;10;10314986362;B
20240508;102222;42.2;10;10314989193;B
20240508;102228;42.2;10;10314990897;B
20240508;102232;42.2;10;10314993746;B
20240508;102234;42.2;10;10314994193;B
20240508;102237;42.2;10;10314995273;B
20240508;102242;42.2;20;10314997279;B
20240508;102247;42.2;10;10315000111;B
20240508;102252;42.2;10;10315001813;B
20240508;102257;42.2;10;10315004051;B
20240508;102300;42.19;40;10315004535;S
20240508;102300;42.185;100;10315004536;S
20240508;102300;42.185;30;10315004537;S
20240508;102300;42.185;60;10315004538;S
20240508;102302;42.2;10;10315005605;B
20240508;102307;42.2;10;10315008383;B
20240508;102312;42.2;10;10315009988;B
20240508;102315;42.185;10;10315011282;S
20240508;102317;42.2;20;10315012753;B
20240508;102322;42.185;20;10315014084;S
20240508;102322;42.18;30;10315014085;S
20240508;102322;42.2;10;10315014174;B
20240508;102327;42.2;10;10315016362;B
20240508;102332;42.2;10;10315018298;B
20240508;102337;42.2;10;10315020520;B
20240508;102338;42.2;50;10315020652;B
20240508;102342;42.2;10;10315021349;B
20240508;102347;42.2;10;10315022219;B
20240508;102353;42.2;20;10315023771;B
20240508;102356;42.2;10;10315025645;B
20240508;102357;42.2;10;10315025772;B
20240508;102402;42.2;10;10315026987;B
20240508;102408;42.2;10;10315028640;B
20240508;102412;42.2;10;10315029997;B
20240508;102417;42.2;10;10315031562;B
20240508;102422;42.2;10;10315032525;B
20240508;102427;42.2;20;10315033571;B
20240508;102432;42.2;10;10315034495;B
20240508;102437;42.2;10;10315036923;B
20240508;102442;42.2;10;10315038249;B
20240508;102447;42.2;540;10315039110;B
20240508;102447;42.2;750;10315039111;B
20240508;102447;42.205;1350;10315039112;B
20240508;102447;42.205;10;10315039194;B
20240508;102451;42.19;180;10315041048;S
20240508;102452;42.205;10;10315041362;B
20240508;102453;42.205;10;10315041625;B
20240508;102456;42.205;120;10315042208;B
20240508;102456;42.205;380;10315042209;B
20240508;102458;42.205;10;10315042327;B
20240508;102458;42.2;10;10315042481;S
20240508;102503;42.205;20;10315044318;B
20240508;102507;42.205;10;10315045178;B
20240508;102512;42.205;250;10315046647;B
20240508;102512;42.205;10;10315046877;B
20240508;102512;42.205;10;10315046915;B
20240508;102514;42.205;310;10315047097;B
20240508;102514;42.205;750;10315047098;B
20240508;102514;42.21;3150;10315047099;B
20240508;102514;42.21;180;10315047100;B
20240508;102514;42.21;10;10315047101;B
20240508;102514;42.21;10;10315047102;B
20240508;102514;42.21;10;10315047103;B
20240508;102514;42.21;10;10315047104;B
20240508;102514;42.21;10;10315047105;B
20240508;102514;42.215;580;10315047106;B
20240508;102518;42.21;10;10315048767;B
20240508;102523;42.21;10;10315049949;B
20240508;102527;42.21;10;10315050985;B
20240508;102528;42.21;10;10315051006;B
20240508;102528;42.21;10;10315051007;B
20240508;102528;42.21;1860;10315051008;B
20240508;102530;42.205;20;10315051299;S
20240508;102530;42.205;10;10315051300;S
20240508;102531;42.21;10;10315052141;B
20240508;102533;42.21;10;10315052813;B
20240508;102533;42.21;10;10315052814;B
20240508;102533;42.205;1000;10315052907;S
20240508;102536;42.2;110;10315053485;S
20240508;102537;42.21;10;10315054159;B
20240508;102542;42.21;10;10315055483;B
20240508;102543;42.205;20;10315055801;S
20240508;102547;42.215;10;10315056806;B
20240508;102550;42.215;3730;10315057572;B
20240508;102550;42.215;370;10315057573;B
20240508;102550;42.215;150;10315057574;B
20240508;102550;42.22;30;10315057575;B
20240508;102550;42.22;50;10315057576;B
20240508;102550;42.22;270;10315057577;B
20240508;102550;42.22;750;10315057578;B
20240508;102550;42.225;8520;10315057579;B
20240508;102550;42.23;10;10315057580;B
20240508;102550;42.23;1000;10315057581;B
20240508;102550;42.24;170;10315057582;B
20240508;102553;42.22;10;10315058123;S
20240508;102553;42.215;140;10315058124;S
20240508;102554;42.24;20;10315058218;B
20240508;102554;42.24;30;10315058219;B
20240508;102603;42.22;10;10315060805;S
20240508;102603;42.23;10;10315060806;B
20240508;102605;42.225;10;10315061221;B
20240508;102608;42.225;20;10315061424;B
20240508;102609;42.225;10;10315061578;B
20240508;102609;42.225;380;10315061634;B
20240508;102613;42.225;10;10315063177;B
20240508;102618;42.225;10;10315063961;B
20240508;102623;42.225;10;10315064496;B
20240508;102627;42.215;30;10315064879;S
20240508;102627;42.225;10;10315064941;B
20240508;102633;42.225;10;10315065609;B
20240508;102637;42.225;10;10315066352;B
20240508;102643;42.225;10;10315067148;B
20240508;102643;42.225;20;10315067161;B
20240508;102645;42.23;10;10315067348;B
20240508;102647;42.225;20;10315067567;B
20240508;102650;42.225;10;10315067966;B
20240508;102652;42.225;10;10315068170;B
20240508;102655;42.225;240;10315068495;B
20240508;102656;42.225;50;10315068544;B
20240508;102657;42.225;10;10315068808;B
20240508;102703;42.225;10;10315069612;B
20240508;102707;42.225;10;10315070493;B
20240508;102712;42.225;80;10315071210;B
20240508;102713;42.225;10;10315071332;B
20240508;102714;42.22;30;10315071521;S
20240508;102714;42.22;40;10315071522;S
20240508;102720;42.225;10;10315072454;B
20240508;102723;42.225;150;10315072789;B
20240508;102724;42.22;1960;10315072878;S
20240508;102724;42.22;30;10315072879;S
20240508;102724;42.215;220;10315072880;S
20240508;102724;42.215;740;10315072881;S
20240508;102724;42.21;390;10315072882;S
20240508;102724;42.205;10;10315072883;S
20240508;102724;42.21;30;10315072891;B
20240508;102724;42.21;30;10315072895;B
20240508;102725;42.21;20;10315073077;B
20240508;102730;42.21;10;10315073812;B
20240508;102735;42.215;110;10315074730;B
20240508;102735;42.215;10;10315074887;B
20240508;102740;42.21;10;10315075322;B
20240508;102745;42.205;10;10315075783;S
20240508;102745;42.21;10;10315075971;B
20240508;102745;42.21;20;10315076009;B
20240508;102746;42.21;380;10315076104;B
20240508;102750;42.21;10;10315076638;B
20240508;102755;42.21;10;10315077293;B
20240508;102759;42.21;2110;10315077903;B
20240508;102800;42.21;10;10315078045;B
20240508;102805;42.21;10;10315078649;B
20240508;102809;42.21;20;10315079079;B
20240508;102810;42.21;1000;10315079176;B
20240508;102810;42.21;20;10315079264;B
20240508;102811;42.205;10;10315079425;S
20240508;102812;42.205;50;10315079532;B
20240508;102815;42.205;10;10315079787;B
20240508;102820;42.205;10;10315080493;B
20240508;102823;42.205;10;10315080758;B
20240508;102825;42.205;10;10315081097;B
20240508;102830;42.205;10;10315081565;B
20240508;102833;42.205;500;10315081897;B
20240508;102835;42.205;10;10315082052;B
20240508;102838;42.2;280;10315082385;S
20240508;102838;42.2;620;10315082386;S
20240508;102840;42.205;10;10315082627;B
20240508;102845;42.205;20;10315083301;B
20240508;102850;42.205;10;10315083705;B
20240508;102855;42.205;10;10315084337;B
20240508;102900;42.205;10;10315084813;B
20240508;102902;42.205;10;10315085078;B
20240508;102903;42.205;10;10315085124;B
20240508;102905;42.205;10;10315085328;B
20240508;102910;42.205;10;10315085806;B
20240508;102915;42.205;10;10315086263;B
20240508;102918;42.205;310;10315086529;B
20240508;102918;42.205;190;10315086530;B
20240508;102920;42.21;20;10315086669;B
20240508;102927;42.215;10;10315087241;B
20240508;102929;42.22;10;10315087343;B
20240508;102930;42.22;10;10315087439;B
20240508;102932;42.21;10;10315087560;S
20240508;102935;42.22;10;10315087920;B
20240508;102940;42.22;10;10315088348;B
20240508;102945;42.22;10;10315088730;B
20240508;102950;42.215;500;10315089082;B
20240508;102950;42.215;10;10315089167;B
20240508;102955;42.205;10;10315089613;B
20240508;102955;42.205;20;10315089670;B
20240508;102958;42.2;150;10315089953;S
20240508;103000;42.2;70;10315090110;S
20240508;103005;42.21;10;10315090768;B
20240508;103006;42.21;20;10315090975;B
20240508;103010;42.205;10;10315091539;B
20240508;103012;42.205;20;10315091748;B
20240508;103012;42.205;10;10315091762;B
20240508;103015;42.21;10;10315092085;B
20240508;103020;42.21;10;10315092622;B
20240508;103025;42.21;10;10315093097;B
20240508;103030;42.205;10;10315093592;B
20240508;103035;42.205;20;10315094060;B
20240508;103035;42.2;700;10315094166;S
20240508;103040;42.205;10;10315094596;B
20240508;103040;42.2;20;10315094625;S
20240508;103045;42.205;10;10315095081;B
20240508;103050;42.205;10;10315095534;B
20240508;103054;42.205;10;10315095828;B
20240508;103055;42.205;10;10315095930;B
20240508;103100;42.205;10;10315096521;B
20240508;103101;42.205;60;10315096785;B
20240508;103105;42.205;10;10315097354;B
20240508;103109;42.2;30;10315098034;S
20240508;103110;42.205;20;10315098142;B
20240508;103112;42.205;10;10315098363;B
20240508;103114;42.205;100;10315098573;B
20240508;103115;42.205;10;10315098715;B
20240508;103120;42.205;10;10315099408;B
20240508;103125;42.205;10;10315100043;B
20240508;103130;42.205;10;10315100839;B
20240508;103130;42.2;520;10315100927;S
20240508;103135;42.205;10;10315101962;B
20240508;103140;42.205;20;10315102540;B
20240508;103142;42.2;50;10315102761;S
20240508;103145;42.205;10;10315102985;B
20240508;103150;42.205;10;10315103542;B
20240508;103150;42.205;10;10315103577;B
20240508;103153;42.2;50;10315103900;S
20240508;103155;42.205;10;10315104085;B
20240508;103200;42.205;10;10315104794;B
20240508;103205;42.205;10;10315105542;B
20240508;103209;42.205;50;10315106053;B
20240508;103210;42.205;10;10315106198;B
20240508;103213;42.205;130;10315106492;B
20240508;103213;42.205;90;10315106493;B
20240508;103213;42.205;60;10315106494;B
20240508;103213;42.205;20;10315106495;B
20240508;103213;42.205;180;10315106496;B
20240508;103213;42.205;20;10315106497;B
20240508;103215;42.205;10;10315106712;B
20240508;103220;42.205;10;10315107105;B
20240508;103225;42.205;10;10315107573;B
20240508;103230;42.205;20;10315108070;B
20240508;103233;42.205;60;10315108311;B
20240508;103233;42.205;60;10315108312;B
20240508;103233;42.205;50;10315108313;B
20240508;103233;42.205;30;10315108314;B
20240508;103234;42.205;10;10315108337;B
20240508;103235;42.205;10;10315108501;B
20240508;103235;42.205;20;10315108507;B
20240508;103240;42.205;10;10315109510;B
20240508;103245;42.205;10;10315110056;B
20240508;103248;42.2;2590;10315110320;S
20240508;103248;42.2;50;10315110321;S
20240508;103248;42.2;20;10315110322;S
20240508;103248;42.2;10;10315110323;S
20240508;103248;42.2;110;10315110324;S
20240508;103248;42.2;2220;10315110325;S
20240508;103249;42.205;30;10315110368;B
20240508;103249;42.205;120;10315110369;B
20240508;103249;42.205;50;10315110370;B
20240508;103249;42.205;50;10315110371;B
20240508;103249;42.205;10;10315110372;B
20240508;103249;42.205;60;10315110373;B
20240508;103249;42.205;90;10315110374;B
20240508;103249;42.205;60;10315110375;B
20240508;103249;42.205;30;10315110376;B
20240508;103250;42.205;10;10315110528;B
20240508;103255;42.205;10;10315111154;B
20240508;103300;42.2;20;10315111724;S
20240508;103300;42.205;10;10315111808;B
20240508;103305;42.205;20;10315112733;B
20240508;103310;42.205;10;10315113169;B
20240508;103315;42.2;760;10315113753;S
20240508;103315;42.2;430;10315113754;S
20240508;103315;42.2;3010;10315113811;S
20240508;103315;42.2;180;10315113812;S
20240508;103315;42.2;180;10315113813;S
20240508;103315;42.195;180;10315113827;B
20240508;103315;42.2;180;10315113828;B
20240508;103315;42.2;180;10315113830;B
20240508;103315;42.2;180;10315113831;B
20240508;103315;42.2;180;10315113834;B
20240508;103315;42.2;180;10315113835;B
20240508;103315;42.2;180;10315113848;B
20240508;103315;42.2;110;10315113851;B
20240508;103315;42.2;70;10315113852;B
20240508;103320;42.2;180;10315114223;S
20240508;103320;42.2;180;10315114224;S
20240508;103320;42.2;10;10315114226;B
20240508;103320;42.2;180;10315114238;B
20240508;103320;42.2;180;10315114241;B
20240508;103320;42.2;180;10315114243;B
20240508;103320;42.2;180;10315114245;B
20240508;103320;42.2;180;10315114249;B
20240508;103320;42.2;180;10315114256;B
20240508;103320;42.2;160;10315114260;B
20240508;103320;42.2;180;10315114261;B
20240508;103320;42.2;50;10315114264;B
20240508;103320;42.2;10;10315114305;B
20240508;103325;42.2;10;10315115107;B
20240508;103330;42.2;10;10315115649;B
20240508;103335;42.2;10;10315116268;B
20240508;103338;42.19;40;10315116757;S
20240508;103340;42.195;20;10315117092;B
20240508;103341;42.195;10;10315117265;B
20240508;103343;42.195;70;10315117581;B
20240508;103345;42.195;10;10315117826;B
20240508;103348;42.19;10;10315118067;S
20240508;103350;42.195;750;10315118379;B
20240508;103350;42.195;10;10315118439;B
20240508;103355;42.195;10;10315118900;B
20240508;103356;42.195;10;10315118914;B
20240508;103400;42.195;10;10315119378;B
20240508;103405;42.2;10;10315119856;B
20240508;103410;42.2;10;10315120354;B
20240508;103415;42.2;10;10315120909;B
20240508;103417;42.195;90;10315121064;S
20240508;103417;42.19;610;10315121065;S
20240508;103420;42.195;20;10315121417;B
20240508;103425;42.195;10;10315121889;B
20240508;103426;42.195;200;10315122018;B
20240508;103430;42.195;20;10315122428;B
20240508;103430;42.195;10;10315122549;B
20240508;103431;42.195;10;10315122578;B
20240508;103432;42.195;50;10315122708;B
20240508;103435;42.195;10;10315123029;B
20240508;103436;42.195;1330;10315123053;B
20240508;103436;42.195;740;10315123054;B
20240508;103440;42.2;10;10315123443;B
20240508;103445;42.2;10;10315124114;B
20240508;103450;42.2;10;10315124532;B
20240508;103455;42.195;10;10315124938;S
20240508;103455;42.195;10;10315124939;S
20240508;103455;42.195;10;10315124940;S
20240508;103455;42.195;10;10315124941;S
20240508;103455;42.195;10;10315124942;S
20240508;103455;42.195;90;10315124943;S
20240508;103455;42.195;740;10315124944;S
20240508;103455;42.19;2850;10315124945;S
20240508;103455;42.19;120;10315124946;S
20240508;103455;42.19;90;10315124947;S
20240508;103455;42.19;10;10315124948;S
20240508;103455;42.19;10;10315124949;S
20240508;103455;42.19;10;10315124950;S
20240508;103455;42.185;20;10315124951;S
20240508;103455;42.185;90;10315124952;S
20240508;103455;42.18;90;10315124953;S
20240508;103455;42.18;1000;10315124954;S
20240508;103455;42.175;390;10315124955;S
20240508;103455;42.175;90;10315124956;S
20240508;103455;42.17;650;10315124957;S
20240508;103456;42.17;770;10315125068;S
20240508;103456;42.165;100;10315125069;S
20240508;103456;42.165;90;10315125070;S
20240508;103456;42.165;10;10315125071;S
20240508;103456;42.165;1000;10315125072;S
20240508;103456;42.16;80;10315125073;S
20240508;103505;42.17;10;10315126156;S
20240508;103511;42.195;390;10315127076;B
20240508;103511;42.195;110;10315127077;B
20240508;103523;42.175;20;10315128719;S
20240508;103523;42.17;740;10315128720;S
20240508;103523;42.17;10;10315128721;B
20240508;103525;42.165;10;10315129022;B
20240508;103530;42.165;10;10315129613;B
20240508;103530;42.165;110;10315129700;B
20240508;103530;42.165;10;10315129711;B
20240508;103535;42.165;10;10315130248;B
20240508;103537;42.16;30;10315130481;S
20240508;103540;42.165;10;10315130956;B
20240508;103542;42.165;80;10315131190;B
20240508;103545;42.16;10;10315131669;S
20240508;103547;42.16;190;10315131878;S
20240508;103547;42.16;210;10315131879;S
20240508;103604;42.16;10;10315133785;S
20240508;103604;42.16;730;10315133786;S
20240508;103604;42.155;290;10315133787;S
20240508;103604;42.155;80;10315133788;S
20240508;103628;42.16;50;10315137021;S
20240508;103630;42.165;220;10315137134;B
20240508;103650;42.165;130;10315139525;B
20240508;103715;42.16;430;10315143138;S
20240508;103731;42.16;10;10315145013;S
20240508;103737;42.165;250;10315145497;B
20240508;103738;42.17;90;10315145614;B
20240508;103743;42.165;20;10315146501;S
20240508;103752;42.165;10;10315147973;S
20240508;103756;42.17;90;10315148442;B
20240508;103756;42.165;150;10315148483;S
20240508;103800;42.17;10;10315148998;B
20240508;103801;42.165;10;10315149200;S
20240508;103804;42.17;10;10315149609;B
20240508;103809;42.17;400;10315150360;B
20240508;103809;42.17;360;10315150381;B
20240508;103813;42.17;1300;10315151304;B
20240508;103814;42.17;1300;10315151418;B
20240508;103814;42.17;4610;10315151458;B
20240508;103814;42.17;10;10315151629;B
20240508;103815;42.17;10;10315151675;B
20240508;103815;42.17;10;10315151686;B
20240508;103817;42.17;3430;10315151918;B
20240508;103817;42.17;500;10315151919;B
20240508;103817;42.175;6070;10315151920;B
20240508;103817;42.17;720;10315152011;S
20240508;103817;42.17;1660;10315152012;S
20240508;103817;42.17;2370;10315152013;S
20240508;103817;42.17;3080;10315152014;S
20240508;103817;42.17;3270;10315152015;S
20240508;103817;42.165;10;10315152016;S
20240508;103817;42.165;10;10315152017;S
20240508;103817;42.165;100;10315152018;S
20240508;103817;42.165;90;10315152019;S
20240508;103817;42.165;2390;10315152020;S
20240508;103817;42.165;1300;10315152021;S
20240508;103817;42.165;1000;10315152022;S
20240508;103817;42.16;90;10315152023;S
20240508;103817;42.16;910;10315152024;S
20240508;103826;42.17;730;10315153219;S
20240508;103826;42.17;270;10315153220;S
20240508;103835;42.175;1300;10315155221;B
20240508;103835;42.175;10;10315155286;B
20240508;103838;42.175;2500;10315155680;B
20240508;103842;42.17;20;10315156116;S
20240508;103842;42.17;1230;10315156226;S
20240508;103856;42.17;10;10315158098;S
20240508;103859;42.17;10;10315158319;S
20240508;103900;42.17;10;10315158507;S
20240508;103901;42.17;10;10315158696;S
20240508;103902;42.17;10;10315158841;S
20240508;103902;42.175;300;10315158974;B
20240508;103903;42.17;10;10315159016;S
20240508;103903;42.175;100;10315159065;B
20240508;103904;42.17;10;10315159277;S
20240508;103905;42.17;10;10315159403;S
20240508;103905;42.17;70;10315159469;S
20240508;103908;42.17;10;10315160077;S
20240508;103909;42.17;10;10315160127;S
20240508;103910;42.17;10;10315160255;S
20240508;103911;42.175;90;10315160498;B
20240508;103916;42.17;100;10315161391;S
20240508;103916;42.175;1980;10315161411;B
20240508;103916;42.17;440;10315161443;S
20240508;103922;42.175;50;10315162336;B
20240508;103924;42.175;90;10315162507;B
20240508;103939;42.17;1090;10315164313;S
20240508;103939;42.17;770;10315164314;S
20240508;103939;42.17;90;10315164315;S
20240508;103939;42.17;50;10315164316;S
20240508;103940;42.175;20;10315164418;B
20240508;103944;42.175;10;10315164769;B
20240508;103951;42.175;100;10315165665;B
20240508;103956;42.175;17380;10315166118;B
20240508;103956;42.175;80;10315166119;B
20240508;104007;42.185;120;10315167707;S
20240508;104007;42.18;40;10315167724;S
20240508;104007;42.18;30;10315167729;S
20240508;104007;42.18;10;10315167732;S
20240508;104007;42.18;180;10315167735;S
20240508;104007;42.195;10;10315167738;B
20240508;104009;42.18;10;10315167969;S
20240508;104009;42.185;10;10315168059;B
20240508;104020;42.185;30;10315169752;S
20240508;104023;42.19;10;10315170064;B
20240508;104036;42.19;50;10315171122;S
20240508;104036;42.19;10;10315171135;S
20240508;104045;42.195;10;10315171831;B
20240508;104056;42.195;10;10315172792;B
20240508;104059;42.19;20;10315173018;S
20240508;104101;42.195;10;10315173225;B
20240508;104101;42.2;20;10315173226;B
20240508;104102;42.19;30;10315173249;S
20240508;104109;42.19;90;10315173915;S
20240508;104109;42.19;80;10315173916;S
20240508;104116;42.19;50;10315174584;S
20240508;104116;42.19;20;10315174585;S
20240508;104116;42.185;770;10315174586;S
20240508;104116;42.18;1390;10315174587;S
20240508;104116;42.18;1000;10315174588;S
20240508;104116;42.18;2370;10315174589;S
20240508;104116;42.18;3080;10315174590;S
20240508;104116;42.18;30;10315174591;B
20240508;104120;42.18;10;10315174955;B
20240508;104121;42.18;120;10315174976;B
20240508;104127;42.2;10;10315175517;B
20240508;104127;42.195;10;10315175524;B
20240508;104127;42.2;10;10315175588;B
20240508;104130;42.2;30;10315175959;B
20240508;104132;42.2;100;10315176249;B
20240508;104132;42.2;100;10315176294;B
20240508;104133;42.2;10;10315176362;B
20240508;104135;42.2;10;10315176566;B
20240508;104140;42.2;10;10315177097;B
20240508;104141;42.2;80;10315177188;B
20240508;104142;42.2;60;10315177309;B
20240508;104145;42.2;10;10315177724;B
20240508;104148;42.2;2500;10315177882;B
20240508;104150;42.2;100;10315178162;B
20240508;104150;42.2;10;10315178189;B
20240508;104152;42.185;10;10315178330;S
20240508;104155;42.2;10;10315178649;B
20240508;104200;42.2;10;10315179038;B
20240508;104200;42.2;10;10315179128;B
20240508;104205;42.2;20;10315179529;B
20240508;104210;42.2;10;10315179885;B
20240508;104214;42.2;10;10315180199;B
20240508;104215;42.2;10;10315180356;B
20240508;104218;42.2;10;10315180540;B
20240508;104220;42.2;10;10315180773;B
20240508;104221;42.2;110;10315180784;B
20240508;104225;42.2;10;10315181305;B
20240508;104243;42.18;10;10315183063;S
20240508;104243;42.18;10;10315183064;S
20240508;104250;42.2;10;10315183856;B
20240508;104300;42.2;10;10315184831;B
20240508;104303;42.2;1140;10315185077;B
20240508;104303;42.2;10;10315185078;B
20240508;104303;42.2;150;10315185079;B
20240508;104305;42.2;20;10315185348;B
20240508;104310;42.2;10;10315186011;B
20240508;104315;42.2;10;10315186811;B
20240508;104316;42.195;750;10315186839;S
20240508;104316;42.195;330;10315186840;S
20240508;104316;42.19;1300;10315186841;S
20240508;104316;42.185;290;10315186842;S
20240508;104319;42.195;70;10315187210;S
20240508;104320;42.2;10;10315187357;B
20240508;104321;42.195;20;10315187375;S
20240508;104324;42.195;20;10315187614;S
20240508;104325;42.2;10;10315187770;B
20240508;104328;42.2;10;10315187956;B
20240508;104330;42.2;10;10315188214;B
20240508;104330;42.2;10;10315188230;B
20240508;104330;42.2;10;10315188246;B
20240508;104335;42.2;10;10315188705;B
20240508;104340;42.2;20;10315189198;B
20240508;104345;42.2;10;10315189844;B
20240508;104348;42.2;180;10315190115;B
20240508;104348;42.2;10;10315190116;B
20240508;104348;42.2;30;10315190117;B
20240508;104350;42.205;10;10315190328;B
20240508;104355;42.205;10;10315190778;B
20240508;104357;42.205;10;10315190925;B
20240508;104357;42.2;10;10315190998;S
20240508;104400;42.205;10;10315191253;B
20240508;104405;42.205;10;10315191701;B
20240508;104406;42.205;10;10315191758;B
20240508;104408;42.205;10;10315191899;B
20240508;104410;42.205;10;10315192202;B
20240508;104415;42.205;10;10315192813;B
20240508;104415;42.205;10;10315192900;B
20240508;104415;42.205;10;10315192901;B
20240508;104420;42.205;10;10315193366;B
20240508;104425;42.21;10;10315193786;B
20240508;104429;42.21;10;10315194030;B
20240508;104430;42.21;10;10315194121;B
20240508;104440;42.21;10;10315195068;B
20240508;104450;42.21;10;10315195825;B
20240508;104450;42.21;10;10315195826;B
20240508;104450;42.21;10;10315195827;B
20240508;104450;42.21;10;10315195828;B
20240508;104450;42.21;710;10315195829;B
20240508;104450;42.215;10;10315195830;B
20240508;104450;42.215;1660;10315195831;B
20240508;104450;42.215;100;10315195832;B
20240508;104450;42.215;8520;10315195833;B
20240508;104450;42.22;430;10315195834;B
20240508;104450;42.22;10;10315195835;B
20240508;104450;42.22;1000;10315195836;B
20240508;104450;42.225;10;10315195837;B
20240508;104450;42.23;10;10315195838;B
20240508;104450;42.23;1000;10315195839;B
20240508;104450;42.23;2340;10315195840;B
20240508;104450;42.235;10;10315195841;B
20240508;104450;42.235;90;10315195842;B
20240508;104450;42.235;30000;10315195843;B
20240508;104450;42.235;4060;10315195844;S
20240508;104450;42.24;10;10315195888;B
20240508;104455;42.22;10;10315196338;B
20240508;104455;42.225;10;10315196438;B
20240508;104457;42.23;10;10315196573;B
20240508;104457;42.235;10;10315196574;B
20240508;104457;42.24;10;10315196575;B
20240508;104457;42.24;10;10315196576;B
20240508;104508;42.22;20;10315197954;S
20240508;104508;42.215;230;10315197955;S
20240508;104508;42.24;10;10315197956;B
20240508;104509;42.24;10;10315198102;B
20240508;104509;42.245;10;10315198103;B
20240508;104509;42.245;220;10315198104;B
20240508;104509;42.245;10;10315198105;B
20240508;104509;42.245;660;10315198106;B
20240508;104509;42.245;230;10315198107;B
20240508;104509;42.25;20;10315198108;B
20240508;104509;42.25;80;10315198109;B
20240508;104509;42.25;50;10315198110;B
20240508;104509;42.25;90;10315198111;B
20240508;104509;42.25;20;10315198112;B
20240508;104509;42.25;700;10315198113;B
20240508;104510;42.245;10;10315198194;S
20240508;104510;42.25;10;10315198270;B
20240508;104515;42.25;10;10315199194;B
20240508;104518;42.245;160;10315199683;S
20240508;104520;42.25;10;10315199955;B
20240508;104525;42.25;10;10315200492;B
20240508;104530;42.25;10;10315200875;B
20240508;104531;42.25;10;10315200963;B
20240508;104535;42.25;20;10315201652;B
20240508;104537;42.25;770;10315201871;B
20240508;104537;42.25;670;10315201872;B
20240508;104537;42.255;60;10315201873;B
20240508;104540;42.255;10;10315202119;B
20240508;104545;42.255;10;10315202461;B
20240508;104550;42.255;10;10315202837;B
20240508;104555;42.255;10;10315203258;B
20240508;104601;42.255;900;10315203765;B
20240508;104601;42.255;50;10315203766;B
20240508;104601;42.255;1100;10315203767;B
20240508;104601;42.255;210;10315203768;B
20240508;104601;42.255;20;10315203769;B
20240508;104601;42.255;10;10315203770;B
20240508;104601;42.255;10;10315203771;B
20240508;104601;42.255;670;10315203772;B
20240508;104601;42.255;8520;10315203773;B
20240508;104601;42.26;10;10315203774;B
20240508;104601;42.265;10;10315203775;B
20240508;104601;42.265;180;10315203776;B
20240508;104601;42.265;1000;10315203777;B
20240508;104601;42.27;10;10315203778;B
20240508;104601;42.265;10;10315203817;S
20240508;104601;42.265;10;10315203823;S
20240508;104603;42.27;6000;10315203992;B
20240508;104605;42.27;10;10315204170;B
20240508;104610;42.27;20;10315204527;B
20240508;104615;42.27;120;10315204939;B
20240508;104615;42.27;10;10315204940;B
20240508;104615;42.27;10;10315204941;B
20240508;104615;42.275;10;10315204942;B
20240508;104615;42.28;20;10315204943;B
20240508;104615;42.28;10;10315204944;B
20240508;104615;42.285;10;10315204945;B
20240508;104615;42.285;1000;10315204946;B
20240508;104615;42.285;10;10315204947;B
20240508;104615;42.285;180;10315204948;B
20240508;104615;42.285;120;10315204949;B
20240508;104615;42.285;10;10315205028;B
20240508;104619;42.27;10;10315205371;S
20240508;104620;42.275;10;10315205536;B
20240508;104625;42.28;10;10315206051;B
20240508;104626;42.28;500;10315206099;B
20240508;104627;42.28;10;10315206181;B
20240508;104629;42.28;400;10315206359;B
20240508;104630;42.28;10;10315206445;B
20240508;104632;42.28;10;10315206497;B
20240508;104635;42.28;20;10315206808;B
20240508;104636;42.28;10;10315206897;B
20240508;104640;42.28;10;10315207132;B
20240508;104640;42.28;10;10315207235;B
20240508;104645;42.28;10;10315207768;B
20240508;104645;42.28;10;10315207795;B
20240508;104646;42.28;10;10315207811;B
20240508;104648;42.28;100;10315207995;B
20240508;104648;42.28;1000;10315208071;B
20240508;104649;42.285;10;10315208105;B
20240508;104650;42.285;90;10315208200;B
20240508;104652;42.285;20;10315208283;B
20240508;104655;42.285;20;10315208568;B
20240508;104655;42.29;10;10315208639;B
20240508;104657;42.29;50;10315208791;B
20240508;104657;42.28;10;10315208813;B
20240508;104701;42.29;30;10315209339;B
20240508;104705;42.28;10;10315209715;B
20240508;104706;42.28;10;10315209786;B
20240508;104706;42.28;20;10315209809;B
20240508;104710;42.28;10;10315210110;B
20240508;104711;42.28;10;10315210143;B
20240508;104712;42.27;50;10315210281;S
20240508;104713;42.28;10;10315210394;B
20240508;104715;42.28;10;10315210686;B
20240508;104717;42.27;40;10315210867;S
20240508;104717;42.265;10;10315210868;S
20240508;104717;42.265;200;10315210869;S
20240508;104720;42.28;10;10315211136;B
20240508;104720;42.275;10;10315211156;B
20240508;104721;42.27;20;10315211183;B
20240508;104725;42.27;20;10315211674;B
20240508;104726;42.27;90;10315211681;B
20240508;104726;42.27;90;10315211686;B
20240508;104726;42.27;140;10315211692;B
20240508;104726;42.27;80;10315211694;B
20240508;104726;42.27;50;10315211704;B
20240508;104726;42.27;60;10315211707;B
20240508;104726;42.27;130;10315211710;B
20240508;104726;42.27;60;10315211713;B
20240508;104726;42.27;10;10315211714;B
20240508;104726;42.27;140;10315211722;B
20240508;104726;42.27;10;10315211742;B
20240508;104728;42.27;30;10315211926;B
20240508;104728;42.27;80;10315211927;B
20240508;104730;42.265;10;10315212200;B
20240508;104731;42.27;10;10315212234;B
20240508;104735;42.27;10;10315212731;B
20240508;104735;42.27;10;10315212809;B
20240508;104740;42.27;10;10315213254;B
20240508;104745;42.27;20;10315213675;B
20240508;104746;42.265;690;10315213767;B
20240508;104746;42.27;740;10315213768;B
20240508;104746;42.27;590;10315213769;B
20240508;104750;42.27;10;10315214194;B
20240508;104751;42.27;1650;10315214214;B
20240508;104751;42.27;690;10315214215;B
20240508;104751;42.275;10;10315214252;B
20240508;104751;42.275;20;10315214253;B
20240508;104753;42.27;20;10315214352;S
20240508;104756;42.27;170;10315214617;S
20240508;104800;42.275;10;10315214944;B
20240508;104802;42.275;10;10315215076;B
20240508;104805;42.275;10;10315215299;B
20240508;104806;42.275;10;10315215328;B
20240508;104809;42.275;10;10315215564;B
20240508;104810;42.275;10;10315215670;B
20240508;104811;42.275;20;10315215730;B
20240508;104814;42.275;10;10315216008;B
20240508;104815;42.28;10;10315216231;B
20240508;104818;42.28;10;10315216414;B
20240508;104820;42.28;10;10315216576;B
20240508;104825;42.28;10;10315217037;B
20240508;104830;42.28;10;10315217475;B
20240508;104834;42.28;1620;10315217913;B
20240508;104834;42.28;700;10315217914;B
20240508;104834;42.28;180;10315217915;B
20240508;104835;42.28;20;10315218029;B
20240508;104840;42.28;10;10315218743;B
20240508;104845;42.28;500;10315219208;B
20240508;104845;42.28;10;10315219301;B
20240508;104847;42.275;10;10315219553;S
20240508;104847;42.27;2990;10315219554;S
20240508;104850;42.28;10;10315219776;B
20240508;104853;42.28;10;10315219965;B
20240508;104855;42.28;10;10315220121;B
20240508;104857;42.28;430;10315220222;B
20240508;104857;42.28;170;10315220223;B
20240508;104900;42.28;10;10315220476;B
20240508;104907;42.275;500;10315220989;B
20240508;104912;42.275;10;10315221398;B
20240508;104913;42.27;90;10315221483;S
20240508;104914;42.275;20;10315221555;B
20240508;104914;42.275;40;10315221602;B
20240508;104914;42.275;10;10315221612;B
20240508;104915;42.275;100;10315221725;B
20240508;104915;42.275;10;10315221746;B
20240508;104920;42.275;10;10315222170;B
20240508;104925;42.275;10;10315222466;B
20240508;104928;42.275;10;10315222602;B
20240508;104930;42.275;10;10315222865;B
20240508;104935;42.275;10;10315223524;B
20240508;104936;42.275;10;10315223588;B
20240508;104938;42.275;10;10315223885;B
20240508;104940;42.275;20;10315224103;B
20240508;104945;42.275;10;10315224769;B
20240508;104949;42.275;20;10315225076;B
20240508;104950;42.275;10;10315225241;B
20240508;104955;42.275;10;10315225555;B
20240508;104955;42.275;10;10315225610;B
20240508;104958;42.275;10;10315225784;B
20240508;105000;42.275;10;10315226048;B
20240508;105005;42.27;80;10315226399;S
20240508;105005;42.275;10;10315226443;B
20240508;105010;42.275;10;10315226927;B
20240508;105015;42.275;10;10315227207;B
20240508;105015;42.275;60;10315227211;B
20240508;105015;42.275;20;10315227275;B
20240508;105016;42.275;30;10315227368;B
20240508;105018;42.27;10;10315227586;S
20240508;105019;42.275;480;10315227618;B
20240508;105020;42.275;10;10315227784;B
20240508;105024;42.275;10;10315228119;B
20240508;105025;42.275;10;10315228203;B
20240508;105030;42.27;20;10315228547;S
20240508;105030;42.275;10;10315228593;B
20240508;105035;42.275;20;10315229024;B
20240508;105040;42.275;10;10315229450;B
20240508;105045;42.275;10;10315229780;B
20240508;105050;42.275;10;10315230164;B
20240508;105052;42.27;10;10315230282;S
20240508;105055;42.275;10;10315230568;B
20240508;105100;42.275;150;10315230974;B
20240508;105100;42.27;20;10315231005;S
20240508;105100;42.275;10;10315231014;B
20240508;105105;42.275;10;10315231353;B
20240508;105107;42.275;10;10315231481;B
20240508;105110;42.275;10;10315231649;B
20240508;105110;42.275;20;10315231689;B
20240508;105115;42.275;10;10315232061;B
20240508;105119;42.27;1500;10315232288;S
20240508;105120;42.275;10;10315232474;B
20240508;105125;42.275;10;10315232885;B
20240508;105128;42.275;90;10315233171;B
20240508;105130;42.275;10;10315233396;B
20240508;105136;42.275;10;10315234015;B
20240508;105141;42.275;10;10315234600;B
20240508;105146;42.275;20;10315235061;B
20240508;105151;42.275;10;10315235523;B
20240508;105156;42.275;10;10315235828;B
20240508;105201;42.275;10;10315236185;B
20240508;105206;42.275;10;10315236542;B
20240508;105208;42.275;3000;10315236683;B
20240508;105209;42.275;10;10315236716;B
20240508;105211;42.275;10;10315236939;B
20240508;105213;42.27;2750;10315237110;S
20240508;105213;42.27;80;10315237111;S
20240508;105213;42.27;260;10315237112;S
20240508;105216;42.275;10;10315237284;B
20240508;105221;42.275;20;10315237831;B
20240508;105226;42.275;10;10315238431;B
20240508;105229;42.27;30;10315238756;S
20240508;105231;42.275;10;10315238938;B
20240508;105232;42.27;20;10315239055;S
20240508;105234;42.275;770;10315239215;B
20240508;105236;42.275;10;10315239358;B
20240508;105241;42.27;30;10315239712;S
20240508;105241;42.275;10;10315239749;B
20240508;105245;42.27;10;10315240016;S
20240508;105245;42.27;1020;10315240061;S
20240508;105246;42.275;10;10315240111;B
20240508;105248;42.275;20;10315240245;B
20240508;105251;42.275;10;10315240427;B
20240508;105256;42.275;20;10315240853;B
20240508;105315;42.27;250;10315242226;S
20240508;105322;42.27;300;10315242653;S
20240508;105322;42.27;50;10315242656;S
20240508;105326;42.275;10;10315242852;B
20240508;105331;42.275;10;10315243238;B
20240508;105338;42.275;60;10315243741;B
20240508;105338;42.275;90;10315243742;B
20240508;105338;42.27;60;10315243750;S
20240508;105344;42.27;10;10315244292;S
20240508;105347;42.27;10;10315244455;S
20240508;105356;42.27;400;10315245193;S
20240508;105356;42.27;160;10315245203;S
20240508;105356;42.27;40;10315245204;S
20240508;105358;42.27;20;10315245335;S
20240508;105410;42.27;70;10315246034;S
20240508;105410;42.27;20;10315246035;S
20240508;105410;42.27;10;10315246036;S
20240508;105413;42.27;170;10315246343;S
20240508;105413;42.27;30;10315246344;S
20240508;105425;42.275;20;10315247103;B
20240508;105426;42.275;10;10315247184;B
20240508;105426;42.275;10;10315247186;B
20240508;105426;42.275;30;10315247187;B
20240508;105426;42.275;30;10315247188;B
20240508;105426;42.275;10;10315247189;B
20240508;105426;42.275;60;10315247190;B
20240508;105426;42.275;110;10315247192;B
20240508;105426;42.275;70;10315247193;B
20240508;105426;42.275;10;10315247194;B
20240508;105426;42.275;50;10315247196;B
20240508;105437;42.275;40;10315248554;S
20240508;105437;42.275;140;10315248555;S
20240508;105437;42.275;100;10315248556;S
20240508;105447;42.275;20;10315249346;S
20240508;105449;42.28;20;10315249496;B
20240508;105453;42.275;10;10315249796;S
20240508;105453;42.275;10;10315249797;S
20240508;105457;42.275;110;10315250061;S
20240508;105505;42.275;10;10315250572;S
20240508;105507;42.275;10;10315250801;S
20240508;105510;42.28;30;10315250953;B
20240508;105516;42.275;10;10315251346;S
20240508;105518;42.275;30;10315251598;S
20240508;105518;42.275;110;10315251599;S
20240508;105518;42.275;30;10315251600;S
20240508;105519;42.28;220;10315251783;B
20240508;105519;42.28;20;10315251784;B
20240508;105519;42.28;360;10315251785;B
20240508;105527;42.275;10;10315252477;S
20240508;105541;42.275;160;10315253788;S
20240508;105541;42.275;60;10315253789;S
20240508;105541;42.275;140;10315253790;S
20240508;105541;42.275;10;10315253791;S
20240508;105541;42.275;130;10315253792;S
20240508;105544;42.275;10;10315254035;S
20240508;105544;42.275;50;10315254036;S
20240508;105544;42.275;60;10315254037;S
20240508;105546;42.275;20;10315254190;S
20240508;105546;42.275;120;10315254191;S
20240508;105546;42.275;20;10315254192;S
20240508;105550;42.28;50;10315254648;B
20240508;105553;42.28;30;10315254971;B
20240508;105553;42.28;10;10315254972;B
20240508;105553;42.285;40;10315254973;B
20240508;105556;42.285;100;10315255173;B
20240508;105600;42.285;60;10315255471;B
20240508;105600;42.285;10;10315255472;B
20240508;105603;42.28;10;10315255646;S
20240508;105607;42.28;10;10315255961;S
20240508;105619;42.285;100;10315256851;B
20240508;105619;42.29;110;10315256852;B
20240508;105619;42.29;50;10315256853;B
20240508;105619;42.29;10;10315256854;B
20240508;105619;42.29;700;10315256855;B
20240508;105619;42.295;10;10315256856;B
20240508;105619;42.295;10;10315256857;B
20240508;105619;42.295;1660;10315256858;B
20240508;105619;42.295;2350;10315256859;B
20240508;105620;42.29;10;10315256949;S
20240508;105627;42.295;360;10315257658;S
20240508;105628;42.3;20;10315257757;B
20240508;105628;42.3;30;10315257759;B
20240508;105628;42.3;10;10315257760;B
20240508;105628;42.3;60;10315257761;B
20240508;105628;42.295;50;10315257836;S
20240508;105629;42.3;20;10315257913;B
20240508;105629;42.3;220;10315257962;B
20240508;105629;42.3;20;10315257963;B
20240508;105629;42.3;90;10315257964;B
20240508;105629;42.3;40;10315257965;B
20240508;105629;42.3;30;10315257966;B
20240508;105629;42.3;10;10315257967;B
20240508;105629;42.3;20;10315257968;B
20240508;105629;42.3;670;10315257969;B
20240508;105632;42.3;10;10315258250;B
20240508;105632;42.3;60;10315258255;S
20240508;105634;42.305;10;10315258339;B
20240508;105636;42.3;410;10315258468;S
20240508;105642;42.3;10;10315258963;S
20240508;105643;42.3;10;10315259044;S
20240508;105644;42.3;10;10315259085;S
20240508;105645;42.3;10;10315259205;S
20240508;105646;42.3;10;10315259279;S
20240508;105647;42.3;10;10315259340;S
20240508;105649;42.3;10;10315259433;S
20240508;105650;42.3;10;10315259532;S
20240508;105650;42.3;10;10315259577;S
20240508;105651;42.305;10;10315259625;B
20240508;105652;42.3;10;10315259650;S
20240508;105653;42.3;10;10315259688;S
20240508;105653;42.3;10;10315259728;S
20240508;105654;42.3;10;10315259786;S
20240508;105655;42.3;10;10315259894;S
20240508;105656;42.305;90;10315259985;B
20240508;105656;42.305;50;10315259986;B
20240508;105656;42.305;680;10315259987;B
20240508;105656;42.305;1660;10315259988;B
20240508;105656;42.305;2020;10315259989;B
20240508;105656;42.305;480;10315260012;S
20240508;105657;42.305;70;10315260027;S
20240508;105657;42.305;50;10315260036;S
20240508;105658;42.305;50;10315260089;S
20240508;105659;42.305;50;10315260132;S
20240508;105703;42.305;50;10315260374;S
20240508;105704;42.305;50;10315260477;S
20240508;105705;42.305;50;10315260560;S
20240508;105709;42.305;50;10315260762;S
20240508;105710;42.305;50;10315260873;S
20240508;105711;42.305;50;10315260962;S
20240508;105711;42.305;50;10315261016;S
20240508;105713;42.31;20;10315261091;B
20240508;105713;42.31;200;10315261092;B
20240508;105713;42.31;90;10315261093;B
20240508;105713;42.305;50;10315261094;S
20240508;105714;42.305;50;10315261148;S
20240508;105715;42.305;50;10315261228;S
20240508;105716;42.305;50;10315261306;S
20240508;105717;42.305;50;10315261475;S
20240508;105719;42.305;50;10315261693;S
20240508;105721;42.305;50;10315261802;S
20240508;105722;42.305;50;10315261870;S
20240508;105722;42.305;20;10315261895;S
20240508;105723;42.305;50;10315261940;S
20240508;105724;42.305;50;10315262014;S
20240508;105725;42.305;10;10315262044;S
20240508;105725;42.305;50;10315262073;S
20240508;105729;42.31;30;10315262274;B
20240508;105729;42.305;10;10315262292;S
20240508;105729;42.31;280;10315262293;B
20240508;105730;42.305;10;10315262346;S
20240508;105733;42.305;10;10315262601;S
20240508;105736;42.305;10;10315262811;S
20240508;105736;42.305;10;10315262812;S
20240508;105737;42.305;40;10315262853;S
20240508;105738;42.305;10;10315262950;S
20240508;105741;42.305;10;10315263151;S
20240508;105743;42.305;10;10315263231;S
20240508;105743;42.305;10;10315263256;S
20240508;105748;42.305;500;10315263611;S
20240508;105749;42.305;10;10315263712;S
20240508;105752;42.305;10;10315263953;S
20240508;105759;42.305;10;10315264346;S
20240508;105801;42.305;10;10315264496;S
20240508;105810;42.305;10;10315265274;S
20240508;105812;42.305;10;10315265385;S
20240508;105822;42.31;1260;10315266178;B
20240508;105824;42.31;20;10315266315;B
20240508;105838;42.305;10;10315267308;S
20240508;105844;42.31;20;10315267654;B
20240508;105844;42.305;10;10315267661;S
20240508;105856;42.31;280;10315268348;B
20240508;105916;42.31;20;10315269535;B
20240508;105918;42.305;40;10315269726;S
20240508;105921;42.31;20;10315269906;B
20240508;105921;42.31;10;10315269907;B
20240508;105921;42.31;40;10315269908;B
20240508;105921;42.31;70;10315269911;B
20240508;105922;42.31;40;10315269989;B
20240508;105923;42.31;60;10315270070;B
20240508;105923;42.31;70;10315270071;B
20240508;105923;42.31;140;10315270072;B
20240508;105923;42.31;110;10315270073;B
20240508;105923;42.31;20;10315270074;B
20240508;105923;42.31;110;10315270075;B
20240508;105923;42.31;130;10315270076;B
20240508;105923;42.31;80;10315270077;B
20240508;105923;42.31;20;10315270079;B
20240508;105923;42.31;70;10315270083;B
20240508;105923;42.31;200;10315270084;B
20240508;105923;42.31;140;10315270086;B
20240508;105923;42.31;140;10315270087;B
20240508;105926;42.31;10;10315270391;B
20240508;105930;42.305;20;10315270694;S
20240508;105931;42.31;5000;10315270840;B
20240508;105932;42.305;40;10315270942;S
20240508;105936;42.31;100;10315271389;B
20240508;105941;42.31;200;10315271771;B
20240508;105949;42.31;40;10315272387;B
20240508;110011;42.305;10;10315276066;S
20240508;110012;42.31;150;10315276130;B
20240508;110012;42.31;50;10315276173;B
20240508;110015;42.31;200;10315276891;B
20240508;110015;42.31;100;10315276895;B
20240508;110015;42.305;80;10315276908;S
20240508;110020;42.31;50;10315277826;B
20240508;110021;42.31;10;10315277948;B
20240508;110023;42.31;10;10315278364;B
20240508;110030;42.315;10;10315279807;B
20240508;110031;42.315;2340;10315279952;B
20240508;110033;42.31;10;10315280318;S
20240508;110034;42.315;10;10315280526;B
20240508;110056;42.315;50;10315284685;B
20240508;110057;42.315;50;10315284978;B
20240508;110105;42.31;10;10315286464;S
20240508;110112;42.315;10;10315287880;B
20240508;110115;42.31;20;10315288646;S
20240508;110120;42.315;10;10315289706;B
20240508;110133;42.31;10;10315292437;S
20240508;110133;42.315;10;10315292580;B
20240508;110134;42.315;30;10315292624;B
20240508;110137;42.315;320;10315293336;B
20240508;110137;42.315;660;10315293337;B
20240508;110154;42.315;550;10315296961;S
20240508;110200;42.315;10;10315298117;S
20240508;110204;42.315;20;10315299056;S
20240508;110204;42.32;20;10315299095;B
20240508;110204;42.32;60;10315299096;B
20240508;110204;42.32;160;10315299208;B
20240508;110204;42.32;1000;10315299209;B
20240508;110204;42.325;5840;10315299210;B
20240508;110204;42.32;120;10315299250;S
20240508;110213;42.32;20;10315301147;S
20240508;110214;42.325;800;10315301272;B
20240508;110217;42.325;3000;10315301959;B
20240508;110220;42.325;50;10315302855;B
20240508;110223;42.32;1000;10315303776;S
20240508;110224;42.32;1530;10315303934;S
20240508;110224;42.32;480;10315303935;S
20240508;110224;42.31;150;10315303936;S
20240508;110224;42.31;20;10315303937;S
20240508;110224;42.31;90;10315303938;S
20240508;110224;42.31;160;10315303939;S
20240508;110224;42.31;40;10315303940;S
20240508;110227;42.31;30;10315304432;S
20240508;110230;42.325;10;10315305029;B
20240508;110240;42.325;20;10315307124;B
20240508;110327;42.325;100;10315317176;B
20240508;110400;42.325;200;10315323600;B
20240508;110415;42.325;10;10315326228;B
20240508;110417;42.32;3220;10315326681;S
20240508;110417;42.32;130;10315326682;S
20240508;110417;42.315;90;10315326683;S
20240508;110417;42.315;130;10315326684;S
20240508;110417;42.315;60;10315326685;S
20240508;110417;42.315;70;10315326686;S
20240508;110417;42.315;40;10315326687;S
20240508;110422;42.325;20;10315327533;B
20240508;110503;42.315;20;10315334301;S
20240508;110517;42.32;10;10315336448;B
20240508;110517;42.32;240;10315336449;B
20240508;110526;42.325;40;10315337804;B
20240508;110526;42.325;10;10315337886;B
20240508;110531;42.32;10;10315338754;B
20240508;110536;42.325;10;10315339624;B
20240508;110541;42.325;10;10315340368;B
20240508;110546;42.325;10;10315341249;B
20240508;110551;42.325;10;10315342296;B
20240508;110553;42.325;20;10315342668;B
20240508;110556;42.325;10;10315343072;B
20240508;110601;42.325;20;10315343854;B
20240508;110606;42.32;10;10315344771;B
20240508;110607;42.32;20;10315344891;B
20240508;110611;42.32;10;10315345542;B
20240508;110624;42.32;60;10315347380;B
20240508;110624;42.325;690;10315347381;B
20240508;110624;42.325;10;10315347382;B
20240508;110624;42.325;10;10315347383;B
20240508;110624;42.325;370;10315347384;B
20240508;110634;42.32;10;10315348804;B
20240508;110642;42.315;50;10315350096;S
20240508;110642;42.315;30;10315350097;S
20240508;110642;42.315;130;10315350098;S
20240508;110642;42.315;60;10315350099;S
20240508;110642;42.315;130;10315350100;S
20240508;110642;42.315;30;10315350101;S
20240508;110642;42.315;50;10315350102;S
20240508;110644;42.32;10;10315350523;B
20240508;110646;42.32;10;10315351159;B
20240508;110649;42.32;10;10315351629;B
20240508;110651;42.32;20;10315351846;B
20240508;110656;42.32;10;10315352544;B
20240508;110701;42.32;10;10315353293;B
20240508;110705;42.315;80;10315353849;S
20240508;110705;42.315;40;10315353850;S
20240508;110706;42.32;10;10315354003;B
20240508;110707;42.32;10;10315354203;B
20240508;110709;42.32;10;10315355004;B
20240508;110710;42.32;2550;10315355343;B
20240508;110711;42.32;10;10315355492;B
20240508;110716;42.32;10;10315356372;B
20240508;110721;42.32;20;10315357162;B
20240508;110721;42.32;10;10315357203;B
20240508;110722;42.32;10;10315357361;B
20240508;110722;42.315;30;10315357393;S
20240508;110726;42.32;20;10315357855;B
20240508;110727;42.315;130;10315358138;S
20240508;110727;42.315;30;10315358139;S
20240508;110731;42.32;10;10315358724;B
20240508;110736;42.32;10;10315359628;B
20240508;110736;42.315;60;10315359655;S
20240508;110736;42.315;60;10315359656;S
20240508;110736;42.315;10;10315359657;S
20240508;110736;42.315;30;10315359658;S
20240508;110741;42.32;10;10315360361;B
20240508;110745;42.315;10;10315360931;S
20240508;110750;42.315;2000;10315361699;S
20240508;110753;42.315;120;10315362192;S
20240508;110757;42.315;100;10315362904;S
20240508;110800;42.315;740;10315363283;S
20240508;110800;42.31;2260;10315363284;S
20240508;110803;42.31;10;10315363772;S
20240508;110804;42.32;10;10315363838;B
20240508;110805;42.31;10;10315364123;S
20240508;110806;42.32;10;10315364167;B
20240508;110811;42.32;10;10315365142;B
20240508;110829;42.3;20;10315368498;S
20240508;110829;42.3;15000;10315368499;S
20240508;110843;42.295;1000;10315371126;B
20240508;110848;42.29;10;10315371838;B
20240508;110850;42.29;10;10315372234;B
20240508;110903;42.29;290;10315374448;B
20240508;110918;42.295;20;10315377668;B
20240508;110919;42.29;40;10315377928;B
20240508;110924;42.285;20;10315378861;B
20240508;110930;42.29;10;10315380070;B
20240508;110935;42.29;10;10315380860;B
20240508;110936;42.29;10;10315381019;B
20240508;110940;42.29;10;10315381653;B
20240508;110945;42.29;10;10315382505;B
20240508;110950;42.29;10;10315383351;B
20240508;110955;42.29;20;10315384091;B
20240508;110956;42.275;10;10315384206;S
20240508;110956;42.275;10;10315384207;S
20240508;111000;42.29;1620;10315384750;B
20240508;111000;42.29;540;10315384751;B
20240508;111000;42.29;10;10315384752;B
20240508;111000;42.29;20;10315384753;B
20240508;111000;42.295;10;10315384827;B
20240508;111003;42.29;210;10315385231;S
20240508;111003;42.295;970;10315385285;B
20240508;111003;42.295;10;10315385286;B
20240508;111003;42.295;440;10315385287;B
20240508;111007;42.29;30;10315386148;S
20240508;111019;42.295;10;10315388224;S
20240508;111038;42.295;1650;10315391314;S
20240508;111038;42.295;650;10315391315;S
20240508;111038;42.295;40;10315391316;S
20240508;111038;42.295;60;10315391317;S
20240508;111038;42.29;2100;10315391318;S
20240508;111041;42.295;10;10315391684;B
20240508;111051;42.295;90;10315393269;B
20240508;111101;42.295;1600;10315395151;B
20240508;111101;42.3;5040;10315395152;B
20240508;111101;42.3;10390;10315395153;B
20240508;111101;42.3;10;10315395154;B
20240508;111101;42.3;30;10315395155;B
20240508;111105;42.32;10;10315395813;B
20240508;111105;42.32;40;10315395814;B
20240508;111105;42.325;10;10315395835;B
20240508;111106;42.325;20;10315395888;B
20240508;111110;42.325;10;10315396555;B
20240508;111113;42.325;10;10315396817;B
20240508;111115;42.325;10;10315397235;B
20240508;111120;42.32;10;10315397921;B
20240508;111125;42.325;10;10315398691;B
20240508;111130;42.32;20;10315399382;B
20240508;111135;42.32;10;10315400056;B
20240508;111135;42.32;10;10315400091;B
20240508;111138;42.32;10;10315400500;B
20240508;111139;42.32;10;10315400551;B
20240508;111140;42.32;10;10315400765;B
20240508;111145;42.32;80;10315401433;B
20240508;111149;42.32;100;10315402122;B
20240508;111149;42.32;550;10315402123;B
20240508;111216;42.32;10;10315406219;B
20240508;111218;42.32;10;10315406497;B
20240508;111222;42.31;70;10315407337;S
20240508;111328;42.32;10;10315417122;B
20240508;111336;42.32;20;10315418444;B
20240508;111353;42.32;70;10315420907;B
20240508;111353;42.32;20;10315420908;B
20240508;111356;42.315;40;10315421390;S
20240508;111356;42.31;50;10315421391;S
20240508;111357;42.31;140;10315421593;S
20240508;111419;42.31;10;10315425746;S
20240508;111434;42.31;70;10315428176;S
20240508;111511;42.31;20;10315434153;S
20240508;111511;42.32;50;10315434170;B
20240508;111512;42.32;30;10315434386;B
20240508;111512;42.32;70;10315434387;B
20240508;111539;42.32;10;10315438671;B
20240508;111539;42.32;10;10315438672;B
20240508;111554;42.325;10;10315440874;B
20240508;111618;42.315;20;10315444199;B
20240508;111626;42.31;30;10315445306;S
20240508;111629;42.315;690;10315445830;B
20240508;111631;42.32;100;10315446127;B
20240508;111636;42.32;90;10315446883;B
20240508;111643;42.315;30;10315447911;S
20240508;111644;42.315;10;10315448008;S
20240508;111701;42.315;10;10315450726;S
20240508;111704;42.315;2260;10315451109;S
20240508;111704;42.31;30;10315451110;S
20240508;111704;42.31;1460;10315451111;S
20240508;111731;42.315;10;10315455145;B
20240508;111732;42.31;50;10315455173;S
20240508;111732;42.31;30;10315455174;S
20240508;111732;42.31;50;10315455175;S
20240508;111752;42.3;100;10315458249;S
20240508;111755;42.3;500;10315458612;S
20240508;111832;42.31;110;10315464125;B
20240508;111841;42.31;360;10315465505;B
20240508;111844;42.31;50;10315465984;S
20240508;111910;42.31;520;10315469686;S
20240508;111910;42.32;1690;10315469692;B
20240508;111910;42.32;10;10315469693;B
20240508;111910;42.32;80;10315469694;B
20240508;111913;42.325;1300;10315470160;B
20240508;111913;42.325;3040;10315470239;B
20240508;111913;42.325;3570;10315470240;B
20240508;111913;42.325;10;10315470241;B
20240508;111913;42.325;10;10315470242;B
20240508;111913;42.33;10;10315470272;B
20240508;111913;42.33;100;10315470273;B
20240508;111913;42.335;500;10315470274;B
20240508;111913;42.335;10;10315470275;B
20240508;111913;42.335;10;10315470276;B
20240508;111913;42.34;10;10315470281;B
20240508;111913;42.34;200;10315470282;B
20240508;111913;42.345;10;10315470341;B
20240508;111913;42.345;270;10315470342;B
20240508;111914;42.345;30;10315470590;B
20240508;111914;42.345;10;10315470591;B
20240508;111914;42.345;10;10315470592;B
20240508;111914;42.345;50;10315470593;B
20240508;111914;42.345;10;10315470594;B
20240508;111914;42.345;10;10315470595;B
20240508;111916;42.35;10;10315470861;B
20240508;111916;42.35;200;10315470862;B
20240508;111916;42.35;90;10315470863;B
20240508;111916;42.35;50;10315470864;B
20240508;111916;42.35;120;10315470865;B
20240508;111916;42.35;10;10315470866;B
20240508;111916;42.35;10;10315470867;B
20240508;111919;42.35;10;10315471427;S
20240508;111924;42.355;20;10315472279;S
20240508;111924;42.36;30;10315472352;B
20240508;111924;42.36;10;10315472353;B
20240508;111924;42.36;600;10315472354;B
20240508;111924;42.365;10;10315472355;B
20240508;111924;42.365;10;10315472356;B
20240508;111924;42.365;340;10315472357;B
20240508;111927;42.365;410;10315472765;S
20240508;111928;42.37;10;10315472781;B
20240508;111928;42.37;690;10315472782;B
20240508;111929;42.37;7800;10315472919;B
20240508;111929;42.37;940;10315472920;B
20240508;111929;42.375;10;10315472921;B
20240508;111929;42.375;500;10315472922;B
20240508;111929;42.375;500;10315472923;B
20240508;111929;42.375;10;10315472924;B
20240508;111929;42.38;10;10315472925;B
20240508;111929;42.38;10;10315472926;B
20240508;111929;42.38;10;10315472927;B
20240508;111929;42.38;600;10315472929;S
20240508;111929;42.38;120;10315472930;S
20240508;111929;42.385;20;10315472967;B
20240508;111929;42.385;360;10315472968;B
20240508;111929;42.385;10;10315472969;B
20240508;111929;42.385;610;10315472970;B
20240508;111930;42.38;100;10315473063;S
20240508;111931;42.38;120;10315473155;S
20240508;111931;42.38;10;10315473170;B
20240508;111934;42.38;40;10315473615;S
20240508;111939;42.385;2370;10315474506;B
20240508;111939;42.385;50;10315474507;B
20240508;111939;42.39;10;10315474508;B
20240508;111940;42.385;470;10315474798;B
20240508;111940;42.39;40;10315474799;B
20240508;111940;42.39;10;10315474800;B
20240508;111940;42.39;980;10315474801;B
20240508;111950;42.39;70;10315476870;B
20240508;111950;42.385;60;10315476886;S
20240508;111957;42.39;500;10315477907;B
20240508;111958;42.385;950;10315478107;S
20240508;112002;42.39;130;10315478706;B
20240508;112003;42.39;10;10315478998;B
20240508;112005;42.39;370;10315479199;B
20240508;112005;42.39;600;10315479200;B
20240508;112007;42.385;250;10315479575;S
20240508;112007;42.385;120;10315479577;S
20240508;112008;42.385;90;10315479789;S
20240508;112009;42.39;10;10315479991;B
20240508;112012;42.385;10;10315480391;S
20240508;112015;42.385;10;10315480881;S
20240508;112018;42.39;20;10315481246;B
20240508;112018;42.385;10;10315481299;S
20240508;112019;42.385;150;10315481326;S
20240508;112022;42.385;100;10315481791;S
20240508;112024;42.385;250;10315482045;S
20240508;112025;42.39;10;10315482215;B
20240508;112026;42.385;10;10315482273;S
20240508;112029;42.39;80;10315482904;B
20240508;112034;42.39;10;10315483626;B
20240508;112034;42.385;50;10315483681;S
20240508;112039;42.39;210;10315484610;B
20240508;112039;42.39;1000;10315484611;B
20240508;112039;42.39;20;10315484612;B
20240508;112039;42.39;8490;10315484613;B
20240508;112039;42.39;630;10315484614;B
20240508;112039;42.395;90;10315484615;B
20240508;112039;42.395;100;10315484616;B
20240508;112039;42.395;30;10315484617;B
20240508;112039;42.395;10;10315484618;B
20240508;112039;42.395;2370;10315484619;B
20240508;112039;42.395;3080;10315484620;B
20240508;112039;42.4;2000;10315484621;B
20240508;112039;42.4;11030;10315484622;B
20240508;112042;42.39;10;10315485044;S
20240508;112045;42.395;20;10315485428;B
20240508;112045;42.4;10;10315485429;B
20240508;112045;42.4;30;10315485430;B
20240508;112045;42.4;10;10315485431;B
20240508;112045;42.4;50;10315485432;B
20240508;112045;42.4;10;10315485433;B
20240508;112045;42.4;40;10315485434;B
20240508;112045;42.4;10;10315485435;B
20240508;112047;42.395;10;10315485816;S
20240508;112056;42.4;10;10315487099;B
20240508;112057;42.4;10;10315487277;B
20240508;112106;42.395;250;10315488689;S
20240508;112107;42.395;20;10315488793;S
20240508;112111;42.395;420;10315489364;S
20240508;112111;42.395;580;10315489365;S
20240508;112117;42.4;10;10315490366;B
20240508;112126;42.395;1000;10315491513;S
20240508;112128;42.4;10;10315491833;B
20240508;112136;42.395;160;10315493041;S
20240508;112136;42.395;10;10315493042;S
20240508;112136;42.385;620;10315493043;S
20240508;112136;42.38;1300;10315493044;S
20240508;112138;42.38;50;10315493257;S
20240508;112138;42.38;40;10315493266;S
20240508;112148;42.4;10;10315494929;B
20240508;112201;42.4;50;10315496723;B
20240508;112201;42.4;30;10315496724;B
20240508;112201;42.4;100;10315496725;B
20240508;112201;42.4;100;10315496726;B
20240508;112201;42.4;100;10315496727;B
20240508;112201;42.405;50;10315496728;B
20240508;112201;42.405;10;10315496729;B
20240508;112201;42.405;610;10315496730;B
20240508;112201;42.405;50;10315496731;B
20240508;112201;42.41;10;10315496732;B
20240508;112201;42.41;770;10315496733;B
20240508;112201;42.41;10;10315496734;B
20240508;112201;42.41;1000;10315496735;B
20240508;112201;42.415;10;10315496736;B
20240508;112201;42.415;50;10315496737;B
20240508;112201;42.415;2370;10315496738;B
20240508;112201;42.415;1660;10315496739;B
20240508;112201;42.415;3080;10315496740;B
20240508;112201;42.415;840;10315496741;B
20240508;112201;42.415;8490;10315496742;B
20240508;112201;42.42;300;10315496743;B
20240508;112201;42.42;30;10315496744;B
20240508;112201;42.42;15000;10315496745;B
20240508;112201;42.42;10;10315496746;B
20240508;112201;42.42;10;10315496747;B
20240508;112201;42.42;10;10315496748;B
20240508;112201;42.42;500;10315496749;S
20240508;112201;42.42;100;10315496807;S
20240508;112202;42.42;100;10315496856;S
20240508;112202;42.425;10;10315496896;B
20240508;112202;42.425;20;10315496897;B
20240508;112202;42.425;170;10315496898;B
20240508;112202;42.42;10;10315496950;S
20240508;112202;42.42;50;10315496954;S
20240508;112203;42.425;200;10315497072;B
20240508;112204;42.42;350;10315497225;S
20240508;112212;42.425;10;10315498418;B
20240508;112213;42.425;10;10315498468;B
20240508;112219;42.42;2290;10315499488;S
20240508;112227;42.43;60;10315500921;B
20240508;112234;42.42;10;10315501878;S
20240508;112239;42.43;80;10315502688;B
20240508;112239;42.43;2000;10315502689;B
20240508;112239;42.43;500;10315502690;B
20240508;112239;42.43;10;10315502691;B
20240508;112239;42.43;1020;10315502692;B
20240508;112244;42.435;10;10315503540;B
20240508;112245;42.435;10;10315503699;B
20240508;112251;42.43;6390;10315504470;S
20240508;112251;42.43;640;10315504471;S
20240508;112251;42.43;390;10315504472;S
20240508;112251;42.42;2580;10315504473;S
20240508;112318;42.42;30;10315508970;S
20240508;112331;42.43;10;10315510827;B
20240508;112331;42.43;10;10315510828;B
20240508;112340;42.425;80;10315512462;B
20240508;112340;42.42;80;10315512559;S
20240508;112345;42.42;1250;10315513207;S
20240508;112357;42.42;4600;10315517050;S
20240508;112404;42.425;400;10315523477;B
20240508;112404;42.425;10;10315523478;B
20240508;112404;42.43;10;10315523479;B
20240508;112404;42.43;650;10315523480;B
20240508;112404;42.435;230;10315523481;B
20240508;112404;42.435;10;10315523482;B
20240508;112404;42.435;10;10315523483;B
20240508;112404;42.435;1660;10315523484;B
20240508;112404;42.435;2370;10315523485;B
20240508;112404;42.435;8480;10315523486;B
20240508;112404;42.44;200;10315523487;B
20240508;112404;42.44;100;10315523488;B
20240508;112404;42.44;50;10315523489;B
20240508;112404;42.44;20;10315523490;B
20240508;112404;42.44;10;10315523491;B
20240508;112404;42.44;40;10315523492;B
20240508;112404;42.445;90;10315523493;B
20240508;112404;42.445;10;10315523494;B
20240508;112404;42.445;1000;10315523495;B
20240508;112404;42.45;10;10315523496;B
20240508;112404;42.45;500;10315523497;B
20240508;112404;42.45;3000;10315523498;B
20240508;112404;42.45;1000;10315523499;B
20240508;112404;42.45;200;10315523500;B
20240508;112404;42.45;400;10315523501;B
20240508;112404;42.45;10;10315523502;B
20240508;112404;42.455;10;10315523503;B
20240508;112404;42.455;10;10315523504;B
20240508;112404;42.455;2220;10315523505;B
20240508;112404;42.46;30;10315523506;B
20240508;112404;42.46;200;10315523507;B
20240508;112404;42.46;10;10315523508;B
20240508;112404;42.46;540;10315523509;B
20240508;112404;42.46;10;10315523510;B
20240508;112404;42.465;10;10315523511;B
20240508;112404;42.465;2000;10315523512;B
20240508;112404;42.465;10;10315523513;B
20240508;112404;42.465;500;10315523514;B
20240508;112404;42.47;40;10315523515;B
20240508;112404;42.47;10;10315523516;B
20240508;112404;42.47;1000;10315523517;B
20240508;112404;42.475;10;10315523518;B
20240508;112404;42.48;20;10315523519;B
20240508;112404;42.48;20;10315523520;B
20240508;112404;42.48;10;10315523521;B
20240508;112404;42.48;1070;10315523522;B
20240508;112404;42.485;10;10315523523;B
20240508;112404;42.485;1790;10315523524;B
20240508;112411;42.445;70;10315528930;B
20240508;112411;42.45;30;10315528931;B
20240508;112411;42.455;30;10315528932;B
20240508;112411;42.455;10;10315528933;B
20240508;112411;42.455;10;10315528934;B
20240508;112411;42.455;10;10315528935;B
20240508;112411;42.465;230;10315528936;B
20240508;112506;42.455;640;10315581821;B
20240508;112506;42.455;10;10315581822;B
20240508;112506;42.455;2370;10315581823;B
20240508;112506;42.455;3080;10315581824;B
20240508;112506;42.46;1660;10315581825;B
20240508;112506;42.46;1250;10315581826;B
20240508;112506;42.46;600;10315581827;B
20240508;112506;42.46;390;10315581828;B
20240508;112512;42.455;10;10315587980;B
20240508;112516;42.45;10;10315592369;B
20240508;112527;42.455;10;10315604092;B
20240508;112529;42.44;450;10315606282;S
20240508;112542;42.44;10;10315619623;S
20240508;112542;42.435;630;10315619624;S
20240508;112542;42.43;9360;10315619625;S
20240508;112548;42.44;10;10315625533;B
20240508;112551;42.445;450;10315628787;B
20240508;112552;42.44;30;10315630561;S
20240508;112624;42.44;10;10315664207;S
20240508;112624;42.43;20;10315664208;S
20240508;112625;42.425;30;10315665233;S
20240508;112625;42.425;30;10315665329;S
20240508;112628;42.425;7040;10315668509;S
20240508;112628;42.425;140;10315668510;S
20240508;112628;42.425;1170;10315668511;S
20240508;112628;42.42;8300;10315668512;S
20240508;112628;42.42;10000;10315668513;S
20240508;112628;42.42;1300;10315668514;S
20240508;112628;42.42;620;10315668515;S
20240508;112628;42.42;20;10315668516;S
20240508;112636;42.395;100;10315676383;S
20240508;112636;42.395;20;10315676384;S
20240508;112636;42.39;1170;10315676385;S
20240508;112636;42.39;8480;10315676386;S
20240508;112636;42.39;230;10315676387;S
20240508;112637;42.375;10;10315677921;S
20240508;112638;42.4;210;10315678161;B
20240508;112639;42.375;10;10315679328;S
20240508;112639;42.375;10;10315680217;S
20240508;112644;42.4;250;10315684902;B
20240508;112648;42.375;90;10315687946;S
20240508;112648;42.375;30;10315687947;S
20240508;112648;42.37;1880;10315687948;S
20240508;112700;42.4;10;10315698478;B
20240508;112718;42.375;8490;10315713161;S
20240508;112718;42.375;30;10315713162;S
20240508;112718;42.375;30;10315713163;S
20240508;112718;42.375;10;10315713164;S
20240508;112718;42.37;930;10315713166;S
20240508;112718;42.37;1000;10315713167;S
20240508;112718;42.37;620;10315713168;S
20240508;112718;42.365;1170;10315713169;S
20240508;112718;42.355;240;10315713170;S
20240508;112718;42.35;2240;10315713171;S
20240508;112718;42.375;800;10315713582;S
20240508;112718;42.365;20;10315713583;S
20240508;112718;42.355;1000;10315713584;S
20240508;112718;42.35;180;10315713585;S
20240508;112720;42.385;600;10315714928;B
20240508;112750;42.39;10;10315741896;B
20240508;112751;42.39;40;10315743513;B
20240508;112754;42.375;60;10315746664;S
20240508;112755;42.375;320;10315747622;S
20240508;112810;42.375;80;10315762791;S
20240508;112815;42.39;10;10315767652;B
20240508;112820;42.39;10;10315773121;B
20240508;112825;42.39;10;10315778156;B
20240508;112828;42.39;10;10315781545;B
20240508;112835;42.39;400;10315788415;B
20240508;112835;42.375;20;10315788816;S
20240508;112837;42.385;50;10315790139;B
20240508;112840;42.385;20;10315793707;B
20240508;112841;42.375;80;10315794558;S
20240508;112841;42.37;60;10315794559;S
20240508;112843;42.385;200;10315796729;B
20240508;112845;42.385;20;10315798477;B
20240508;112909;42.385;20;10315823914;B
20240508;112911;42.385;160;10315825520;B
20240508;112912;42.385;100;10315826201;B
20240508;112921;42.36;20;10315836471;S
20240508;112921;42.355;130;10315836472;S
20240508;112939;42.385;70;10315855220;B
20240508;112943;42.385;160;10315858998;B
20240508;113008;42.385;110;10315882838;B
20240508;113015;42.355;50;10315888878;S
20240508;113024;42.38;10;10315897023;B
20240508;113035;42.385;10;10315906314;B
20240508;113040;42.385;20;10315910526;B
20240508;113057;42.385;20;10315927339;B
20240508;113104;42.37;1300;10315934664;S
20240508;113104;42.365;610;10315934665;S
20240508;113104;42.36;20;10315934666;S
20240508;113104;42.355;70;10315934667;S
20240508;113104;42.355;50;10315934668;S
20240508;113104;42.355;1660;10315934669;S
20240508;113104;42.355;2300;10315934670;S
20240508;113104;42.355;1000;10315934671;S
20240508;113104;42.35;300;10315934672;S
20240508;113109;42.355;50;10315939336;B
20240508;113110;42.355;50;10315940807;B
20240508;113113;42.35;1200;10315943127;S
20240508;113117;42.355;390;10315947020;B
20240508;113120;42.355;50;10315950058;B
20240508;113120;42.35;720;10315950412;S
20240508;113120;42.355;10;10315950560;B
20240508;113122;42.355;10;10315952241;B
20240508;113124;42.355;50;10315954691;B
20240508;113147;42.35;20;10315978522;S
20240508;113149;42.355;100;10315979965;B
20240508;113206;42.355;10;10315997629;B
20240508;113215;42.35;340;10316006637;S
20240508;113215;42.35;20;10316006638;S
20240508;113215;42.35;50;10316006639;S
20240508;113215;42.35;100;10316006640;S
20240508;113215;42.35;50;10316006641;S
20240508;113215;42.35;50;10316006642;S
20240508;113215;42.35;50;10316006643;S
20240508;113215;42.35;50;10316006644;S
20240508;113215;42.35;50;10316006645;S
20240508;113215;42.35;50;10316006646;S
20240508;113215;42.35;50;10316006647;S
20240508;113215;42.35;50;10316006648;S
20240508;113215;42.35;50;10316006649;S
20240508;113215;42.35;50;10316006650;S
20240508;113215;42.35;50;10316006651;S
20240508;113222;42.345;100;10316014186;S
20240508;113222;42.345;50;10316014187;S
20240508;113222;42.34;150;10316014188;S
20240508;113222;42.34;50;10316014189;S
20240508;113222;42.34;640;10316014190;S
20240508;113222;42.335;10;10316014191;S
20240508;113222;42.335;20;10316014192;S
20240508;113222;42.335;1300;10316014193;S
20240508;113222;42.335;100;10316014194;S
20240508;113222;42.325;10;10316014195;S
20240508;113222;42.325;1250;10316014196;S
20240508;113222;42.325;1000;10316014197;S
20240508;113222;42.32;10;10316014198;S
20240508;113222;42.32;5500;10316014199;S
20240508;113222;42.32;5810;10316014200;S
20240508;113223;42.31;20;10316015465;S
20240508;113223;42.31;180;10316015466;S
20240508;113233;42.325;600;10316025380;B
20240508;113233;42.325;630;10316025381;B
20240508;113233;42.33;570;10316025382;B
20240508;113233;42.335;7100;10316025383;B
20240508;113233;42.335;1660;10316025384;B
20240508;113233;42.335;2370;10316025385;B
20240508;113233;42.34;4000;10316025386;B
20240508;113233;42.34;1000;10316025387;B
20240508;113233;42.345;800;10316025388;B
20240508;113233;42.35;140;10316025389;B
20240508;113233;42.35;130;10316025390;B
20240508;113247;42.34;30;10316040988;B
20240508;113250;42.325;630;10316043751;S
20240508;113250;42.32;7930;10316043752;S
20240508;113252;42.34;30;10316046485;B
20240508;113252;42.34;840;10316046493;B
20240508;113252;42.345;440;10316046494;B
20240508;113300;42.315;20;10316055480;S
20240508;113300;42.315;100;10316055481;S
20240508;113300;42.315;1060;10316055482;S
20240508;113305;42.315;590;10316060171;S
20240508;113316;42.32;10;10316070139;B
20240508;113317;42.31;100;10316070599;S
20240508;113317;42.305;10;10316070600;S
20240508;113317;42.305;10;10316070601;S
20240508;113317;42.305;100;10316070602;S
20240508;113317;42.305;60;10316070603;S
20240508;113317;42.305;610;10316070604;S
20240508;113317;42.305;50;10316070880;B
20240508;113319;42.305;60;10316072478;B
20240508;113319;42.305;50;10316072834;B
20240508;113321;42.305;200;10316074546;B
20240508;113322;42.305;50;10316075547;B
20240508;113324;42.305;50;10316077527;B
20240508;113326;42.305;50;10316078804;B
20240508;113327;42.305;50;10316079997;B
20240508;113327;42.3;30;10316080210;S
20240508;113327;42.3;100;10316080211;S
20240508;113327;42.3;620;10316080212;S
20240508;113327;42.295;200;10316080213;S
20240508;113327;42.295;100;10316080214;S
20240508;113327;42.295;20;10316080215;S
20240508;113327;42.295;150;10316080216;S
20240508;113327;42.295;1380;10316080217;S
20240508;113327;42.295;10;10316080218;S
20240508;113327;42.295;1660;10316080219;S
20240508;113327;42.29;18970;10316080220;S
20240508;113327;42.29;4230;10316080221;S
20240508;113329;42.3;50;10316081139;B
20240508;113330;42.3;10;10316082043;B
20240508;113335;42.3;10;10316086834;B
20240508;113340;42.3;10;10316090847;B
20240508;113342;42.285;10;10316092971;S
20240508;113342;42.285;900;10316092972;S
20240508;113342;42.28;10;10316092973;S
20240508;113342;42.28;10;10316092974;S
20240508;113342;42.28;610;10316092975;S
20240508;113342;42.275;10;10316092976;S
20240508;113342;42.275;20;10316092977;S
20240508;113342;42.275;10;10316092978;S
20240508;113342;42.275;7970;10316092979;S
20240508;113342;42.28;1000;10316093420;S
20240508;113342;42.295;10;10316093424;B
20240508;113345;42.285;1860;10316095665;S
20240508;113345;42.295;10;10316095803;B
20240508;113350;42.295;10;10316099602;B
20240508;113351;42.285;5240;10316100742;S
20240508;113351;42.285;260;10316100743;S
20240508;113351;42.285;610;10316100744;S
20240508;113351;42.28;26690;10316100745;S
20240508;113355;42.295;10;10316104533;B
20240508;113400;42.295;20;10316108930;B
20240508;113401;42.285;180;10316109892;S
20240508;113401;42.28;6110;10316109893;S
20240508;113401;42.28;1000;10316109894;S
20240508;113401;42.28;50;10316109895;S
20240508;113401;42.28;420;10316109896;S
20240508;113405;42.295;10;10316114576;B
20240508;113408;42.275;10;10316117805;S
20240508;113414;42.295;10;10316123208;B
20240508;113416;42.295;90;10316125766;B
20240508;113423;42.28;10;10316132301;S
20240508;113423;42.28;480;10316132302;S
20240508;113423;42.275;90;10316132303;S
20240508;113423;42.275;580;10316132304;S
20240508;113423;42.27;10;10316132305;S
20240508;113423;42.27;10;10316132306;S
20240508;113423;42.27;600;10316132307;S
20240508;113428;42.295;1030;10316137765;B
20240508;113428;42.295;140;10316137766;B
20240508;113428;42.295;580;10316137767;B
20240508;113428;42.3;2170;10316137768;B
20240508;113431;42.295;30;10316141684;B
20240508;113433;42.275;1000;10316143061;S
20240508;113433;42.27;400;10316143062;S
20240508;113433;42.27;1660;10316143063;S
20240508;113433;42.27;10;10316143064;S
20240508;113433;42.27;10;10316143065;S
20240508;113433;42.27;580;10316143066;S
20240508;113433;42.27;10;10316143067;S
20240508;113433;42.265;10;10316143068;S
20240508;113433;42.265;1300;10316143069;S
20240508;113433;42.265;1320;10316143070;S
20240508;113433;42.26;10;10316143071;S
20240508;113433;42.26;1180;10316143072;S
20240508;113433;42.255;150;10316143073;S
20240508;113433;42.255;10;10316143074;S
20240508;113433;42.255;2350;10316143075;S
20240508;113438;42.255;10;10316148930;S
20240508;113440;42.26;100;10316150837;S
20240508;113440;42.255;1650;10316150838;S
20240508;113440;42.255;1000;10316150839;S
20240508;113440;42.255;570;10316150840;S
20240508;113440;42.255;50;10316150841;S
20240508;113440;42.25;10;10316150842;S
20240508;113440;42.25;10;10316150843;S
20240508;113440;42.25;10;10316150844;S
20240508;113440;42.25;2000;10316150845;S
20240508;113440;42.25;10;10316150846;S
20240508;113440;42.25;1920;10316150847;S
20240508;113440;42.25;1120;10316150848;S
20240508;113440;42.25;10;10316150849;S
20240508;113440;42.245;10;10316150850;S
20240508;113440;42.245;850;10316150851;S
