<DATE>;<TIME>;<LAST>;<VOL>;<ID>;<OPER>
20240424;095947;42;200;10189768599;B
20240424;095947;42;4480;10189768600;S
20240424;095947;42;10;10189768601;S
20240424;095947;42;10;10189768602;S
20240424;095947;42;20;10189768603;B
20240424;095947;42;650;10189768604;S
20240424;095947;42;520;10189768605;B
20240424;095947;42;10;10189768606;B
20240424;095947;42;10;10189768607;B
20240424;095947;42;30;10189768608;B
20240424;095947;42;20;10189768609;B
20240424;095947;42;100;10189768610;B
20240424;095947;42;10;10189768611;B
20240424;095947;42;60;10189768612;B
20240424;095947;42;20;10189768613;S
20240424;095947;42;10;10189768614;S
20240424;095947;42;30;10189768615;S
20240424;095947;42;50;10189768616;S
20240424;095947;42;20;10189768617;B
20240424;095947;42;250;10189768618;B
20240424;095947;42;350;10189768619;S
20240424;095947;42;40;10189768620;B
20240424;095947;42;1100;10189768621;B
20240424;095947;42;140;10189768622;B
20240424;095947;42;20;10189768623;B
20240424;095947;42;10;10189768624;B
20240424;095947;42;8730;10189768625;B
20240424;095947;42;20;10189768626;B
20240424;095947;42;50;10189768627;B
20240424;095947;42;90;10189768628;B
20240424;095947;42;5200;10189768629;B
20240424;095947;42;10;10189768630;B
20240424;095947;42;5900;10189768631;B
20240424;095947;42;10;10189768632;S
20240424;095947;42;60;10189768633;S
20240424;095947;42;100;10189768634;S
20240424;095947;42;240;10189768635;S
20240424;095947;42;900;10189768636;B
20240424;100001;41.93;8580;10189771353;S
20240424;100001;41.925;900;10189771354;S
20240424;100001;41.9;10;10189771355;S
20240424;100001;41.9;20;10189771356;S
20240424;100001;41.9;40;10189771357;S
20240424;100001;41.9;10;10189771358;S
20240424;100001;41.9;1000;10189771359;S
20240424;100001;41.9;50;10189771360;S
20240424;100001;41.89;10;10189771361;S
20240424;100001;41.89;10;10189771362;S
20240424;100001;41.89;10;10189771363;S
20240424;100001;41.89;50;10189771364;S
20240424;100001;41.89;20;10189771365;S
20240424;100001;41.89;720;10189771366;S
20240424;100001;41.89;10;10189771367;S
20240424;100001;41.89;30;10189771368;S
20240424;100001;41.89;10;10189771369;S
20240424;100001;41.89;20;10189771370;S
20240424;100001;41.89;10;10189771371;S
20240424;100001;41.89;100;10189771372;S
20240424;100001;41.89;3000;10189771373;S
20240424;100001;41.89;10;10189771374;S
20240424;100001;41.89;3000;10189771375;S
20240424;100001;41.88;40;10189771376;S
20240424;100001;41.88;1000;10189771377;S
20240424;100001;41.87;10;10189771378;S
20240424;100001;41.86;10;10189771379;S
20240424;100001;41.845;10;10189771380;S
20240424;100001;41.84;10;10189771381;S
20240424;100001;41.825;1190;10189771382;S
20240424;100001;41.82;1680;10189771383;S
20240424;100001;41.82;2390;10189771384;S
20240424;100001;41.82;3110;10189771385;S
20240424;100001;41.815;10;10189771386;S
20240424;100001;41.815;20;10189771387;S
20240424;100001;41.815;10;10189771388;S
20240424;100001;41.815;10500;10189771389;S
20240424;100001;41.81;10;10189771390;S
20240424;100001;41.805;500;10189771391;S
20240424;100001;41.805;250;10189771392;S
20240424;100001;41.805;500;10189771393;S
20240424;100001;41.805;1280;10189771394;S
20240424;100001;41.805;10000;10189771395;S
20240424;100001;41.805;300;10189771396;S
20240424;100001;41.93;240;10189771773;S
20240424;100002;41.97;1660;10189772138;B
20240424;100002;41.95;10;10189772186;S
20240424;100002;41.94;30;10189772369;S
20240424;100002;41.945;1000;10189772408;S
20240424;100002;41.94;710;10189772416;S
20240424;100003;41.93;40;10189772520;S
20240424;100005;41.955;10;10189773109;B
20240424;100005;41.94;10;10189773506;S
20240424;100005;41.96;10;10189773507;B
20240424;100005;41.96;10;10189773509;B
20240424;100006;41.96;20;10189773678;B
20240424;100006;41.965;6000;10189774000;S
20240424;100007;41.965;10;10189774698;S
20240424;100007;41.975;10;10189774750;B
20240424;100007;41.975;10;10189774760;B
20240424;100007;41.965;30;10189774771;S
20240424;100007;41.965;50;10189774798;S
20240424;100007;41.965;10;10189774804;S
20240424;100007;41.975;40;10189774816;B
20240424;100007;41.975;10;10189774843;B
20240424;100007;41.965;10;10189775193;S
20240424;100007;41.965;30;10189775412;S
20240424;100007;41.975;20;10189775414;B
20240424;100008;41.965;20;10189775806;S
20240424;100008;41.975;10;10189775976;B
20240424;100008;41.965;10;10189775977;S
20240424;100008;41.975;10;10189776557;B
20240424;100008;41.975;10;10189776567;B
20240424;100008;41.965;40;10189776572;S
20240424;100008;41.975;10;10189776576;B
20240424;100008;41.975;10;10189777012;B
20240424;100008;41.965;40;10189777013;S
20240424;100008;41.975;10;10189777273;B
20240424;100009;41.975;10;10189777332;B
20240424;100009;41.965;140;10189777481;S
20240424;100009;41.965;10;10189777503;S
20240424;100009;41.975;10;10189778128;B
20240424;100009;41.975;10;10189778130;B
20240424;100009;41.975;20;10189778131;B
20240424;100009;41.975;10;10189778161;B
20240424;100009;41.975;10;10189778163;B
20240424;100009;41.975;10;10189778165;B
20240424;100009;41.975;10;10189778168;B
20240424;100009;41.965;30;10189778170;S
20240424;100010;41.975;10;10189778552;B
20240424;100010;41.975;30;10189778589;B
20240424;100010;41.965;440;10189778705;S
20240424;100013;41.965;450;10189779750;S
20240424;100017;41.965;1250;10189780541;S
20240424;100017;41.96;10;10189780542;S
20240424;100021;41.95;130;10189781586;B
20240424;100023;41.925;10;10189781906;S
20240424;100023;41.925;10;10189781907;S
20240424;100023;41.925;10;10189781908;S
20240424;100026;41.925;20;10189782644;S
20240424;100026;41.905;20;10189782645;S
20240424;100026;41.905;3780;10189782661;S
20240424;100026;41.905;500;10189782662;S
20240424;100026;41.9;500;10189782663;S
20240424;100026;41.9;480;10189782664;S
20240424;100026;41.895;2740;10189782665;S
20240424;100032;41.89;1000;10189783821;S
20240424;100033;41.89;30;10189784032;S
20240424;100041;41.89;100;10189786108;S
20240424;100041;41.895;770;10189786195;B
20240424;100043;41.89;16920;10189786513;S
20240424;100044;41.875;10;10189786624;B
20240424;100048;41.86;1680;10189787498;B
20240424;100048;41.865;8320;10189787499;B
20240424;100049;41.87;100;10189787876;B
20240424;100050;41.87;10;10189787936;B
20240424;100051;41.875;610;10189788184;B
20240424;100052;41.875;290;10189788255;S
20240424;100052;41.88;100;10189788465;B
20240424;100053;41.88;7980;10189788498;B
20240424;100053;41.895;600;10189788499;B
20240424;100053;41.9;800;10189788500;B
20240424;100053;41.905;12840;10189788501;B
20240424;100056;41.89;10;10189789268;B
20240424;100058;41.89;870;10189789676;B
20240424;100058;41.89;30;10189789677;B
20240424;100058;41.885;80;10189789762;S
20240424;100103;41.895;150;10189790700;S
20240424;100104;41.895;850;10189790859;S
20240424;100104;41.89;660;10189790860;S
20240424;100104;41.885;1600;10189790861;S
20240424;100104;41.88;2490;10189790862;S
20240424;100104;41.9;160;10189790940;B
20240424;100104;41.9;250;10189790941;B
20240424;100104;41.905;2430;10189790942;B
20240424;100105;41.905;2850;10189790997;B
20240424;100107;41.905;30;10189791493;B
20240424;100111;41.885;10;10189792269;S
20240424;100128;41.905;850;10189796246;B
20240424;100128;41.905;150;10189796247;B
20240424;100129;41.89;670;10189796520;S
20240424;100130;41.885;8590;10189796638;S
20240424;100130;41.88;11510;10189796639;S
20240424;100130;41.88;1200;10189796640;S
20240424;100130;41.875;700;10189796641;S
20240424;100130;41.865;3900;10189796642;S
20240424;100130;41.855;300;10189796643;S
20240424;100130;41.85;5430;10189796644;S
20240424;100130;41.85;5400;10189796645;S
20240424;100130;41.85;7970;10189796646;B
20240424;100135;41.89;10;10189797427;B
20240424;100137;41.885;10;10189797775;B
20240424;100149;41.89;20;10189799883;B
20240424;100156;41.88;2000;10189800877;S
20240424;100158;41.88;800;10189801299;B
20240424;100201;41.875;60;10189801640;S
20240424;100201;41.87;440;10189801641;S
20240424;100207;41.87;600;10189803020;B
20240424;100209;41.86;1000;10189803569;S
20240424;100209;41.86;4000;10189803570;S
20240424;100213;41.86;4590;10189804191;S
20240424;100213;41.855;660;10189804192;S
20240424;100213;41.85;1800;10189804193;S
20240424;100213;41.845;100;10189804194;S
20240424;100213;41.845;1000;10189804195;S
20240424;100213;41.84;4000;10189804196;S
20240424;100213;41.835;610;10189804197;S
20240424;100213;41.825;2000;10189804198;S
20240424;100213;41.825;700;10189804199;S
20240424;100213;41.815;850;10189804200;S
20240424;100213;41.815;3690;10189804201;S
20240424;100216;41.86;8600;10189804866;S
20240424;100216;41.855;1190;10189804867;S
20240424;100216;41.85;1000;10189804868;S
20240424;100217;41.85;2400;10189804926;B
20240424;100218;41.85;500;10189805088;B
20240424;100219;41.85;30;10189805567;B
20240424;100220;41.85;2500;10189805811;B
20240424;100228;41.845;40;10189806890;S
20240424;100228;41.845;10;10189806911;S
20240424;100230;41.845;10;10189807216;S
20240424;100231;41.845;100;10189807257;S
20240424;100232;41.85;100;10189807487;B
20240424;100232;41.845;2000;10189807528;S
20240424;100235;41.85;1470;10189807899;B
20240424;100235;41.85;1000;10189807900;B
20240424;100235;41.86;1680;10189807901;B
20240424;100235;41.865;1200;10189807902;B
20240424;100235;41.87;1200;10189807903;B
20240424;100235;41.87;210;10189807904;B
20240424;100235;41.875;8330;10189807905;B
20240424;100235;41.89;40;10189807906;B
20240424;100235;41.89;3110;10189807907;B
20240424;100235;41.89;1670;10189807908;S
20240424;100235;41.89;6600;10189807938;S
20240424;100235;41.89;60;10189807962;S
20240424;100241;41.89;20;10189808952;S
20240424;100241;41.895;1010;10189809083;B
20240424;100241;41.9;9990;10189809084;B
20240424;100244;41.89;1260;10189809696;S
20240424;100245;41.89;10;10189809830;S
20240424;100249;41.89;10;10189810451;S
20240424;100249;41.89;100;10189810478;S
20240424;100251;41.89;8880;10189810749;S
20240424;100252;41.89;320;10189810883;S
20240424;100256;41.89;100;10189811452;S
20240424;100257;41.89;20;10189811640;S
20240424;100304;41.89;6210;10189812827;S
20240424;100304;41.89;8590;10189812828;S
20240424;100304;41.89;40;10189812829;S
20240424;100304;41.89;10540;10189812830;S
20240424;100310;41.87;20;10189813932;S
20240424;100310;41.865;100;10189813933;S
20240424;100312;41.88;300;10189814261;B
20240424;100316;41.88;1700;10189814848;B
20240424;100316;41.885;2390;10189814849;B
20240424;100316;41.885;1200;10189814850;B
20240424;100316;41.885;770;10189814851;B
20240424;100316;41.885;1000;10189814852;B
20240424;100316;41.89;2940;10189814853;B
20240424;100321;41.865;200;10189815712;B
20240424;100326;41.865;2000;10189816488;B
20240424;100327;41.855;290;10189816569;S
20240424;100329;41.865;10;10189816762;B
20240424;100335;41.85;10;10189817675;S
20240424;100335;41.85;20;10189817676;S
20240424;100337;41.855;1680;10189817991;S
20240424;100337;41.855;760;10189817992;S
20240424;100337;41.85;1480;10189817993;S
20240424;100341;41.84;230;10189818568;S
20240424;100343;41.845;10;10189818852;B
20240424;100344;41.845;200;10189818984;B
20240424;100349;41.85;800;10189819725;B
20240424;100349;41.85;2000;10189819763;B
20240424;100349;41.85;10;10189819811;B
20240424;100351;41.845;2000;10189820061;S
20240424;100351;41.845;740;10189820062;S
20240424;100351;41.84;260;10189820063;S
20240424;100353;41.84;90;10189820229;S
20240424;100353;41.85;20;10189820356;B
20240424;100354;41.85;1000;10189820527;B
20240424;100359;41.845;100;10189821256;S
20240424;100400;41.85;20;10189821532;B
20240424;100400;41.85;230;10189821533;B
20240424;100400;41.85;20;10189821534;B
20240424;100400;41.85;500;10189821535;B
20240424;100400;41.855;250;10189821544;S
20240424;100405;41.86;740;10189822363;S
20240424;100405;41.855;1680;10189822364;S
20240424;100409;41.85;180;10189823383;S
20240424;100410;41.85;50;10189823491;S
20240424;100412;41.855;20;10189823798;B
20240424;100415;41.855;1000;10189824275;B
20240424;100419;41.85;200;10189824889;S
20240424;100421;41.85;1200;10189825114;S
20240424;100422;41.855;50;10189825246;B
20240424;100425;41.855;30;10189825760;B
20240424;100427;41.85;20;10189826000;S
20240424;100428;41.855;320;10189826212;B
20240424;100436;41.85;2000;10189827500;S
20240424;100439;41.855;30;10189827879;B
20240424;100439;41.85;10;10189827946;S
20240424;100441;41.855;1000;10189828195;B
20240424;100442;41.855;10;10189828468;B
20240424;100449;41.855;5120;10189829516;B
20240424;100449;41.855;60;10189829517;B
20240424;100449;41.86;760;10189829518;B
20240424;100449;41.865;3500;10189829519;B
20240424;100451;41.865;10;10189829754;S
20240424;100455;41.885;100;10189830254;B
20240424;100459;41.885;50;10189830987;B
20240424;100504;41.87;20;10189831704;S
20240424;100504;41.87;1680;10189831705;S
20240424;100504;41.87;770;10189831706;S
20240424;100504;41.865;30;10189831707;S
20240424;100504;41.865;520;10189831818;S
20240424;100504;41.865;20;10189831819;S
20240424;100504;41.86;660;10189831820;S
20240424;100504;41.855;320;10189831821;S
20240424;100505;41.855;40;10189831942;S
20240424;100516;41.855;1320;10189833313;S
20240424;100516;41.855;3110;10189833314;S
20240424;100516;41.855;770;10189833315;S
20240424;100516;41.855;10;10189833316;S
20240424;100516;41.855;20;10189833317;S
20240424;100516;41.855;4000;10189833318;S
20240424;100516;41.85;6340;10189833319;S
20240424;100516;41.85;10000;10189833320;S
20240424;100516;41.85;50;10189833321;S
20240424;100516;41.85;370;10189833322;S
20240424;100517;41.85;4800;10189833527;B
20240424;100521;41.85;5000;10189834111;B
20240424;100529;41.845;50;10189835193;S
20240424;100529;41.845;770;10189835194;S
20240424;100529;41.84;50;10189835195;S
20240424;100529;41.84;1000;10189835196;S
20240424;100529;41.83;50;10189835197;S
20240424;100529;41.83;920;10189835198;S
20240424;100535;41.825;10;10189835976;S
20240424;100535;41.83;10;10189836033;B
20240424;100536;41.83;200;10189836224;B
20240424;100539;41.83;1000;10189836563;B
20240424;100541;41.825;90;10189836814;S
20240424;100543;41.83;10;10189836964;B
20240424;100545;41.825;80;10189837224;S
20240424;100545;41.825;320;10189837225;S
20240424;100545;41.825;3000;10189837319;S
20240424;100554;41.83;940;10189838400;B
20240424;100554;41.83;240;10189838401;B
20240424;100558;41.83;150;10189839013;B
20240424;100600;41.82;760;10189839392;S
20240424;100600;41.82;1100;10189839393;S
20240424;100600;41.815;40;10189839394;S
20240424;100600;41.815;1680;10189839395;S
20240424;100600;41.815;3110;10189839396;S
20240424;100600;41.815;2390;10189839397;S
20240424;100600;41.815;10;10189839398;S
20240424;100600;41.81;10;10189839399;S
20240424;100600;41.81;2000;10189839400;S
20240424;100602;41.825;40;10189839729;B
20240424;100602;41.83;170;10189839732;B
20240424;100603;41.815;1680;10189839853;S
20240424;100603;41.815;760;10189839854;S
20240424;100603;41.81;2560;10189839855;S
20240424;100604;41.81;440;10189840128;S
20240424;100604;41.81;40;10189840129;S
20240424;100604;41.81;10;10189840130;S
20240424;100604;41.805;700;10189840131;S
20240424;100604;41.805;1000;10189840132;S
20240424;100604;41.805;300;10189840133;S
20240424;100604;41.805;300;10189840134;S
20240424;100604;41.8;10;10189840135;S
20240424;100604;41.8;2100;10189840136;S
20240424;100604;41.8;1000;10189840137;S
20240424;100604;41.8;33070;10189840138;S
20240424;100604;41.8;50;10189840182;S
20240424;100604;41.8;100;10189840184;S
20240424;100605;41.8;500;10189840211;S
20240424;100605;41.8;2500;10189840253;S
20240424;100608;41.805;50;10189840776;S
20240424;100608;41.805;50;10189840777;S
20240424;100608;41.8;260;10189840778;S
20240424;100610;41.8;10;10189841012;S
20240424;100613;41.81;10;10189841535;B
20240424;100613;41.81;100;10189841560;B
20240424;100614;41.8;100;10189841722;S
20240424;100616;41.805;90;10189842079;S
20240424;100616;41.8;36940;10189842080;S
20240424;100616;41.8;2500;10189842081;S
20240424;100617;41.805;10;10189842227;S
20240424;100617;41.805;10;10189842228;S
20240424;100617;41.8;14980;10189842229;S
20240424;100618;41.8;2000;10189842367;S
20240424;100619;41.8;50;10189842617;S
20240424;100619;41.8;8890;10189842646;S
20240424;100619;41.8;2430;10189842647;S
20240424;100620;41.8;2000;10189842682;S
20240424;100620;41.8;20;10189842683;S
20240424;100620;41.8;60;10189842684;S
20240424;100620;41.8;10;10189842687;S
20240424;100620;41.8;10;10189842688;S
20240424;100620;41.8;20;10189842705;S
20240424;100620;41.8;80;10189842706;S
20240424;100620;41.8;10;10189842722;S
20240424;100620;41.8;20;10189842723;S
20240424;100620;41.8;50;10189842735;S
20240424;100620;41.8;10;10189842736;S
20240424;100620;41.8;2500;10189842738;S
20240424;100620;41.8;2500;10189842742;S
20240424;100620;41.8;10;10189842743;S
20240424;100620;41.8;1000;10189842747;S
20240424;100620;41.8;10;10189842771;S
20240424;100620;41.8;30;10189842772;S
20240424;100620;41.8;50;10189842799;S
20240424;100620;41.8;40;10189842800;S
20240424;100620;41.8;150;10189842801;S
20240424;100620;41.8;10;10189842808;S
20240424;100620;41.8;40;10189842809;S
20240424;100620;41.8;50;10189842822;S
20240424;100620;41.8;2500;10189842839;S
20240424;100620;41.8;10;10189842840;S
20240424;100620;41.8;20;10189842841;S
20240424;100621;41.8;20;10189842848;S
20240424;100621;41.8;70;10189842849;S
20240424;100621;41.8;10;10189842885;S
20240424;100621;41.8;10;10189842886;S
20240424;100621;41.8;20;10189842887;S
20240424;100621;41.8;10;10189842890;S
20240424;100621;41.8;30;10189842891;S
20240424;100621;41.8;10;10189842892;S
20240424;100621;41.8;10;10189842893;S
20240424;100621;41.8;10;10189842894;S
20240424;100621;41.8;10;10189842895;S
20240424;100621;41.8;30;10189842897;S
20240424;100621;41.8;10;10189842898;S
20240424;100621;41.8;10;10189842899;S
20240424;100621;41.8;20;10189842900;S
20240424;100621;41.8;10;10189842901;S
20240424;100621;41.8;30;10189842902;S
20240424;100621;41.8;10;10189842903;S
20240424;100621;41.8;10;10189842904;S
20240424;100621;41.8;10;10189842905;S
20240424;100621;41.8;10;10189842907;S
20240424;100621;41.8;10;10189842908;S
20240424;100621;41.8;10;10189842909;S
20240424;100621;41.8;50;10189842936;S
20240424;100621;41.8;20;10189842960;S
20240424;100621;41.8;60;10189842961;S
20240424;100621;41.8;50;10189842978;S
20240424;100621;41.8;10;10189842979;S
20240424;100621;41.8;50;10189842996;S
20240424;100621;41.8;20;10189842997;S
20240424;100621;41.8;10;10189843006;S
20240424;100621;41.8;10;10189843007;S
20240424;100621;41.8;500;10189843011;S
20240424;100621;41.8;50;10189843014;S
20240424;100622;41.8;50;10189843040;S
20240424;100622;41.8;20;10189843041;S
20240424;100622;41.8;2500;10189843054;S
20240424;100622;41.8;10;10189843055;S
20240424;100622;41.8;50;10189843082;S
20240424;100622;41.8;2000;10189843109;S
20240424;100622;41.8;10;10189843110;S
20240424;100622;41.8;40;10189843111;S
20240424;100622;41.8;20;10189843116;S
20240424;100623;41.8;50;10189843177;S
20240424;100623;41.8;30;10189843178;S
20240424;100623;41.8;40;10189843179;S
20240424;100623;41.8;10;10189843235;S
20240424;100623;41.8;30;10189843236;S
20240424;100623;41.8;10;10189843297;S
20240424;100624;41.8;120;10189843433;S
20240424;100624;41.8;300;10189843434;S
20240424;100624;41.805;60;10189843439;B
20240424;100626;41.8;130;10189843766;S
20240424;100626;41.8;100;10189843767;S
20240424;100626;41.8;20;10189843769;S
20240424;100626;41.8;20;10189843833;S
20240424;100626;41.8;40;10189843834;S
20240424;100626;41.8;10;10189843850;S
20240424;100626;41.8;280;10189843863;S
20240424;100626;41.8;10;10189843867;S
20240424;100626;41.8;30;10189843868;S
20240424;100626;41.8;10;10189843869;S
20240424;100626;41.8;10;10189843870;S
20240424;100626;41.8;10;10189843872;S
20240424;100626;41.8;20;10189843889;S
20240424;100626;41.8;40;10189843890;S
20240424;100626;41.8;50;10189843923;S
20240424;100627;41.8;12200;10189844034;S
20240424;100627;41.8;30;10189844035;S
20240424;100627;41.8;110;10189844036;S
20240424;100628;41.8;10;10189844160;S
20240424;100628;41.8;14780;10189844204;S
20240424;100628;41.8;100;10189844205;S
20240424;100628;41.8;40;10189844206;S
20240424;100628;41.8;200;10189844207;S
20240424;100628;41.8;10;10189844208;S
20240424;100628;41.8;30;10189844209;S
20240424;100628;41.8;20;10189844210;S
20240424;100628;41.8;10;10189844211;S
20240424;100628;41.8;50;10189844212;S
20240424;100628;41.8;1000;10189844213;S
20240424;100628;41.8;10;10189844214;S
20240424;100628;41.8;1200;10189844215;S
20240424;100628;41.8;2020;10189844216;S
20240424;100628;41.8;200;10189844217;S
20240424;100628;41.8;50;10189844218;S
20240424;100628;41.8;1000;10189844219;S
20240424;100628;41.8;1000;10189844220;S
20240424;100628;41.8;540;10189844221;S
20240424;100628;41.79;300;10189844233;S
20240424;100628;41.785;10;10189844332;S
20240424;100628;41.78;10;10189844419;S
20240424;100628;41.78;1000;10189844420;S
20240424;100628;41.775;100;10189844421;S
20240424;100628;41.77;10;10189844422;S
20240424;100628;41.765;500;10189844423;S
20240424;100628;41.765;1270;10189844424;S
20240424;100628;41.76;1000;10189844425;S
20240424;100628;41.76;6110;10189844426;S
20240424;100629;41.765;700;10189844456;S
20240424;100629;41.75;30;10189844457;S
20240424;100629;41.75;30;10189844458;S
20240424;100629;41.75;80;10189844459;S
20240424;100629;41.75;10;10189844460;S
20240424;100629;41.75;100;10189844461;S
20240424;100629;41.75;1000;10189844462;S
20240424;100629;41.75;8050;10189844463;S
20240424;100629;41.755;1680;10189844561;S
20240424;100629;41.755;1000;10189844562;S
20240424;100629;41.75;3900;10189844563;S
20240424;100629;41.75;50;10189844564;S
20240424;100629;41.75;600;10189844565;S
20240424;100629;41.75;500;10189844566;S
20240424;100629;41.745;3640;10189844567;S
20240424;100629;41.745;8630;10189844568;S
20240424;100629;41.75;30;10189844580;S
20240424;100629;41.745;500;10189844591;S
20240424;100629;41.76;50;10189844616;S
20240424;100629;41.76;30;10189844672;S
20240424;100629;41.75;30;10189844673;S
20240424;100629;41.745;1140;10189844674;S
20240424;100629;41.765;50;10189844701;B
20240424;100629;41.745;50;10189844724;S
20240424;100630;41.75;100;10189844803;S
20240424;100630;41.745;4900;10189844804;S
20240424;100630;41.765;100;10189844880;B
20240424;100634;41.745;600;10189845406;S
20240424;100635;41.765;650;10189845624;B
20240424;100635;41.765;110;10189845625;B
20240424;100637;41.765;10;10189845863;S
20240424;100640;41.77;10;10189846223;B
20240424;100641;41.765;230;10189846582;S
20240424;100641;41.76;200;10189846583;S
20240424;100641;41.76;1000;10189846584;S
20240424;100641;41.75;200;10189846585;S
20240424;100641;41.75;720;10189846586;S
20240424;100641;41.75;200;10189846587;S
20240424;100641;41.75;1470;10189846588;S
20240424;100643;41.75;10;10189846740;S
20240424;100646;41.75;70;10189847228;S
20240424;100648;41.765;10;10189847652;B
20240424;100650;41.745;1000;10189847862;S
20240424;100650;41.745;6170;10189847863;S
20240424;100650;41.74;30;10189847864;S
20240424;100650;41.74;30;10189847865;S
20240424;100650;41.74;730;10189847866;S
20240424;100650;41.735;10;10189847867;S
20240424;100650;41.735;10;10189847868;S
20240424;100650;41.735;1000;10189847869;S
20240424;100650;41.73;200;10189847870;S
20240424;100650;41.73;1680;10189847871;S
20240424;100650;41.725;10;10189847872;S
20240424;100650;41.725;10;10189847873;S
20240424;100650;41.725;1200;10189847874;S
20240424;100650;41.725;8620;10189847875;S
20240424;100650;41.72;300;10189847876;S
20240424;100650;41.72;10;10189847880;S
20240424;100650;41.72;180;10189847890;S
20240424;100650;41.74;20;10189847896;B
20240424;100650;41.73;10;10189847897;S
20240424;100650;41.72;10;10189847898;S
20240424;100650;41.72;10;10189847899;S
20240424;100650;41.72;1970;10189847900;S
20240424;100650;41.745;750;10189847916;B
20240424;100650;41.755;1650;10189847917;B
20240424;100650;41.73;20;10189847926;S
20240424;100650;41.73;510;10189847927;S
20240424;100653;41.745;50;10189848356;B
20240424;100654;41.75;10;10189848373;B
20240424;100659;41.74;120;10189849137;S
20240424;100659;41.74;380;10189849138;S
20240424;100700;41.735;10;10189849242;S
20240424;100700;41.735;20;10189849243;S
20240424;100701;41.745;30;10189849373;B
20240424;100701;41.745;10;10189849400;B
20240424;100701;41.745;10;10189849403;B
20240424;100701;41.73;10;10189849405;S
20240424;100701;41.73;10;10189849406;S
20240424;100701;41.73;10;10189849407;S
20240424;100703;41.725;290;10189849524;S
20240424;100705;41.725;30;10189849941;S
20240424;100709;41.725;10;10189851498;S
20240424;100710;41.74;2500;10189851572;B
20240424;100710;41.74;110;10189851627;B
20240424;100711;41.725;1000;10189851873;S
20240424;100713;41.725;30;10189852335;S
20240424;100715;41.725;30;10189852571;S
20240424;100717;41.725;260;10189853191;S
20240424;100717;41.725;200;10189853192;S
20240424;100717;41.725;1000;10189853193;S
20240424;100717;41.725;1680;10189853194;S
20240424;100717;41.725;130;10189853195;S
20240424;100718;41.725;1000;10189853226;S
20240424;100718;41.74;30;10189853339;B
20240424;100718;41.74;370;10189853340;B
20240424;100719;41.725;60;10189853544;S
20240424;100721;41.74;20;10189853844;B
20240424;100721;41.725;640;10189854156;S
20240424;100721;41.725;100;10189854157;S
20240424;100721;41.725;3110;10189854158;S
20240424;100722;41.72;3000;10189854233;S
20240424;100722;41.72;2000;10189854565;S
20240424;100723;41.725;10;10189854683;B
20240424;100724;41.725;30;10189854888;B
20240424;100724;41.725;500;10189854901;B
20240424;100724;41.725;500;10189854977;B
20240424;100725;41.72;1400;10189855415;S
20240424;100725;41.72;6070;10189855416;S
20240424;100725;41.72;10;10189855443;S
20240424;100725;41.72;30;10189855444;S
20240424;100725;41.72;30;10189855572;S
20240424;100725;41.72;130;10189855573;S
20240424;100726;41.72;50;10189855640;S
20240424;100726;41.72;120;10189855641;S
20240424;100726;41.72;10;10189855659;S
20240424;100726;41.72;40;10189855660;S
20240424;100726;41.72;40;10189855740;S
20240424;100726;41.72;140;10189855741;S
20240424;100726;41.72;10;10189855788;S
20240424;100726;41.72;50;10189855789;S
20240424;100726;41.72;20;10189855827;S
20240424;100726;41.72;40;10189855828;S
20240424;100726;41.72;10;10189855829;S
20240424;100726;41.72;20;10189855830;S
20240424;100727;41.72;20;10189855887;S
20240424;100727;41.72;100;10189855888;S
20240424;100727;41.725;60;10189855914;B
20240424;100727;41.72;10;10189855915;S
20240424;100727;41.725;60;10189855958;B
20240424;100727;41.72;10;10189855959;S
20240424;100727;41.72;50;10189855960;S
20240424;100727;41.72;10;10189855961;S
20240424;100727;41.72;30;10189855962;S
20240424;100727;41.72;20;10189855963;S
20240424;100727;41.72;10;10189855964;S
20240424;100727;41.725;30;10189855995;B
20240424;100727;41.72;20;10189855996;S
20240424;100727;41.725;60;10189856049;B
20240424;100727;41.72;50;10189856052;S
20240424;100727;41.72;190;10189856053;S
20240424;100727;41.72;50;10189856098;S
20240424;100727;41.72;30;10189856099;S
20240424;100727;41.72;50;10189856100;S
20240424;100727;41.72;30;10189856113;S
20240424;100727;41.72;60;10189856114;S
20240424;100728;41.72;1460;10189856174;S
20240424;100728;41.72;50;10189856176;S
20240424;100728;41.72;160;10189856177;S
20240424;100728;41.72;110;10189856358;S
20240424;100728;41.72;340;10189856359;S
20240424;100729;41.72;40;10189856527;S
20240424;100729;41.72;90;10189856528;S
20240424;100729;41.725;2000;10189856553;B
20240424;100730;41.725;10;10189856649;B
20240424;100730;41.72;20;10189856650;S
20240424;100730;41.72;90;10189856651;S
20240424;100730;41.725;1000;10189856700;B
20240424;100730;41.72;10;10189856734;S
20240424;100731;41.72;500;10189856904;S
20240424;100731;41.72;140;10189856905;S
20240424;100731;41.72;50;10189856906;S
20240424;100731;41.72;10;10189856930;S
20240424;100731;41.72;40;10189856931;S
20240424;100732;41.72;20;10189857116;S
20240424;100732;41.72;10;10189857117;S
20240424;100733;41.72;30;10189857189;S
20240424;100733;41.72;60;10189857190;S
20240424;100733;41.72;10;10189857236;S
20240424;100733;41.72;10;10189857239;S
20240424;100733;41.72;10;10189857240;S
20240424;100733;41.72;80;10189857308;S
20240424;100733;41.72;170;10189857309;S
20240424;100734;41.72;400;10189857355;S
20240424;100734;41.72;30;10189857356;S
20240424;100734;41.72;120;10189857357;S
20240424;100734;41.72;30;10189857398;S
20240424;100734;41.72;40;10189857399;S
20240424;100734;41.72;4940;10189857487;S
20240424;100734;41.72;10;10189857488;S
20240424;100734;41.72;500;10189857489;S
20240424;100734;41.72;1200;10189857490;S
20240424;100734;41.72;1000;10189857491;S
20240424;100734;41.715;30;10189857492;S
20240424;100734;41.715;1010;10189857493;S
20240424;100734;41.715;30;10189857494;S
20240424;100734;41.71;250;10189857495;S
20240424;100734;41.71;2390;10189857496;S
20240424;100734;41.71;1680;10189857497;S
20240424;100734;41.705;70;10189857498;S
20240424;100734;41.705;50;10189857499;S
20240424;100734;41.705;10;10189857500;S
20240424;100734;41.705;830;10189857501;S
20240424;100735;41.71;10;10189857524;B
20240424;100735;41.705;2000;10189857574;S
20240424;100735;41.71;20;10189857589;B
20240424;100735;41.71;8590;10189857598;B
20240424;100735;41.71;1170;10189857599;B
20240424;100735;41.715;100;10189857600;B
20240424;100735;41.725;5890;10189857601;B
20240424;100735;41.73;480;10189857602;B
20240424;100735;41.74;270;10189857603;B
20240424;100735;41.745;40;10189857604;B
20240424;100735;41.745;30;10189857605;B
20240424;100735;41.745;300;10189857606;B
20240424;100735;41.75;1200;10189857607;B
20240424;100735;41.755;1050;10189857608;B
20240424;100735;41.755;5620;10189857609;B
20240424;100735;41.755;5260;10189857610;B
20240424;100735;41.71;280;10189857625;S
20240424;100735;41.71;720;10189857626;S
20240424;100735;41.72;200;10189857697;B
20240424;100736;41.71;10;10189858054;B
20240424;100737;41.71;10;10189858115;B
20240424;100737;41.705;100;10189858176;S
20240424;100738;41.705;100;10189858519;S
20240424;100738;41.71;60;10189858702;B
20240424;100740;41.705;5000;10189859240;S
20240424;100741;41.705;1500;10189859543;S
20240424;100741;41.71;20;10189859578;B
20240424;100741;41.715;40;10189859579;B
20240424;100743;41.715;20;10189859958;B
20240424;100743;41.71;100;10189860034;S
20240424;100745;41.71;10;10189860470;S
20240424;100746;41.71;590;10189860785;S
20240424;100746;41.71;240;10189860786;S
20240424;100746;41.71;200;10189860787;S
20240424;100747;41.71;30;10189860975;S
20240424;100747;41.71;50;10189860976;S
20240424;100747;41.71;10;10189861027;S
20240424;100747;41.71;10;10189861028;S
20240424;100747;41.71;30;10189861119;S
20240424;100747;41.71;30;10189861120;S
20240424;100747;41.71;400;10189861121;S
20240424;100747;41.71;720;10189861122;S
20240424;100747;41.71;20;10189861201;S
20240424;100748;41.71;20;10189861635;S
20240424;100748;41.71;120;10189861636;S
20240424;100748;41.71;30;10189861637;S
20240424;100749;41.71;10;10189861861;S
20240424;100749;41.71;10;10189862065;S
20240424;100749;41.71;10;10189862066;S
20240424;100749;41.71;10;10189862074;S
20240424;100750;41.71;50;10189862223;S
20240424;100750;41.71;10;10189862290;S
20240424;100750;41.705;470;10189862291;S
20240424;100750;41.705;2030;10189862292;S
20240424;100751;41.715;210;10189862467;B
20240424;100757;41.71;150;10189864936;S
20240424;100757;41.705;520;10189865014;S
20240424;100758;41.705;70;10189865308;S
20240424;100758;41.705;350;10189865309;S
20240424;100758;41.705;550;10189865310;S
20240424;100758;41.705;20;10189865319;S
20240424;100759;41.705;20;10189865480;S
20240424;100759;41.705;10;10189865481;S
20240424;100759;41.705;20;10189865482;S
20240424;100800;41.705;2000;10189865552;S
20240424;100800;41.705;40;10189865564;S
20240424;100800;41.705;10;10189865657;S
20240424;100800;41.705;10;10189865741;S
20240424;100802;41.71;100;10189866212;B
20240424;100802;41.71;1000;10189866213;B
20240424;100802;41.71;8630;10189866214;B
20240424;100802;41.71;1170;10189866215;B
20240424;100802;41.715;90;10189866216;B
20240424;100802;41.715;1680;10189866217;B
20240424;100802;41.73;480;10189866218;B
20240424;100802;41.74;100;10189866219;B
20240424;100802;41.745;2640;10189866220;B
20240424;100802;41.745;1680;10189866221;B
20240424;100802;41.745;2390;10189866222;B
20240424;100802;41.745;3110;10189866223;B
20240424;100802;41.75;1050;10189866224;B
20240424;100802;41.75;1200;10189866225;B
20240424;100802;41.75;4680;10189866226;B
20240424;100807;41.715;10;10189867376;S
20240424;100807;41.71;10;10189867377;S
20240424;100816;41.715;60;10189869480;S
20240424;100818;41.715;2000;10189869852;S
20240424;100818;41.72;400;10189869876;B
20240424;100821;41.715;200;10189870206;S
20240424;100821;41.715;10;10189870314;S
20240424;100825;41.715;100;10189870870;S
20240424;100826;41.715;40;10189870981;S
20240424;100827;41.72;2000;10189871191;B
20240424;100829;41.715;2590;10189871543;S
20240424;100829;41.715;200;10189871544;S
20240424;100829;41.715;710;10189871545;S
20240424;100834;41.72;2000;10189872441;B
20240424;100835;41.715;150;10189872540;S
20240424;100836;41.715;50;10189872859;S
20240424;100836;41.72;10;10189872888;B
20240424;100837;41.72;10;10189873030;B
20240424;100837;41.715;1090;10189873054;S
20240424;100837;41.715;1000;10189873055;S
20240424;100837;41.71;490;10189873056;S
20240424;100837;41.71;2420;10189873057;S
20240424;100840;41.715;10;10189873599;B
20240424;100841;41.715;1670;10189873827;B
20240424;100841;41.715;450;10189873828;B
20240424;100841;41.715;1140;10189873829;B
20240424;100841;41.72;130;10189873830;B
20240424;100841;41.72;1200;10189873831;B
20240424;100841;41.72;410;10189873832;B
20240424;100842;41.71;100;10189874083;S
20240424;100848;41.71;4660;10189875204;S
20240424;100848;41.71;40;10189875205;S
20240424;100851;41.71;10;10189875923;B
20240424;100851;41.71;50;10189875950;B
20240424;100855;41.71;10;10189876668;B
20240424;100858;41.705;130;10189877171;S
20240424;100859;41.705;4220;10189877336;S
20240424;100859;41.705;2000;10189877337;S
20240424;100859;41.705;10;10189877338;S
20240424;100859;41.705;200;10189877339;S
20240424;100859;41.705;1120;10189877340;S
20240424;100859;41.7;10;10189877341;S
20240424;100859;41.7;1000;10189877342;S
20240424;100859;41.7;2000;10189877343;S
20240424;100859;41.7;9290;10189877344;S
20240424;100900;41.7;20;10189877410;S
20240424;100900;41.7;1000;10189877413;S
20240424;100900;41.7;200;10189877422;S
20240424;100900;41.7;22820;10189877437;S
20240424;100900;41.7;10000;10189877438;S
20240424;100900;41.7;6180;10189877439;S
20240424;100900;41.7;100;10189877488;S
20240424;100900;41.7;3500;10189877492;S
20240424;100900;41.7;220;10189877493;S
20240424;100900;41.7;100;10189877494;S
20240424;100900;41.7;10000;10189877495;S
20240424;100901;41.7;10;10189877521;S
20240424;100901;41.7;200;10189877529;S
20240424;100901;41.7;200;10189877537;S
20240424;100901;41.7;200;10189877538;S
20240424;100901;41.7;130;10189877539;S
20240424;100904;41.7;700;10189878069;S
20240424;100905;41.7;7580;10189878155;S
20240424;100905;41.7;60;10189878216;S
20240424;100906;41.7;1000;10189878263;S
20240424;100907;41.7;40;10189878448;S
20240424;100908;41.7;140;10189878616;S
20240424;100908;41.705;10;10189878854;B
20240424;100909;41.705;30;10189879071;B
20240424;100909;41.7;700;10189879094;S
20240424;100910;41.705;550;10189879263;B
20240424;100910;41.705;10;10189879343;B
20240424;100913;41.7;300;10189879983;S
20240424;100916;41.7;2500;10189880604;S
20240424;100916;41.7;40;10189880639;S
20240424;100916;41.705;40;10189880653;B
20240424;100917;41.7;1100;10189880764;S
20240424;100917;41.7;30;10189880765;S
20240424;100917;41.7;1700;10189880766;S
20240424;100917;41.7;90;10189880767;S
20240424;100917;41.7;50;10189880768;S
20240424;100917;41.7;1900;10189880769;S
20240424;100917;41.705;2000;10189880770;B
20240424;100917;41.705;200;10189880776;B
20240424;100917;41.7;450;10189880788;S
20240424;100917;41.7;1760;10189880917;S
20240424;100920;41.7;70;10189881260;S
20240424;100921;41.705;200;10189881341;B
20240424;100921;41.7;740;10189881347;S
20240424;100923;41.7;70;10189881694;S
20240424;100924;41.7;10;10189881921;S
20240424;100924;41.7;100;10189881922;S
20240424;100924;41.7;30;10189881923;S
20240424;100924;41.7;10;10189881924;S
20240424;100924;41.7;10;10189881925;S
20240424;100924;41.7;80;10189881926;S
20240424;100924;41.7;30;10189881927;S
20240424;100924;41.7;120;10189881928;S
20240424;100924;41.7;80;10189881929;S
20240424;100924;41.7;2320;10189881930;S
20240424;100931;41.7;10;10189884081;S
20240424;100932;41.7;200;10189884290;S
20240424;100935;41.7;800;10189884703;S
20240424;100937;41.7;300;10189885148;S
20240424;100939;41.705;300;10189885471;B
20240424;100939;41.7;50;10189885586;S
20240424;100943;41.705;10;10189886283;B
20240424;100947;41.7;150;10189887336;S
20240424;100947;41.705;1000;10189887411;B
20240424;100954;41.705;4280;10189889280;B
20240424;100954;41.705;790;10189889281;B
20240424;100954;41.705;1150;10189889282;B
20240424;100954;41.705;510;10189889283;B
20240424;100954;41.705;1680;10189889284;B
20240424;100954;41.705;500;10189889285;B
20240424;100954;41.705;1090;10189889286;B
20240424;100954;41.7;500;10189889322;S
20240424;100956;41.7;670;10189889519;S
20240424;100956;41.7;4340;10189889520;S
20240424;100958;41.7;1000;10189890000;S
20240424;101001;41.7;3500;10189890985;S
20240424;101002;41.7;11160;10189891156;S
20240424;101002;41.7;30;10189891157;S
20240424;101002;41.7;3810;10189891158;S
20240424;101002;41.7;10;10189891239;S
20240424;101004;41.7;1000;10189891549;S
20240424;101005;41.7;300;10189891673;S
20240424;101005;41.7;1330;10189891674;S
20240424;101008;41.7;440;10189892149;S
20240424;101008;41.7;10;10189892150;S
20240424;101008;41.7;1550;10189892151;S
20240424;101008;41.7;1950;10189892167;S
20240424;101008;41.7;170;10189892168;S
20240424;101008;41.7;10;10189892169;S
20240424;101008;41.7;100;10189892170;S
20240424;101008;41.695;10;10189892171;S
20240424;101008;41.695;50;10189892172;S
20240424;101008;41.69;100;10189892173;S
20240424;101008;41.69;100;10189892174;S
20240424;101008;41.69;10;10189892175;S
20240424;101008;41.69;30;10189892176;S
20240424;101008;41.69;100;10189892177;S
20240424;101008;41.69;1210;10189892178;S
20240424;101008;41.685;1000;10189892179;S
20240424;101008;41.68;10;10189892180;S
20240424;101008;41.68;100;10189892181;S
20240424;101008;41.68;100;10189892182;S
20240424;101008;41.68;100;10189892183;S
20240424;101008;41.675;10;10189892184;S
20240424;101008;41.675;10;10189892185;S
20240424;101008;41.675;390;10189892186;S
20240424;101008;41.67;10;10189892187;S
20240424;101008;41.67;100;10189892188;S
20240424;101008;41.67;10;10189892189;S
20240424;101008;41.67;10;10189892190;S
20240424;101008;41.665;250;10189892191;S
20240424;101008;41.665;500;10189892192;S
20240424;101008;41.665;7180;10189892193;S
20240424;101008;41.665;10;10189892194;S
20240424;101008;41.665;10;10189892195;S
20240424;101008;41.66;10;10189892196;S
20240424;101008;41.66;100;10189892197;S
20240424;101008;41.66;100;10189892198;S
20240424;101008;41.66;300;10189892199;S
20240424;101008;41.655;900;10189892200;S
20240424;101008;41.655;5000;10189892201;S
20240424;101008;41.65;500;10189892202;S
20240424;101008;41.65;5000;10189892203;S
20240424;101008;41.65;1000;10189892204;S
20240424;101008;41.65;10;10189892205;S
20240424;101008;41.65;1000;10189892206;S
20240424;101008;41.65;300;10189892207;S
20240424;101008;41.645;5000;10189892208;S
20240424;101008;41.645;1000;10189892209;S
20240424;101008;41.645;100;10189892210;S
20240424;101008;41.645;1050;10189892211;S
20240424;101008;41.64;5000;10189892212;S
20240424;101008;41.64;1000;10189892213;S
20240424;101008;41.64;5000;10189892214;S
20240424;101008;41.64;2000;10189892215;S
20240424;101008;41.635;10;10189892216;S
20240424;101008;41.635;1600;10189892217;S
20240424;101008;41.635;380;10189892218;S
20240424;101008;41.635;100;10189892223;S
20240424;101008;41.63;10;10189892241;S
20240424;101008;41.63;10;10189892242;S
20240424;101008;41.63;20;10189892243;S
20240424;101008;41.645;1190;10189892257;B
20240424;101008;41.65;820;10189892258;B
20240424;101008;41.65;70;10189892267;B
20240424;101008;41.65;80;10189892268;B
20240424;101008;41.66;350;10189892269;B
20240424;101008;41.64;100;10189892294;S
20240424;101008;41.64;600;10189892295;S
20240424;101009;41.655;20;10189892369;S
20240424;101009;41.66;100;10189892406;B
20240424;101009;41.655;20;10189892468;S
20240424;101009;41.655;260;10189892469;S
20240424;101010;41.66;8640;10189892566;B
20240424;101010;41.665;70;10189892567;B
20240424;101010;41.665;1170;10189892568;B
20240424;101010;41.67;20;10189892569;B
20240424;101014;41.67;10;10189893555;S
20240424;101015;41.67;430;10189893667;S
20240424;101018;41.67;500;10189894130;S
20240424;101022;41.675;1000;10189894728;B
20240424;101033;41.67;10;10189896472;S
20240424;101033;41.665;690;10189896473;S
20240424;101036;41.665;1000;10189897279;S
20240424;101036;41.67;10;10189897314;B
20240424;101037;41.665;50;10189897514;S
20240424;101039;41.67;30;10189897904;B
20240424;101039;41.67;500;10189897973;B
20240424;101039;41.665;1210;10189898046;S
20240424;101042;41.665;70;10189898666;S
20240424;101042;41.665;250;10189898729;S
20240424;101045;41.665;1000;10189899615;S
20240424;101046;41.665;10;10189899903;S
20240424;101047;41.67;500;10189900272;B
20240424;101048;41.665;720;10189900707;S
20240424;101048;41.665;40;10189900708;S
20240424;101048;41.66;100;10189900709;S
20240424;101048;41.66;20;10189900710;S
20240424;101048;41.66;10;10189900711;S
20240424;101048;41.655;750;10189900712;S
20240424;101048;41.655;50;10189900713;S
20240424;101048;41.655;1150;10189900714;S
20240424;101048;41.65;2710;10189900715;S
20240424;101049;41.65;400;10189900854;S
20240424;101049;41.65;360;10189900857;S
20240424;101049;41.65;150;10189900858;S
20240424;101049;41.65;540;10189900859;S
20240424;101049;41.65;70;10189900860;S
20240424;101049;41.65;270;10189900861;S
20240424;101049;41.65;100;10189900862;S
20240424;101049;41.65;370;10189900863;S
20240424;101049;41.65;950;10189900864;S
20240424;101049;41.65;360;10189900866;S
20240424;101049;41.65;620;10189900870;S
20240424;101049;41.65;230;10189900874;S
20240424;101049;41.65;100;10189900875;S
20240424;101049;41.65;40;10189900876;S
20240424;101049;41.65;300;10189900877;S
20240424;101049;41.65;1000;10189900929;S
20240424;101049;41.655;8630;10189901121;B
20240424;101049;41.655;1140;10189901122;B
20240424;101049;41.655;1000;10189901123;B
20240424;101049;41.655;1680;10189901124;B
20240424;101049;41.655;320;10189901125;B
20240424;101049;41.665;70;10189901126;B
20240424;101049;41.665;10000;10189901304;S
20240424;101050;41.665;1000;10189901588;S
20240424;101051;41.67;10;10189901754;B
20240424;101051;41.665;280;10189901911;S
20240424;101051;41.665;1410;10189901913;S
20240424;101051;41.665;310;10189901916;S
20240424;101051;41.665;290;10189901918;S
20240424;101051;41.665;300;10189901919;S
20240424;101051;41.665;280;10189901920;S
20240424;101051;41.665;230;10189901921;S
20240424;101051;41.665;670;10189901923;S
20240424;101051;41.665;290;10189901924;S
20240424;101051;41.665;820;10189901929;S
20240424;101052;41.665;1000;10189902031;S
20240424;101052;41.665;70;10189902098;S
20240424;101053;41.67;10;10189902212;B
20240424;101053;41.665;26460;10189902324;S
20240424;101054;41.65;960;10189902566;S
20240424;101054;41.65;640;10189902569;S
20240424;101054;41.65;630;10189902570;S
20240424;101054;41.65;670;10189902571;S
20240424;101054;41.65;490;10189902572;S
20240424;101054;41.65;270;10189902573;S
20240424;101054;41.64;30;10189902574;S
20240424;101054;41.64;390;10189902575;S
20240424;101054;41.64;410;10189902576;S
20240424;101054;41.64;100;10189902577;S
20240424;101054;41.635;140;10189902578;S
20240424;101054;41.64;10;10189902616;B
20240424;101056;41.635;700;10189903913;S
20240424;101056;41.635;720;10189903915;S
20240424;101056;41.635;710;10189903916;S
20240424;101056;41.635;110;10189903922;S
20240424;101056;41.635;120;10189903925;S
20240424;101056;41.63;180;10189903926;S
20240424;101056;41.63;1000;10189903927;S
20240424;101056;41.63;500;10189903928;S
20240424;101056;41.63;700;10189903929;S
20240424;101056;41.635;10;10189904106;B
20240424;101057;41.63;1000;10189904243;S
20240424;101057;41.63;60;10189904494;S
20240424;101058;41.63;50;10189904715;S
20240424;101058;41.635;10;10189904820;B
20240424;101059;41.63;780;10189904961;S
20240424;101059;41.63;50;10189904968;S
20240424;101059;41.63;430;10189905023;S
20240424;101059;41.63;900;10189905081;S
20240424;101059;41.63;650;10189905082;S
20240424;101059;41.63;130;10189905083;S
20240424;101059;41.63;230;10189905084;S
20240424;101059;41.63;1210;10189905088;S
20240424;101059;41.63;310;10189905089;S
20240424;101059;41.63;580;10189905092;S
20240424;101059;41.63;10;10189905093;S
20240424;101059;41.625;60;10189905094;S
20240424;101059;41.625;40;10189905095;S
20240424;101059;41.625;10;10189905096;S
20240424;101059;41.625;10;10189905097;S
20240424;101059;41.625;800;10189905098;S
20240424;101100;41.635;20;10189905147;B
20240424;101100;41.635;10;10189905181;B
20240424;101101;41.635;20;10189905309;B
20240424;101101;41.63;100;10189905342;S
20240424;101103;41.63;320;10189906557;S
20240424;101103;41.63;80;10189906558;S
20240424;101103;41.63;10;10189906559;S
20240424;101103;41.625;190;10189906560;S
20240424;101103;41.62;10;10189906561;S
20240424;101103;41.62;260;10189906562;S
20240424;101103;41.62;750;10189906563;S
20240424;101103;41.62;420;10189906564;S
20240424;101103;41.62;400;10189906565;S
20240424;101103;41.62;290;10189906567;S
20240424;101103;41.62;380;10189906568;S
20240424;101103;41.62;310;10189906569;S
20240424;101103;41.62;50;10189906771;S
20240424;101104;41.625;4000;10189907170;B
20240424;101105;41.62;2040;10189907829;S
20240424;101105;41.62;200;10189907836;S
20240424;101107;41.625;10;10189908024;B
20240424;101107;41.625;10;10189908284;B
20240424;101108;41.62;110;10189908427;S
20240424;101110;41.625;10;10189909094;B
20240424;101111;41.62;200;10189909284;S
20240424;101111;41.625;10;10189909288;B
20240424;101112;41.62;90;10189909510;S
20240424;101112;41.62;10;10189909511;S
20240424;101112;41.62;200;10189909512;S
20240424;101112;41.62;10;10189909513;S
20240424;101112;41.62;290;10189909514;S
20240424;101120;41.625;10;10189911224;B
20240424;101120;41.62;410;10189911264;S
20240424;101120;41.62;250;10189911265;S
20240424;101120;41.62;300;10189911266;S
20240424;101121;41.62;50;10189911476;S
20240424;101124;41.62;220;10189912310;S
20240424;101124;41.625;10;10189912375;B
20240424;101124;41.62;1000;10189912418;S
20240424;101124;41.62;1000;10189912419;S
20240424;101124;41.62;410;10189912420;S
20240424;101127;41.62;1590;10189912989;S
20240424;101127;41.62;250;10189912990;S
20240424;101127;41.62;1000;10189912991;S
20240424;101127;41.62;2500;10189912992;S
20240424;101127;41.62;1680;10189912993;S
20240424;101127;41.615;5000;10189912994;S
20240424;101127;41.615;10;10189912995;S
20240424;101127;41.615;10;10189912996;S
20240424;101127;41.615;200;10189912997;S
20240424;101127;41.615;10;10189912998;S
20240424;101127;41.615;2750;10189912999;S
20240424;101127;41.615;3110;10189913000;S
20240424;101127;41.61;10;10189913001;S
20240424;101127;41.61;180;10189913002;S
20240424;101127;41.61;1500;10189913003;S
20240424;101127;41.61;300;10189913004;S
20240424;101127;41.61;10;10189913005;S
20240424;101127;41.61;100;10189913006;S
20240424;101127;41.61;56390;10189913007;S
20240424;101127;41.61;150;10189913008;S
20240424;101127;41.61;1050;10189913009;S
20240424;101127;41.61;8640;10189913010;S
20240424;101127;41.605;100;10189913011;S
20240424;101127;41.605;50;10189913012;S
20240424;101127;41.605;50;10189913013;S
20240424;101127;41.605;1000;10189913014;S
20240424;101127;41.605;20;10189913015;S
20240424;101127;41.605;100;10189913016;S
20240424;101127;41.605;630;10189913017;S
20240424;101127;41.605;10;10189913018;S
20240424;101127;41.605;100;10189913019;S
20240424;101127;41.6;2500;10189913020;S
20240424;101127;41.6;10;10189913021;S
20240424;101127;41.6;10;10189913022;S
20240424;101127;41.6;40;10189913023;S
20240424;101127;41.6;10;10189913024;S
20240424;101127;41.6;5000;10189913025;S
20240424;101127;41.6;10;10189913026;S
20240424;101127;41.6;10000;10189913027;S
20240424;101127;41.6;2500;10189913028;S
20240424;101127;41.6;10;10189913029;S
20240424;101127;41.6;10000;10189913030;S
20240424;101127;41.6;10;10189913031;S
20240424;101127;41.6;39000;10189913032;S
20240424;101127;41.6;90;10189913033;S
20240424;101127;41.6;500;10189913034;S
20240424;101127;41.6;20;10189913035;S
20240424;101127;41.6;100;10189913036;S
20240424;101127;41.6;10;10189913037;S
20240424;101127;41.595;1010;10189913038;S
20240424;101127;41.595;450;10189913039;S
20240424;101127;41.595;540;10189913040;S
20240424;101127;41.595;120;10189913041;S
20240424;101127;41.6;10;10189913049;B
20240424;101127;41.595;540;10189913086;S
20240424;101127;41.595;1680;10189913087;S
20240424;101127;41.59;10;10189913088;S
20240424;101127;41.59;10;10189913089;S
20240424;101127;41.59;10;10189913090;S
20240424;101127;41.59;10;10189913091;S
20240424;101127;41.59;10;10189913092;S
20240424;101127;41.59;10;10189913093;S
20240424;101127;41.59;10;10189913094;S
20240424;101127;41.59;10;10189913095;S
20240424;101127;41.59;10;10189913096;S
20240424;101127;41.59;10;10189913097;S
20240424;101127;41.59;10;10189913098;S
20240424;101127;41.59;10;10189913099;S
20240424;101127;41.59;10;10189913100;S
20240424;101127;41.59;10;10189913101;S
20240424;101127;41.59;10;10189913102;S
20240424;101127;41.59;10;10189913103;S
20240424;101127;41.59;10;10189913104;S
20240424;101127;41.59;10;10189913105;S
20240424;101127;41.59;30;10189913106;S
20240424;101127;41.59;10;10189913107;S
20240424;101127;41.59;240;10189913108;S
20240424;101127;41.59;200;10189913109;S
20240424;101127;41.59;10;10189913110;S
20240424;101127;41.59;150;10189913111;S
20240424;101127;41.59;40;10189913112;S
20240424;101127;41.59;40;10189913113;S
20240424;101127;41.59;40;10189913114;S
20240424;101127;41.59;100;10189913115;S
20240424;101127;41.59;50;10189913116;S
20240424;101127;41.59;30;10189913117;S
20240424;101127;41.59;160;10189913118;S
20240424;101127;41.595;60;10189913124;B
20240424;101127;41.595;8590;10189913125;B
20240424;101127;41.6;7310;10189913126;B
20240424;101127;41.6;200;10189913127;B
20240424;101127;41.595;1500;10189913128;B
20240424;101128;41.59;90;10189913131;S
20240424;101128;41.59;10;10189913132;S
20240424;101128;41.59;300;10189913133;S
20240424;101128;41.595;50;10189913155;B
20240424;101128;41.59;40;10189913158;S
20240424;101128;41.59;40;10189913164;S
20240424;101128;41.59;30;10189913165;S
20240424;101128;41.585;50;10189913166;S
20240424;101128;41.595;1180;10189913167;B
20240424;101128;41.595;130;10189913173;B
20240424;101128;41.595;70;10189913174;B
20240424;101128;41.585;200;10189913237;S
20240424;101128;41.595;7110;10189913239;B
20240424;101128;41.595;390;10189913240;B
20240424;101128;41.595;10;10189913249;B
20240424;101128;41.59;300;10189913250;S
20240424;101128;41.59;10;10189913274;S
20240424;101128;41.595;30;10189913292;B
20240424;101128;41.595;200;10189913294;S
20240424;101128;41.6;50;10189913302;B
20240424;101128;41.6;100;10189913320;B
20240424;101129;41.6;210;10189913336;B
20240424;101129;41.6;2500;10189913356;B
20240424;101129;41.595;500;10189913373;S
20240424;101130;41.6;100;10189913694;B
20240424;101130;41.6;50;10189913746;B
20240424;101131;41.6;520;10189913877;B
20240424;101131;41.6;800;10189913914;B
20240424;101131;41.595;600;10189913924;S
20240424;101132;41.595;1810;10189913992;S
20240424;101132;41.595;1000;10189913993;S
20240424;101132;41.595;10;10189913994;S
20240424;101132;41.59;1370;10189913995;S
20240424;101132;41.59;16970;10189913996;S
20240424;101132;41.59;10;10189913997;S
20240424;101132;41.59;1170;10189913998;S
20240424;101132;41.59;2870;10189914059;B
20240424;101132;41.585;400;10189914110;S
20240424;101134;41.59;10;10189914375;B
20240424;101135;41.59;240;10189914662;B
20240424;101141;41.59;300;10189916033;B
20240424;101143;41.59;4240;10189916336;B
20240424;101143;41.59;120;10189916337;B
20240424;101143;41.59;50;10189916338;B
20240424;101143;41.59;590;10189916339;B
20240424;101145;41.585;440;10189916691;S
20240424;101145;41.585;840;10189916695;S
20240424;101145;41.585;160;10189916696;S
20240424;101145;41.59;200;10189916716;B
20240424;101145;41.59;8650;10189916717;B
20240424;101145;41.59;11150;10189916718;B
20240424;101146;41.59;10;10189916957;B
20240424;101146;41.59;2430;10189917078;B
20240424;101147;41.585;340;10189917266;S
20240424;101147;41.585;10;10189917267;S
20240424;101147;41.585;10;10189917268;S
20240424;101147;41.585;540;10189917269;S
20240424;101149;41.585;20;10189918304;S
20240424;101150;41.59;1470;10189918506;B
20240424;101150;41.59;110;10189918507;B
20240424;101150;41.59;1170;10189918508;B
20240424;101150;41.595;250;10189918509;B
20240424;101150;41.6;93830;10189918510;B
20240424;101150;41.6;3170;10189918511;B
20240424;101150;41.6;830;10189918515;B
20240424;101150;41.6;320;10189918516;B
20240424;101150;41.6;710;10189918517;B
20240424;101150;41.6;500;10189918518;B
20240424;101150;41.615;1200;10189918519;B
20240424;101153;41.62;250;10189919181;B
20240424;101153;41.62;220;10189919198;B
20240424;101154;41.61;50;10189919289;S
20240424;101155;41.62;270;10189919521;B
20240424;101156;41.62;1260;10189919722;B
20240424;101156;41.62;100;10189919723;B
20240424;101156;41.625;1180;10189919724;B
20240424;101201;41.63;50;10189920824;S
20240424;101201;41.635;90;10189920865;B
20240424;101201;41.65;300;10189920866;B
20240424;101201;41.655;570;10189920867;B
20240424;101201;41.655;500;10189920868;B
20240424;101201;41.66;7750;10189920869;B
20240424;101203;41.66;90;10189921296;B
20240424;101203;41.67;8640;10189921297;B
20240424;101203;41.675;1650;10189921298;B
20240424;101203;41.675;100;10189921299;B
20240424;101203;41.68;10;10189921300;B
20240424;101203;41.68;1000;10189921301;B
20240424;101203;41.69;280;10189921302;B
20240424;101203;41.7;300;10189921303;B
20240424;101203;41.7;1000;10189921304;B
20240424;101203;41.71;160;10189921305;B
20240424;101203;41.71;10;10189921306;B
20240424;101203;41.71;20;10189921307;B
20240424;101203;41.71;530;10189921308;B
20240424;101203;41.71;2390;10189921309;B
20240424;101203;41.715;10;10189921310;B
20240424;101203;41.715;1050;10189921311;B
20240424;101203;41.715;6000;10189921312;B
20240424;101203;41.725;1200;10189921313;B
20240424;101203;41.73;4430;10189921314;B
20240424;101203;41.71;50;10189921330;B
20240424;101204;41.69;40;10189921925;B
20240424;101205;41.685;10;10189922052;S
20240424;101205;41.69;30;10189922175;B
20240424;101206;41.69;40;10189922230;B
20240424;101206;41.69;30;10189922306;B
20240424;101207;41.69;1680;10189922518;B
20240424;101207;41.69;2390;10189922519;B
20240424;101207;41.69;400;10189922609;S
20240424;101208;41.695;150;10189922869;B
20240424;101213;41.695;700;10189923949;B
20240424;101215;41.695;30;10189924723;B
20240424;101216;41.695;120;10189924972;B
20240424;101216;41.695;10;10189924973;B
20240424;101216;41.695;1010;10189924974;B
20240424;101216;41.695;610;10189924975;B
20240424;101217;41.7;1000;10189926388;B
20240424;101219;41.695;1680;10189927272;S
20240424;101219;41.695;2000;10189927273;S
20240424;101219;41.695;400;10189927274;S
20240424;101219;41.69;720;10189927275;S
20240424;101222;41.695;10;10189927884;B
20240424;101224;41.695;70;10189928510;B
20240424;101227;41.69;20;10189929530;S
20240424;101229;41.695;790;10189930871;B
20240424;101229;41.695;50;10189931022;B
20240424;101230;41.69;100;10189931391;S
20240424;101230;41.695;10;10189931396;B
20240424;101231;41.69;4620;10189931842;S
20240424;101231;41.69;100;10189931843;S
20240424;101231;41.69;2610;10189931844;S
20240424;101231;41.695;70;10189931846;B
20240424;101231;41.695;700;10189931847;B
20240424;101231;41.695;1010;10189931848;B
20240424;101231;41.695;8630;10189931849;B
20240424;101231;41.695;1680;10189931850;B
20240424;101231;41.7;50;10189931851;B
20240424;101234;41.705;2430;10189932612;B
20240424;101234;41.705;2570;10189932613;B
20240424;101235;41.7;20;10189932911;S
20240424;101239;41.705;50;10189933773;B
20240424;101241;41.705;2400;10189934352;B
20240424;101243;41.705;130;10189934701;B
20240424;101244;41.7;300;10189934793;S
20240424;101244;41.7;110;10189934873;S
20240424;101245;41.7;10;10189934901;S
20240424;101249;41.7;20;10189935799;S
20240424;101249;41.705;10;10189935888;B
20240424;101249;41.705;60;10189935902;B
20240424;101254;41.7;30;10189936836;S
20240424;101255;41.705;50;10189936997;B
20240424;101258;41.7;10;10189937730;S
20240424;101300;41.705;10;10189938209;B
20240424;101302;41.7;800;10189938473;S
20240424;101303;41.705;10;10189938829;B
20240424;101304;41.705;10;10189938998;B
20240424;101306;41.705;20;10189939604;B
20240424;101311;41.705;2400;10189940447;B
20240424;101313;41.705;10;10189940732;B
20240424;101314;41.705;4270;10189941045;B
20240424;101314;41.705;8630;10189941046;B
20240424;101314;41.705;450;10189941047;B
20240424;101314;41.705;1110;10189941048;B
20240424;101314;41.715;10;10189941049;B
20240424;101314;41.715;80;10189941050;B
20240424;101314;41.715;2390;10189941051;B
20240424;101314;41.72;4490;10189941052;B
20240424;101314;41.72;800;10189941053;B
20240424;101315;41.71;2390;10189941143;B
20240424;101315;41.715;10;10189941144;B
20240424;101315;41.705;100;10189941227;S
20240424;101315;41.705;150;10189941311;S
20240424;101316;41.71;1130;10189941339;B
20240424;101316;41.705;120;10189941407;S
20240424;101317;41.705;90;10189941535;S
20240424;101317;41.71;300;10189941558;B
20240424;101318;41.71;500;10189941600;B
20240424;101319;41.705;1000;10189941869;S
20240424;101321;41.71;2390;10189942182;B
20240424;101321;41.71;1160;10189942183;B
20240424;101321;41.715;8630;10189942184;B
20240424;101321;41.72;70;10189942185;B
20240424;101321;41.725;1000;10189942186;B
20240424;101321;41.725;11750;10189942187;B
20240424;101323;41.715;500;10189942477;S
20240424;101323;41.71;1170;10189942478;S
20240424;101323;41.705;830;10189942479;S
20240424;101324;41.72;2390;10189942636;B
20240424;101324;41.725;84570;10189942637;B
20240424;101324;41.725;2400;10189942638;B
20240424;101324;41.725;1280;10189942639;B
20240424;101324;41.73;60;10189942640;B
20240424;101324;41.73;100;10189942641;B
20240424;101324;41.74;100;10189942686;B
20240424;101324;41.745;150;10189942687;B
20240424;101324;41.745;2000;10189942783;B
20240424;101325;41.745;300;10189942868;B
20240424;101325;41.745;60;10189942869;B
20240424;101325;41.745;2390;10189942870;B
20240424;101325;41.75;1250;10189942871;B
20240424;101325;41.75;4000;10189942928;B
20240424;101326;41.75;2000;10189943015;B
20240424;101326;41.75;2750;10189943042;B
20240424;101326;41.75;10;10189943043;B
20240424;101326;41.755;1150;10189943044;B
20240424;101326;41.755;50;10189943045;B
20240424;101326;41.755;40;10189943046;B
20240424;101328;41.755;60;10189943713;B
20240424;101328;41.76;30;10189943714;B
20240424;101328;41.76;1200;10189943715;B
20240424;101328;41.76;10;10189943716;B
20240424;101328;41.765;20;10189943717;B
20240424;101328;41.765;50;10189943718;B
20240424;101328;41.775;1140;10189943719;B
20240424;101328;41.78;10;10189943720;B
20240424;101328;41.78;2390;10189943721;B
20240424;101328;41.78;4000;10189943722;B
20240424;101328;41.785;3150;10189943723;B
20240424;101328;41.785;2940;10189943724;B
20240424;101329;41.78;50;10189943848;B
20240424;101329;41.78;1300;10189943849;B
20240424;101329;41.785;2390;10189943850;B
20240424;101329;41.79;260;10189943851;B
20240424;101329;41.775;380;10189943888;B
20240424;101329;41.78;7120;10189943889;B
20240424;101329;41.775;1680;10189943995;B
20240424;101329;41.78;320;10189943996;B
20240424;101330;41.78;2000;10189944163;B
20240424;101332;41.775;50;10189944509;B
20240424;101333;41.775;50;10189944674;S
20240424;101334;41.775;150;10189944778;S
20240424;101334;41.775;800;10189944779;S
20240424;101334;41.77;10;10189944780;S
20240424;101334;41.765;500;10189944781;S
20240424;101334;41.76;1040;10189944782;S
20240424;101335;41.76;150;10189945059;S
20240424;101340;41.775;500;10189946088;B
20240424;101340;41.775;500;10189946089;B
20240424;101340;41.78;120;10189946090;B
20240424;101342;41.76;100;10189946513;S
20240424;101342;41.755;500;10189946514;S
20240424;101342;41.755;570;10189946515;S
20240424;101342;41.78;50;10189946589;B
20240424;101343;41.76;40;10189946719;S
20240424;101343;41.76;460;10189946758;S
20240424;101343;41.75;250;10189946759;S
20240424;101344;41.75;20;10189946828;S
20240424;101348;41.775;500;10189947557;B
20240424;101348;41.775;40;10189947558;B
20240424;101348;41.775;770;10189947559;B
20240424;101348;41.78;3690;10189947560;B
20240424;101352;41.775;30;10189948666;B
20240424;101352;41.78;4970;10189948667;B
20240424;101357;41.775;10;10189949397;B
20240424;101358;41.775;20;10189949569;B
20240424;101404;41.765;50;10189950696;S
20240424;101406;41.77;580;10189951080;B
20240424;101407;41.765;10;10189951141;S
20240424;101409;41.76;2970;10189951545;S
20240424;101416;41.76;350;10189952634;S
20240424;101417;41.76;500;10189952792;S
20240424;101418;41.76;520;10189952931;S
20240424;101421;41.76;50;10189953346;S
20240424;101421;41.76;5010;10189953363;S
20240424;101421;41.76;40;10189953364;S
20240424;101421;41.755;1680;10189953400;B
20240424;101421;41.755;1070;10189953401;B
20240424;101421;41.76;10900;10189953402;B
20240424;101421;41.765;190;10189953403;B
20240424;101421;41.765;1200;10189953404;B
20240424;101421;41.765;40;10189953405;B
20240424;101421;41.77;1000;10189953406;B
20240424;101421;41.775;2000;10189953407;B
20240424;101421;41.775;1000;10189953408;B
20240424;101421;41.775;500;10189953409;B
20240424;101421;41.775;50;10189953410;B
20240424;101421;41.78;10600;10189953411;B
20240424;101421;41.78;10;10189953412;B
20240424;101421;41.78;200;10189953413;B
20240424;101421;41.78;300;10189953414;B
20240424;101422;41.79;10;10189953540;B
20240424;101424;41.79;200;10189953871;B
20240424;101428;41.785;100;10189954454;S
20240424;101428;41.785;20;10189954474;S
20240424;101429;41.785;10;10189954523;S
20240424;101429;41.79;230;10189954561;B
20240424;101429;41.79;50;10189954562;B
20240424;101429;41.79;1040;10189954563;B
20240424;101429;41.795;1080;10189954564;B
20240424;101429;41.795;10;10189954592;B
20240424;101430;41.795;490;10189954662;B
20240424;101430;41.795;1680;10189954663;B
20240424;101430;41.8;20;10189954664;B
20240424;101430;41.8;100;10189954665;B
20240424;101430;41.8;2500;10189954666;B
20240424;101430;41.8;410;10189954667;B
20240424;101430;41.8;1040;10189954668;B
20240424;101430;41.805;4000;10189954669;B
20240424;101430;41.805;30;10189954670;B
20240424;101430;41.81;10;10189954671;B
20240424;101430;41.81;10;10189954672;B
20240424;101430;41.81;1000;10189954673;B
20240424;101430;41.82;150;10189954706;B
20240424;101431;41.82;50;10189954817;B
20240424;101432;41.815;450;10189954967;S
20240424;101434;41.815;10;10189955243;B
20240424;101434;41.82;1000;10189955286;B
20240424;101434;41.82;1580;10189955287;B
20240424;101439;41.815;2000;10189955986;B
20240424;101439;41.815;980;10189955987;B
20240424;101439;41.82;500;10189955988;B
20240424;101439;41.82;1680;10189955989;B
20240424;101439;41.825;150;10189955990;B
20240424;101439;41.825;200;10189955991;B
20240424;101439;41.825;1000;10189955992;B
20240424;101439;41.825;4030;10189955993;B
20240424;101440;41.81;30;10189956367;S
20240424;101441;41.82;2000;10189956446;B
20240424;101443;41.81;10;10189957112;S
20240424;101444;41.815;960;10189957306;B
20240424;101444;41.82;1000;10189957307;B
20240424;101444;41.82;580;10189957308;B
20240424;101444;41.825;100;10189957309;B
20240424;101444;41.825;5030;10189957310;B
20240424;101444;41.825;8600;10189957311;B
20240424;101444;41.83;30;10189957312;B
20240424;101444;41.84;10;10189957313;B
20240424;101444;41.84;10;10189957314;B
20240424;101444;41.845;800;10189957315;B
20240424;101444;41.85;10;10189957316;B
20240424;101444;41.85;20;10189957317;B
20240424;101444;41.85;7180;10189957318;B
20240424;101444;41.855;10;10189957319;B
20240424;101444;41.855;10;10189957320;B
20240424;101444;41.86;150;10189957321;B
20240424;101444;41.865;1000;10189957322;B
20240424;101444;41.865;1680;10189957323;B
20240424;101444;41.865;3110;10189957324;B
20240424;101444;41.87;10;10189957325;B
20240424;101444;41.87;7000;10189957326;B
20240424;101444;41.875;1050;10189957327;B
20240424;101444;41.88;700;10189957328;B
20240424;101444;41.88;12140;10189957329;B
20240424;101444;41.885;1950;10189957330;B
20240424;101444;41.885;30;10189957331;B
20240424;101444;41.885;250;10189957332;B
20240424;101444;41.885;1000;10189957333;B
20240424;101444;41.885;1130;10189957334;B
20240424;101444;41.82;600;10189957336;S
20240424;101445;41.85;1680;10189957504;B
20240424;101445;41.855;4000;10189957505;B
20240424;101445;41.855;30;10189957506;B
20240424;101445;41.855;1000;10189957507;B
20240424;101445;41.865;3110;10189957508;B
20240424;101445;41.865;8600;10189957509;B
20240424;101445;41.885;3000;10189957510;B
20240424;101445;41.89;2500;10189957511;B
20240424;101445;41.89;150;10189957512;B
20240424;101445;41.89;200;10189957513;B
20240424;101445;41.895;10000;10189957514;B
20240424;101445;41.895;60;10189957515;B
20240424;101445;41.895;1000;10189957516;B
20240424;101445;41.9;10;10189957517;B
20240424;101445;41.9;100;10189957518;B
20240424;101445;41.9;100;10189957519;B
20240424;101445;41.9;10;10189957520;B
20240424;101445;41.9;10;10189957521;B
20240424;101445;41.905;6000;10189957522;B
20240424;101445;41.91;1500;10189957523;B
20240424;101445;41.915;370;10189957524;B
20240424;101445;41.92;6070;10189957525;B
20240424;101445;41.925;10000;10189957526;B
20240424;101445;41.925;10000;10189957527;B
20240424;101445;41.93;50;10189957528;B
20240424;101445;41.93;10;10189957529;B
20240424;101445;41.93;20;10189957530;B
20240424;101445;41.93;1050;10189957531;B
20240424;101445;41.94;10;10189957532;B
20240424;101445;41.94;1600;10189957533;B
20240424;101445;41.945;10;10189957534;B
20240424;101445;41.945;10000;10189957535;B
20240424;101445;41.945;10000;10189957536;B
20240424;101445;41.945;10000;10189957537;B
20240424;101445;41.95;150;10189957538;B
20240424;101445;41.95;10000;10189957539;B
20240424;101445;41.96;10;10189957540;B
20240424;101445;41.965;10000;10189957541;B
20240424;101445;41.975;5000;10189957542;B
20240424;101445;41.99;10;10189957543;B
20240424;101445;41.99;10;10189957544;B
20240424;101445;41.99;2500;10189957545;B
20240424;101445;41.99;20070;10189957546;B
20240424;101445;41.985;500;10189957547;B
20240424;101445;41.985;600;10189957548;B
20240424;101445;41.985;8600;10189957549;B
20240424;101445;41.99;300;10189957550;B
20240424;101445;41.95;2000;10189957578;S
20240424;101445;41.945;500;10189957579;S
20240424;101445;41.945;690;10189957580;S
20240424;101445;41.945;1000;10189957581;S
20240424;101445;41.945;1000;10189957582;S
20240424;101445;41.93;310;10189957583;S
20240424;101445;41.985;1680;10189957584;B
20240424;101445;41.985;3110;10189957585;B
20240424;101445;41.985;500;10189957586;B
20240424;101445;41.99;4630;10189957587;B
20240424;101445;41.99;10;10189957588;B
20240424;101445;41.99;2070;10189957589;B
20240424;101445;41.93;200;10189957590;S
20240424;101445;41.935;3800;10189957591;S
20240424;101445;41.935;1190;10189957592;S
20240424;101445;41.93;1310;10189957593;S
20240424;101445;41.935;1190;10189957594;S
20240424;101445;41.925;910;10189957595;S
20240424;101445;41.93;700;10189957596;S
20240424;101445;41.93;50;10189957629;B
20240424;101445;41.93;50;10189957647;B
20240424;101445;41.93;50;10189957648;B
20240424;101445;41.93;100;10189957688;B
20240424;101445;41.93;970;10189957707;B
20240424;101445;41.93;30;10189957708;B
20240424;101445;41.935;1000;10189957709;B
20240424;101447;41.93;90;10189958093;S
20240424;101447;41.935;10;10189958117;B
20240424;101447;41.93;20;10189958162;S
20240424;101447;41.93;2000;10189958216;S
20240424;101447;41.925;500;10189958217;S
20240424;101448;41.93;100;10189958373;S
20240424;101449;41.925;540;10189958488;S
20240424;101449;41.93;990;10189958489;B
20240424;101449;41.93;10;10189958500;S
20240424;101449;41.93;10;10189958533;S
20240424;101450;41.93;400;10189958714;S
20240424;101455;41.935;1500;10189959405;B
20240424;101456;41.93;200;10189959446;S
20240424;101456;41.93;700;10189959447;S
20240424;101456;41.93;1300;10189959471;S
20240424;101456;41.93;7840;10189959472;S
20240424;101456;41.925;860;10189959473;S
20240424;101457;41.925;690;10189959629;B
20240424;101457;41.925;520;10189959684;B
20240424;101457;41.93;20;10189959685;B
20240424;101457;41.935;460;10189959686;B
20240424;101458;41.92;250;10189959796;S
20240424;101459;41.925;10;10189959907;B
20240424;101459;41.925;1680;10189959908;B
20240424;101459;41.93;1500;10189959909;B
20240424;101459;41.93;20;10189959910;B
20240424;101459;41.935;40;10189959911;B
20240424;101459;41.935;1000;10189959912;B
20240424;101459;41.94;1200;10189959913;B
20240424;101459;41.94;1100;10189959914;B
20240424;101459;41.95;1650;10189959915;B
20240424;101459;41.965;1000;10189959916;B
20240424;101459;41.97;30;10189959917;B
20240424;101459;41.97;3110;10189959918;B
20240424;101459;41.97;8580;10189959919;B
20240424;101459;41.975;180;10189959920;B
20240424;101459;41.99;3030;10189959921;B
20240424;101459;41.995;10000;10189959922;B
20240424;101459;42;20;10189959923;B
20240424;101459;42;100;10189959924;B
20240424;101459;42;30;10189959925;B
20240424;101459;42;50;10189959926;B
20240424;101459;42;90;10189959927;B
20240424;101459;42;20;10189959928;B
20240424;101459;42;130;10189959929;B
20240424;101459;42;5430;10189959930;B
20240424;101459;41.99;1000;10189959939;B
20240424;101459;41.98;680;10189960042;B
20240424;101459;41.985;3700;10189960043;B
20240424;101459;41.995;140;10189960044;B
20240424;101459;41.995;20;10189960045;B
20240424;101459;42;4460;10189960046;B
20240424;101500;41.985;100;10189960165;S
20240424;101500;41.985;10;10189960166;S
20240424;101500;41.985;20;10189960167;S
20240424;101500;41.985;10;10189960181;S
20240424;101501;41.985;10;10189960334;S
20240424;101501;41.995;50;10189960338;B
20240424;101501;41.995;1630;10189960354;B
20240424;101501;41.995;370;10189960355;B
20240424;101501;41.985;10;10189960419;S
20240424;101502;41.985;10;10189960604;S
20240424;101502;41.985;10;10189960736;S
20240424;101503;41.985;1000;10189960974;S
20240424;101504;41.99;100;10189961074;B
20240424;101505;41.99;20;10189961311;B
20240424;101506;41.99;1700;10189961565;S
20240424;101506;41.995;200;10189961578;B
20240424;101507;41.995;100;10189961868;B
20240424;101511;41.99;10;10189962924;B
20240424;101511;41.99;760;10189962925;B
20240424;101513;41.995;50;10189963312;B
20240424;101513;42;5030;10189963313;B
20240424;101513;42;10;10189963314;B
20240424;101513;42;350;10189963315;B
20240424;101513;42;20;10189963316;B
20240424;101513;42;2000;10189963317;B
20240424;101513;42;10;10189963318;B
20240424;101513;42;2500;10189963319;B
20240424;101513;42;10;10189963320;B
20240424;101513;42;200;10189963321;B
20240424;101513;42;100;10189963322;B
20240424;101513;42;50;10189963323;B
20240424;101513;42;1100;10189963324;B
20240424;101513;42.005;760;10189963325;B
20240424;101513;42.01;20;10189963326;B
20240424;101513;42.01;30;10189963327;B
20240424;101513;42.01;20;10189963328;B
20240424;101513;42.01;1000;10189963329;B
20240424;101514;42.02;10;10189963387;B
20240424;101514;42.025;40;10189963388;B
20240424;101514;42.01;2000;10189963482;S
20240424;101514;42.01;940;10189963554;S
20240424;101514;42.01;60;10189963555;S
20240424;101514;42.01;440;10189963556;S
20240424;101514;42.005;10;10189963581;S
20240424;101514;42.01;60;10189963587;B
20240424;101514;42.01;1000;10189963588;B
20240424;101514;42.01;1000;10189963589;B
20240424;101514;42.01;440;10189963590;B
20240424;101515;42.005;100;10189963632;S
20240424;101515;42.01;60;10189963643;B
20240424;101515;42.01;500;10189963644;B
20240424;101515;42.025;20;10189963645;B
20240424;101515;42.03;450;10189963646;B
20240424;101515;42.035;10;10189963647;B
20240424;101515;42.035;210;10189963648;B
20240424;101515;42.045;1250;10189963649;B
20240424;101515;42.035;1680;10189963736;B
20240424;101515;42.04;20;10189963737;B
20240424;101515;42.04;2770;10189963738;B
20240424;101515;42.05;10;10189963739;B
20240424;101515;42.055;10;10189963740;B
20240424;101515;42.055;10;10189963741;B
20240424;101515;42.055;1000;10189963742;B
20240424;101515;42.065;1520;10189963743;B
20240424;101515;42.07;140;10189963744;B
20240424;101515;42.065;10;10189963838;B
20240424;101515;42.065;1500;10189963839;B
20240424;101515;42.075;250;10189963840;B
20240424;101515;42.075;100;10189963841;B
20240424;101515;42.075;2280;10189963842;B
20240424;101515;42.075;860;10189963843;B
20240424;101516;42.075;1680;10189963858;B
20240424;101516;42.075;500;10189963859;B
20240424;101516;42.075;3110;10189963860;B
20240424;101516;42.08;10;10189963861;B
20240424;101516;42.08;40;10189963862;B
20240424;101516;42.08;2370;10189963863;B
20240424;101516;42.08;10;10189963864;B
20240424;101516;42.08;40;10189963865;B
20240424;101516;42.08;6050;10189963866;B
20240424;101516;42.085;800;10189963867;B
20240424;101516;42.085;10;10189963868;B
20240424;101516;42.09;10;10189963869;B
20240424;101516;42.09;790;10189963870;B
20240424;101516;42.09;380;10189963871;B
20240424;101516;42.09;1000;10189963872;B
20240424;101516;42.1;10;10189963873;B
20240424;101516;42.1;100;10189963874;B
20240424;101516;42.1;2000;10189963875;B
20240424;101516;42.1;200;10189963876;B
20240424;101516;42.105;20;10189963877;B
20240424;101516;42.105;500;10189963878;B
20240424;101516;42.11;10;10189963879;B
20240424;101516;42.115;60;10189963880;B
20240424;101516;42.115;760;10189963881;B
20240424;101516;42.12;2000;10189963882;B
20240424;101516;42.12;15680;10189963883;B
20240424;101516;42.125;10;10189963884;B
20240424;101516;42.125;200;10189963885;B
20240424;101516;42.135;4000;10189963886;B
20240424;101516;42.14;10;10189963887;B
20240424;101516;42.14;3000;10189963888;B
20240424;101516;42.145;10;10189963889;B
20240424;101516;42.145;1050;10189963890;B
20240424;101516;42.155;10000;10189963891;B
20240424;101516;42.16;10000;10189963892;B
20240424;101516;42.16;10000;10189963893;B
20240424;101516;42.17;10;10189963894;B
20240424;101516;42.17;10;10189963895;B
20240424;101516;42.17;10;10189963896;B
20240424;101516;42.17;100;10189963897;B
20240424;101516;42.17;1600;10189963898;B
20240424;101516;42.175;10000;10189963899;B
20240424;101516;42.175;1850;10189963900;B
20240424;101516;42.08;1000;10189963903;S
20240424;101516;42.115;700;10189963906;S
20240424;101516;42.13;900;10189963911;S
20240424;101516;42.13;280;10189964025;S
20240424;101516;42.13;1000;10189964026;S
20240424;101516;42.125;1000;10189964027;S
20240424;101516;42.115;1200;10189964028;S
20240424;101516;42.115;300;10189964029;S
20240424;101516;42.1;1050;10189964030;S
20240424;101516;42.085;170;10189964031;S
20240424;101516;42.135;10;10189964039;B
20240424;101516;42.155;470;10189964040;B
20240424;101516;42.17;30;10189964041;B
20240424;101516;42.17;1680;10189964042;B
20240424;101516;42.175;380;10189964043;B
20240424;101516;42.175;3110;10189964044;B
20240424;101516;42.18;20;10189964045;B
20240424;101516;42.18;300;10189964046;B
20240424;101516;42.11;400;10189964076;S
20240424;101516;42.165;1680;10189964081;B
20240424;101516;42.17;820;10189964082;B
20240424;101516;42.145;10;10189964111;S
20240424;101516;42.16;10;10189964112;B
20240424;101516;42.145;20;10189964122;S
20240424;101516;42.145;20;10189964124;S
20240424;101516;42.15;10;10189964179;S
20240424;101516;42.15;10;10189964180;S
20240424;101517;42.16;1970;10189964197;B
20240424;101517;42.165;30;10189964198;B
20240424;101517;42.17;10;10189964199;B
20240424;101517;42.175;10;10189964200;B
20240424;101517;42.18;880;10189964201;B
20240424;101517;42.19;400;10189964202;B
20240424;101517;42.19;300;10189964203;B
20240424;101517;42.195;200;10189964204;B
20240424;101517;42.195;80;10189964205;B
20240424;101517;42.195;1200;10189964206;B
20240424;101517;42.2;10;10189964207;B
20240424;101517;42.2;50;10189964208;B
20240424;101517;42.2;10;10189964209;B
20240424;101517;42.2;100;10189964210;B
20240424;101517;42.2;10;10189964211;B
20240424;101517;42.2;1800;10189964212;B
20240424;101517;42.2;1000;10189964213;B
20240424;101517;42.205;60;10189964214;B
20240424;101517;42.205;110;10189964215;B
20240424;101517;42.215;10;10189964216;B
20240424;101517;42.215;10;10189964217;B
20240424;101517;42.23;10;10189964218;B
20240424;101517;42.23;30;10189964219;B
20240424;101517;42.23;190;10189964220;B
20240424;101517;42.235;1680;10189964221;B
20240424;101517;42.235;440;10189964222;B
20240424;101517;42.24;2000;10189964223;B
20240424;101517;42.245;2000;10189964224;B
20240424;101517;42.185;100;10189964227;S
20240424;101517;42.18;100;10189964273;S
20240424;101517;42.23;90;10189964290;B
20240424;101517;42.235;1680;10189964291;B
20240424;101517;42.235;10;10189964292;B
20240424;101517;42.24;610;10189964293;B
20240424;101517;42.175;100;10189964296;S
20240424;101517;42.24;50;10189964312;B
20240424;101517;42.24;50;10189964313;B
20240424;101517;42.245;2990;10189964314;B
20240424;101517;42.24;20;10189964318;B
20240424;101517;42.245;1680;10189964319;B
20240424;101517;42.245;100;10189964320;B
20240424;101517;42.245;3070;10189964321;B
20240424;101517;42.195;100;10189964368;S
20240424;101517;42.225;10;10189964409;B
20240424;101517;42.2;10;10189964474;S
20240424;101517;42.24;10;10189964477;B
20240424;101517;42.24;20;10189964481;B
20240424;101517;42.24;10;10189964482;B
20240424;101517;42.245;1680;10189964483;B
20240424;101517;42.245;3110;10189964484;B
20240424;101517;42.245;100;10189964485;B
20240424;101517;42.245;1080;10189964486;B
20240424;101517;42.25;30;10189964487;B
20240424;101517;42.25;10;10189964488;B
20240424;101517;42.25;200;10189964489;B
20240424;101517;42.25;3760;10189964490;B
20240424;101517;42.2;20;10189964502;S
20240424;101517;42.205;30;10189964543;B
20240424;101518;42.245;10;10189964567;B
20240424;101518;42.21;100;10189964583;S
20240424;101518;42.215;2000;10189964588;S
20240424;101518;42.21;1000;10189964589;S
20240424;101518;42.21;80;10189964603;S
20240424;101518;42.21;20;10189964604;S
20240424;101518;42.21;120;10189964624;S
20240424;101518;42.245;100;10189964702;B
20240424;101518;42.205;20;10189964707;S
20240424;101518;42.205;20;10189964736;S
20240424;101519;42.225;80;10189964835;S
20240424;101519;42.23;10;10189964855;S
20240424;101520;42.23;2000;10189965069;S
20240424;101520;42.225;10;10189965077;S
20240424;101520;42.225;30;10189965116;S
20240424;101520;42.225;10;10189965117;S
20240424;101521;42.23;1840;10189965334;S
20240424;101521;42.23;160;10189965335;S
20240424;101521;42.225;950;10189965336;S
20240424;101522;42.225;10;10189965700;S
20240424;101522;42.225;10;10189965713;S
20240424;101522;42.23;1140;10189965785;S
20240424;101523;42.23;10;10189965792;S
20240424;101523;42.23;850;10189965862;S
20240424;101523;42.22;10;10189965870;S
20240424;101524;42.23;650;10189965981;B
20240424;101524;42.205;110;10189965990;S
20240424;101524;42.23;500;10189965999;B
20240424;101525;42.23;10;10189966160;B
20240424;101525;42.23;990;10189966161;B
20240424;101525;42.23;20;10189966210;B
20240424;101525;42.2;10;10189966279;S
20240424;101526;42.195;1000;10189966343;S
20240424;101526;42.195;260;10189966344;S
20240424;101526;42.175;20;10189966438;S
20240424;101527;42.19;200;10189966687;B
20240424;101527;42.175;350;10189966748;S
20240424;101528;42.175;10;10189966783;S
20240424;101528;42.175;1640;10189966809;S
20240424;101528;42.17;1180;10189966810;S
20240424;101528;42.17;1000;10189966811;S
20240424;101528;42.16;1000;10189966812;S
20240424;101528;42.15;7140;10189966813;S
20240424;101528;42.15;100;10189966814;B
20240424;101528;42.145;10;10189966816;S
20240424;101528;42.145;180;10189966817;S
20240424;101528;42.145;40;10189966818;S
20240424;101528;42.14;40;10189966920;S
20240424;101529;42.14;250;10189966974;S
20240424;101529;42.14;200;10189966975;S
20240424;101530;42.14;30;10189967309;S
20240424;101531;42.14;20;10189967432;S
20240424;101531;42.14;10;10189967467;S
20240424;101531;42.14;10;10189967557;S
20240424;101531;42.145;370;10189967616;B
20240424;101531;42.145;610;10189967617;B
20240424;101531;42.145;10;10189967618;B
20240424;101531;42.15;10;10189967619;B
20240424;101532;42.145;10;10189967708;S
20240424;101532;42.15;810;10189967785;B
20240424;101534;42.145;1990;10189967985;S
20240424;101534;42.145;480;10189967986;S
20240424;101534;42.145;10;10189968072;S
20240424;101535;42.145;2130;10189968301;S
20240424;101535;42.14;940;10189968302;S
20240424;101535;42.14;610;10189968303;S
20240424;101535;42.135;10000;10189968304;S
20240424;101536;42.115;1000;10189968585;B
20240424;101539;42.105;100;10189969095;B
20240424;101539;42.105;400;10189969096;B
20240424;101540;42.08;10;10189969231;S
20240424;101540;42.075;30;10189969232;S
20240424;101542;42.07;50;10189969593;S
20240424;101542;42.07;90;10189969595;S
20240424;101543;42.075;200;10189969759;B
20240424;101543;42.075;1150;10189969816;B
20240424;101543;42.075;100;10189969817;B
20240424;101543;42.095;100;10189969818;B
20240424;101543;42.095;1050;10189969819;B
20240424;101544;42.075;1180;10189969923;S
20240424;101544;42.075;1000;10189969924;S
20240424;101544;42.07;560;10189969925;S
20240424;101544;42.065;200;10189969926;S
20240424;101544;42.06;1140;10189969927;S
20240424;101544;42.055;1000;10189969928;S
20240424;101544;42.05;10;10189969929;S
20240424;101544;42.035;4910;10189969930;S
20240424;101545;42.04;70;10189970097;S
20240424;101547;42.07;150;10189970365;B
20240424;101549;42.045;1000;10189970705;S
20240424;101549;42.04;890;10189970706;S
20240424;101549;42.04;200;10189970760;S
20240424;101552;42.045;10;10189971131;S
20240424;101554;42.07;50;10189971473;B
20240424;101554;42.075;10;10189971474;B
20240424;101554;42.08;1190;10189971475;B
20240424;101554;42.08;1250;10189971476;B
20240424;101554;42.045;10;10189971478;S
20240424;101557;42.05;1180;10189971832;S
20240424;101557;42.045;10;10189971833;S
20240424;101557;42.045;60;10189971834;S
20240424;101600;42.045;10;10189972390;S
20240424;101601;42.045;340;10189972469;S
20240424;101607;42.045;50;10189973470;B
20240424;101607;42.045;200;10189973471;B
20240424;101607;42.05;150;10189973472;B
20240424;101607;42.05;10;10189973484;B
20240424;101608;42.05;50;10189973623;B
20240424;101608;42.04;910;10189973652;S
20240424;101608;42.04;200;10189973653;S
20240424;101608;42.035;1000;10189973654;S
20240424;101608;42.03;200;10189973655;S
20240424;101608;42.025;10;10189973656;S
20240424;101608;42.02;10;10189973657;S
20240424;101608;42.02;170;10189973658;S
20240424;101616;42.02;80;10189975148;S
20240424;101616;42.02;200;10189975149;S
20240424;101616;42.015;1180;10189975150;S
20240424;101616;42.015;190;10189975151;S
20240424;101617;42.045;1190;10189975303;B
20240424;101617;42.045;10;10189975304;B
20240424;101617;42.045;40;10189975305;B
20240424;101617;42.05;1640;10189975306;B
20240424;101617;42.055;1000;10189975307;B
20240424;101617;42.06;2000;10189975308;B
20240424;101617;42.06;2000;10189975309;B
20240424;101617;42.075;2000;10189975310;B
20240424;101617;42.08;750;10189975311;B
20240424;101617;42.09;1200;10189975312;B
20240424;101617;42.095;300;10189975313;B
20240424;101617;42.095;4910;10189975314;B
20240424;101617;42.1;10;10189975315;B
20240424;101617;42.1;2220;10189975316;B
20240424;101617;42.1;2000;10189975317;B
20240424;101617;42.1;200;10189975318;B
20240424;101617;42.1;3000;10189975319;B
20240424;101617;42.1;1000;10189975320;B
20240424;101617;42.115;10;10189975321;B
20240424;101617;42.115;100;10189975322;B
20240424;101617;42.12;4420;10189975323;B
20240424;101619;42.065;100;10189975792;S
20240424;101619;42.065;1000;10189975793;S
20240424;101619;42.06;80;10189975794;S
20240424;101619;42.055;1180;10189975795;S
20240424;101619;42.055;1000;10189975796;S
20240424;101619;42.045;4510;10189975797;B
20240424;101619;42.045;7350;10189975798;B
20240424;101619;42.045;1180;10189975799;S
20240424;101619;42.04;820;10189975800;S
20240424;101621;42.05;500;10189976047;S
20240424;101623;42.09;10;10189976378;B
20240424;101623;42.09;100;10189976379;B
20240424;101623;42.09;530;10189976380;B
20240424;101623;42.095;1220;10189976381;B
20240424;101623;42.1;80;10189976382;B
20240424;101623;42.1;820;10189976383;B
20240424;101623;42.1;1000;10189976384;B
20240424;101623;42.115;7180;10189976385;B
20240424;101623;42.12;1000;10189976386;B
20240424;101623;42.125;250;10189976387;B
20240424;101623;42.13;2590;10189976388;B
20240424;101623;42.075;300;10189976419;S
20240424;101624;42.08;20;10189976548;S
20240424;101625;42.085;20;10189976772;S
20240424;101627;42.09;20;10189977092;S
20240424;101630;42.12;10;10189977424;S
20240424;101630;42.095;80;10189977447;S
20240424;101630;42.095;20;10189977533;S
20240424;101630;42.09;230;10189977534;S
20240424;101630;42.09;1000;10189977535;S
20240424;101630;42.09;1200;10189977536;B
20240424;101631;42.12;1060;10189977582;B
20240424;101631;42.085;30;10189977604;S
20240424;101631;42.115;10;10189977720;B
20240424;101631;42.12;150;10189977721;B
20240424;101631;42.12;1000;10189977722;B
20240424;101631;42.125;10;10189977723;B
20240424;101631;42.13;10;10189977724;B
20240424;101631;42.135;500;10189977725;B
20240424;101631;42.135;3110;10189977726;B
20240424;101631;42.14;2000;10189977727;B
20240424;101631;42.14;18050;10189977728;B
20240424;101631;42.145;5000;10189977729;B
20240424;101631;42.145;500;10189977730;B
20240424;101631;42.145;10;10189977731;B
20240424;101631;42.15;5140;10189977732;B
20240424;101633;42.1;500;10189978101;S
20240424;101636;42.12;20;10189978485;B
20240424;101637;42.105;50;10189978693;S
20240424;101638;42.12;680;10189978812;B
20240424;101639;42.105;950;10189978892;S
20240424;101639;42.1;450;10189978893;S
20240424;101639;42.1;300;10189978894;B
20240424;101641;42.1;10;10189979490;B
20240424;101647;42.065;500;10189980543;S
20240424;101648;42.095;100;10189980635;B
20240424;101648;42.095;3010;10189980720;B
20240424;101648;42.1;8290;10189980721;B
20240424;101648;42.1;700;10189980722;B
20240424;101650;42.065;3400;10189981321;S
20240424;101654;42.065;1000;10189982201;S
20240424;101654;42.065;1200;10189982202;S
20240424;101654;42.06;10;10189982203;S
20240424;101654;42.06;690;10189982204;S
20240424;101654;42.095;1000;10189982240;B
20240424;101655;42.085;330;10189982382;B
20240424;101656;42.085;500;10189982548;B
20240424;101657;42.065;30;10189982825;S
20240424;101700;42.065;30;10189983355;S
20240424;101701;42.045;10;10189983590;S
20240424;101704;42.04;20;10189984117;S
20240424;101707;42.04;980;10189984768;S
20240424;101707;42.04;10;10189984769;S
20240424;101707;42.04;510;10189984770;S
20240424;101707;42.05;2260;10189984778;B
20240424;101708;42.04;490;10189984827;S
20240424;101710;42.015;970;10189985344;S
20240424;101710;42.01;10;10189985345;S
20240424;101710;42.01;1000;10189985346;S
20240424;101710;42.01;760;10189985347;S
20240424;101710;42.005;30;10189985484;S
20240424;101710;42.005;2470;10189985485;S
20240424;101714;42.01;20;10189986175;S
20240424;101714;42.01;30;10189986233;S
20240424;101714;42.005;2470;10189986234;S
20240424;101718;42.01;50;10189986930;S
20240424;101718;42.005;1950;10189986931;S
20240424;101719;42.025;980;10189986961;B
20240424;101719;42.03;20;10189986962;B
20240424;101723;42.01;560;10189987979;S
20240424;101723;42.01;180;10189987982;B
20240424;101723;42.025;750;10189988061;B
20240424;101723;42.025;1000;10189988062;B
20240424;101723;42.03;780;10189988063;B
20240424;101723;42.035;10;10189988064;B
20240424;101723;42.035;1000;10189988065;B
20240424;101723;42.04;1510;10189988066;B
20240424;101723;42.045;2400;10189988067;B
20240424;101723;42.045;10;10189988068;B
20240424;101723;42.05;1250;10189988069;B
20240424;101723;42.05;2630;10189988070;B
20240424;101723;42.06;10;10189988071;B
20240424;101723;42.06;6890;10189988072;B
20240424;101723;42.065;5970;10189988073;B
20240424;101723;42.065;100;10189988074;B
20240424;101723;42.085;1200;10189988075;B
20240424;101723;42.085;2340;10189988076;B
20240424;101723;42.09;1050;10189988077;B
20240424;101723;42.09;1500;10189988078;B
20240424;101723;42.09;1000;10189988079;B
20240424;101723;42.095;50;10189988080;B
20240424;101723;42.095;50;10189988081;B
20240424;101723;42.095;50;10189988082;B
20240424;101723;42.095;2000;10189988083;B
20240424;101723;42.095;3000;10189988084;B
20240424;101723;42.095;300;10189988085;B
20240424;101723;42.095;50;10189988086;B
20240424;101723;42.1;360;10189988087;B
20240424;101723;42.1;11740;10189988088;B
20240424;101724;42.055;1500;10189988606;S
20240424;101724;42.055;880;10189988607;S
20240424;101725;42.095;50;10189988787;B
20240424;101728;42.055;70;10189989126;S
20240424;101728;42.06;10;10189989175;S
20240424;101732;42.085;10;10189989816;B
20240424;101732;42.085;70;10189989817;B
20240424;101732;42.09;250;10189989818;B
20240424;101732;42.09;260;10189989819;B
20240424;101737;42.09;20;10189991153;B
20240424;101737;42.09;100;10189991154;B
20240424;101737;42.09;560;10189991155;B
20240424;101737;42.095;900;10189991156;B
20240424;101737;42.095;250;10189991157;B
20240424;101737;42.095;1000;10189991158;B
20240424;101737;42.095;10;10189991159;B
20240424;101737;42.1;47160;10189991160;B
20240424;101737;42.1;1220;10189991161;B
20240424;101738;42.1;2000;10189991340;B
20240424;101739;42.1;2000;10189991517;B
20240424;101740;42.1;3000;10189991687;B
20240424;101740;42.1;3000;10189991713;B
20240424;101740;42.1;3000;10189991746;B
20240424;101743;42.1;10;10189992245;B
20240424;101744;42.095;200;10189992338;S
20240424;101744;42.095;10;10189992380;B
20240424;101747;42.095;30;10189992970;B
20240424;101754;42.09;30;10189994484;S
20240424;101756;42.095;460;10189995028;B
20240424;101756;42.095;540;10189995029;B
20240424;101757;42.09;70;10189995155;S
20240424;101757;42.09;100;10189995156;S
20240424;101757;42.09;100;10189995157;S
20240424;101757;42.085;100;10189995158;S
20240424;101757;42.085;110;10189995159;S
20240424;101757;42.085;720;10189995160;S
20240424;101757;42.08;500;10189995161;S
20240424;101757;42.075;1180;10189995162;S
20240424;101757;42.07;120;10189995163;S
20240424;101801;42.085;10;10189995943;B
20240424;101802;42.085;170;10189996641;B
20240424;101817;42.085;10;10189998686;B
20240424;101822;42.07;50;10189999367;S
20240424;101822;42.085;10;10189999419;B
20240424;101822;42.085;10;10189999420;B
20240424;101822;42.09;1180;10189999421;B
20240424;101822;42.095;230;10189999422;B
20240424;101825;42.095;50;10189999843;B
20240424;101825;42.09;3680;10189999857;S
20240424;101825;42.085;620;10189999858;S
20240424;101826;42.085;10;10190000136;B
20240424;101826;42.085;90;10190000145;B
20240424;101829;42.085;600;10190000431;B
20240424;101829;42.085;50;10190000473;S
20240424;101829;42.085;10;10190000482;S
20240424;101830;42.09;10;10190000659;B
20240424;101833;42.09;60;10190001250;S
20240424;101836;42.095;10;10190002135;B
20240424;101837;42.095;20;10190002263;B
20240424;101841;42.09;200;10190003004;S
20240424;101842;42.095;770;10190003099;B
20240424;101846;42.09;200;10190003673;S
20240424;101848;42.095;380;10190004398;B
20240424;101848;42.095;1000;10190004399;B
20240424;101848;42.095;1000;10190004400;B
20240424;101848;42.095;120;10190004401;B
20240424;101848;42.095;580;10190004413;B
20240424;101848;42.095;50;10190004414;B
20240424;101848;42.095;3150;10190004415;B
20240424;101848;42.095;8850;10190004416;B
20240424;101848;42.095;500;10190004417;B
20240424;101848;42.095;550;10190004418;B
20240424;101848;42.095;500;10190004419;B
20240424;101848;42.095;1170;10190004420;B
20240424;101848;42.095;1000;10190004421;B
20240424;101848;42.095;1000;10190004422;B
20240424;101848;42.1;26870;10190004423;B
20240424;101848;42.1;860;10190004424;B
20240424;101848;42.1;50;10190004425;B
20240424;101848;42.1;13000;10190004426;B
20240424;101848;42.1;200;10190004427;B
20240424;101848;42.1;1170;10190004428;B
20240424;101848;42.1;50;10190004429;B
20240424;101848;42.1;1110;10190004430;B
20240424;101848;42.1;460;10190004431;B
20240424;101848;42.1;2000;10190004434;B
20240424;101849;42.1;10;10190004437;B
20240424;101849;42.1;10;10190004531;B
20240424;101849;42.1;80;10190004532;B
20240424;101849;42.1;10;10190004586;B
20240424;101849;42.1;20;10190004587;B
20240424;101849;42.1;100;10190004588;B
20240424;101849;42.1;10;10190004600;B
20240424;101850;42.1;3000;10190004639;B
20240424;101850;42.1;10;10190004640;B
20240424;101850;42.1;40;10190004641;B
20240424;101850;42.1;10;10190004644;B
20240424;101850;42.1;13130;10190004675;B
20240424;101850;42.1;550;10190004676;B
20240424;101850;42.1;10;10190004677;B
20240424;101850;42.1;10;10190004678;B
20240424;101850;42.1;30;10190004679;B
20240424;101850;42.1;300;10190004680;B
20240424;101850;42.1;10;10190004704;B
20240424;101850;42.1;10;10190004705;B
20240424;101851;42.1;1580;10190004771;B
20240424;101851;42.1;2000;10190004772;B
20240424;101851;42.1;420;10190004773;B
20240424;101851;42.1;20;10190004815;B
20240424;101851;42.1;20;10190004816;B
20240424;101851;42.1;50;10190004817;B
20240424;101851;42.1;150;10190004871;B
20240424;101851;42.095;20;10190004887;S
20240424;101852;42.095;30;10190004895;S
20240424;101852;42.1;2500;10190004978;B
20240424;101852;42.1;1000;10190005083;B
20240424;101852;42.1;10;10190005084;B
20240424;101852;42.1;10;10190005085;B
20240424;101852;42.1;10;10190005086;B
20240424;101853;42.1;4810;10190005138;B
20240424;101853;42.1;5190;10190005139;B
20240424;101853;42.1;20;10190005141;B
20240424;101853;42.1;10;10190005142;B
20240424;101853;42.1;20;10190005143;B
20240424;101853;42.1;10;10190005172;B
20240424;101853;42.1;40;10190005238;B
20240424;101855;42.1;1000;10190005500;B
20240424;101856;42.1;10;10190005643;B
20240424;101856;42.095;1020;10190005740;S
20240424;101856;42.095;1000;10190005741;S
20240424;101856;42.095;200;10190005742;S
20240424;101856;42.095;450;10190005743;S
20240424;101856;42.095;750;10190005744;S
20240424;101856;42.095;690;10190005745;S
20240424;101857;42.1;2500;10190005785;B
20240424;101857;42.1;2500;10190005829;B
20240424;101857;42.1;10;10190005830;B
20240424;101857;42.1;10;10190005831;B
20240424;101857;42.1;1000;10190005889;B
20240424;101857;42.1;200;10190005917;B
20240424;101858;42.1;2500;10190005990;B
20240424;101900;42.095;10;10190006143;S
20240424;101900;42.095;10;10190006155;S
20240424;101901;42.095;20;10190006307;S
20240424;101901;42.095;20;10190006308;S
20240424;101902;42.1;2370;10190006422;B
20240424;101902;42.1;10;10190006423;B
20240424;101902;42.095;610;10190006425;S
20240424;101902;42.1;10;10190006456;B
20240424;101903;42.1;2500;10190006509;B
20240424;101903;42.1;50;10190006584;B
20240424;101903;42.1;1150;10190006586;B
20240424;101903;42.1;50;10190006587;B
20240424;101904;42.1;10000;10190006629;B
20240424;101904;42.1;1000;10190006718;B
20240424;101906;42.1;4700;10190006910;B
20240424;101907;42.095;420;10190007079;S
20240424;101907;42.095;440;10190007080;S
20240424;101908;42.1;30;10190007114;B
20240424;101908;42.095;10;10190007176;S
20240424;101908;42.095;990;10190007177;S
20240424;101909;42.1;30;10190007384;B
20240424;101909;42.095;10;10190007416;S
20240424;101910;42.1;500;10190007560;B
20240424;101911;42.1;30;10190007613;B
20240424;101911;42.1;10;10190007614;B
20240424;101911;42.095;500;10190007620;S
20240424;101911;42.1;20;10190007655;B
20240424;101911;42.1;20;10190007656;B
20240424;101911;42.1;50;10190007680;B
20240424;101911;42.1;50;10190007681;B
20240424;101911;42.1;60;10190007717;B
20240424;101911;42.1;60;10190007718;B
20240424;101912;42.095;550;10190007741;S
20240424;101912;42.095;370;10190007742;S
20240424;101912;42.1;20;10190007743;B
20240424;101912;42.1;30;10190007744;B
20240424;101912;42.1;60;10190007763;B
20240424;101912;42.1;60;10190007764;B
20240424;101913;42.1;50;10190007869;B
20240424;101913;42.1;40;10190007870;B
20240424;101913;42.1;1000;10190007876;B
20240424;101913;42.1;30;10190007943;B
20240424;101913;42.1;30;10190007944;B
20240424;101913;42.1;4000;10190007982;B
20240424;101913;42.1;4000;10190007983;B
20240424;101913;42.1;2000;10190007984;B
20240424;101913;42.1;20;10190007985;B
20240424;101913;42.1;20;10190007986;B
20240424;101913;42.1;10;10190008011;B
20240424;101913;42.1;10;10190008012;B
20240424;101913;42.1;20;10190008015;B
20240424;101913;42.1;20;10190008016;B
20240424;101913;42.1;40;10190008017;B
20240424;101914;42.1;260;10190008029;B
20240424;101914;42.1;10;10190008030;B
20240424;101914;42.1;10;10190008031;B
20240424;101914;42.1;10;10190008032;B
20240424;101914;42.095;1000;10190008039;S
20240424;101914;42.1;20;10190008040;B
20240424;101914;42.1;40;10190008050;B
20240424;101914;42.1;60;10190008270;B
20240424;101914;42.1;60;10190008271;B
20240424;101914;42.1;130;10190008272;B
20240424;101915;42.095;1000;10190008306;S
20240424;101915;42.095;10;10190008343;S
20240424;101915;42.1;80;10190008412;B
20240424;101916;42.095;10;10190008469;S
20240424;101917;42.1;20;10190008597;B
20240424;101917;42.1;30;10190008598;B
20240424;101917;42.1;80;10190008599;B
20240424;101918;42.1;200;10190008831;B
20240424;101918;42.1;50;10190008832;B
20240424;101918;42.1;60;10190008833;B
20240424;101919;42.1;30;10190008959;B
20240424;101919;42.1;20;10190008960;B
20240424;101919;42.1;80;10190008961;B
20240424;101919;42.1;10;10190009013;B
20240424;101919;42.1;10;10190009014;B
20240424;101919;42.1;20;10190009049;B
20240424;101919;42.1;10;10190009050;B
20240424;101919;42.1;40;10190009051;B
20240424;101920;42.1;10;10190009073;B
20240424;101920;42.1;20;10190009074;B
20240424;101920;42.1;50;10190009075;B
20240424;101920;42.1;13400;10190009186;B
20240424;101920;42.1;10;10190009187;B
20240424;101920;42.1;10;10190009188;B
20240424;101920;42.1;30;10190009189;B
20240424;101920;42.1;10;10190009219;B
20240424;101920;42.1;1000;10190009248;B
20240424;101921;42.1;10;10190009289;B
20240424;101921;42.1;40;10190009422;B
20240424;101921;42.1;50;10190009435;B
20240424;101921;42.1;10;10190009436;B
20240424;101921;42.095;10;10190009443;S
20240424;101921;42.1;30;10190009451;B
20240424;101921;42.1;20;10190009458;B
20240424;101922;42.1;20;10190009554;B
20240424;101922;42.1;40;10190009555;B
20240424;101922;42.1;130;10190009556;B
20240424;101922;42.095;40;10190009569;S
20240424;101923;42.1;50;10190009633;B
20240424;101923;42.1;60;10190009634;B
20240424;101923;42.1;210;10190009635;B
20240424;101923;42.1;2250;10190009656;B
20240424;101923;42.1;800;10190009657;B
20240424;101923;42.1;800;10190009658;B
20240424;101923;42.1;800;10190009659;B
20240424;101923;42.1;100;10190009660;B
20240424;101923;42.1;20;10190009661;B
20240424;101923;42.1;20;10190009662;B
20240424;101923;42.1;40;10190009663;B
20240424;101923;42.1;30;10190009686;B
20240424;101923;42.095;30;10190009718;S
20240424;101923;42.1;10;10190009719;B
20240424;101924;42.1;10;10190009790;B
20240424;101924;42.1;10;10190009791;B
20240424;101924;42.1;10;10190009848;B
20240424;101925;42.1;10;10190009862;B
20240424;101925;42.095;500;10190009924;S
20240424;101926;42.095;100;10190009982;S
20240424;101926;42.095;40;10190010020;S
20240424;101926;42.1;8500;10190010071;B
20240424;101926;42.1;50;10190010072;B
20240424;101926;42.1;50;10190010073;B
20240424;101926;42.1;120;10190010074;B
20240424;101928;42.1;20;10190010225;B
