<DATE>;<TIME>;<LAST>;<VOL>;<ID>;<OPER>
20240430;095943;43.885;10;10239315938;B
20240430;095943;43.885;350;10239315939;S
20240430;095943;43.885;10;10239315940;B
20240430;095943;43.885;120;10239315941;S
20240430;095943;43.885;50;10239315942;B
20240430;095943;43.885;90;10239315943;S
20240430;095943;43.885;20;10239315944;B
20240430;095943;43.885;20;10239315945;S
20240430;095943;43.885;200;10239315946;B
20240430;095943;43.885;10;10239315947;B
20240430;095943;43.885;10;10239315948;B
20240430;095943;43.885;350;10239315949;B
20240430;095943;43.885;20;10239315950;B
20240430;095943;43.885;500;10239315951;B
20240430;095943;43.885;740;10239315952;B
20240430;095943;43.885;750;10239315953;B
20240430;095943;43.885;10;10239315954;B
20240430;095943;43.885;200;10239315955;B
20240430;095943;43.885;450;10239315956;B
20240430;095943;43.885;30;10239315957;B
20240430;095943;43.885;10;10239315958;B
20240430;095943;43.885;20;10239315959;B
20240430;095943;43.885;10;10239315960;B
20240430;095943;43.885;10;10239315961;B
20240430;095943;43.885;10;10239315962;B
20240430;095943;43.885;40;10239315963;B
20240430;095943;43.885;150;10239315964;B
20240430;095943;43.885;10;10239315965;B
20240430;095943;43.885;600;10239315966;B
20240430;095943;43.885;3250;10239315967;S
20240430;095943;43.885;10;10239315968;S
20240430;095943;43.885;1000;10239315969;S
20240430;095943;43.885;11430;10239315970;S
20240430;095943;43.885;1000;10239315971;B
20240430;095943;43.885;10;10239315972;B
20240430;095943;43.885;10;10239315973;B
20240430;095943;43.885;80;10239315974;S
20240430;095943;43.885;10;10239315975;B
20240430;095943;43.885;10;10239315976;B
20240430;095943;43.885;10;10239315977;B
20240430;095943;43.885;10;10239315978;B
20240430;095943;43.885;10;10239315979;B
20240430;095943;43.885;90;10239315980;B
20240430;095943;43.885;280;10239315981;S
20240430;095943;43.885;90;10239315982;S
20240430;095943;43.885;960;10239315983;B
20240430;100000;43.815;10;10239318744;S
20240430;100000;43.815;10;10239318745;S
20240430;100000;43.815;10;10239318746;S
20240430;100000;43.815;20;10239318747;S
20240430;100000;43.815;100;10239318748;S
20240430;100000;43.815;140;10239318749;S
20240430;100000;43.815;710;10239318750;S
20240430;100000;43.85;120;10239318976;B
20240430;100000;43.815;830;10239319496;S
20240430;100001;43.815;1400;10239319621;S
20240430;100001;43.815;590;10239319977;S
20240430;100003;43.815;10;10239321128;S
20240430;100004;43.835;40;10239321825;B
20240430;100005;43.835;10;10239322371;B
20240430;100005;43.835;10;10239322374;B
20240430;100005;43.835;50;10239322375;B
20240430;100006;43.815;10;10239323183;S
20240430;100006;43.815;10;10239323187;S
20240430;100006;43.815;10;10239324041;S
20240430;100006;43.82;10;10239324367;B
20240430;100006;43.82;820;10239324624;B
20240430;100006;43.825;1600;10239324625;B
20240430;100006;43.83;30;10239324626;B
20240430;100006;43.815;20;10239324627;S
20240430;100006;43.85;10;10239324628;B
20240430;100006;43.82;20;10239324672;S
20240430;100007;43.825;10;10239325085;B
20240430;100007;43.825;10;10239325194;B
20240430;100007;43.825;10;10239325566;B
20240430;100007;43.815;30;10239325642;S
20240430;100007;43.82;10;10239325713;S
20240430;100008;43.835;10;10239326182;B
20240430;100008;43.835;10;10239326184;B
20240430;100008;43.84;1990;10239326185;B
20240430;100008;43.82;160;10239326449;S
20240430;100008;43.845;10;10239326450;B
20240430;100013;43.83;100;10239327860;B
20240430;100013;43.84;160;10239327861;B
20240430;100013;43.84;10;10239327862;B
20240430;100013;43.84;10;10239327863;B
20240430;100013;43.855;210;10239327864;B
20240430;100013;43.825;100;10239327865;S
20240430;100014;43.855;560;10239327989;B
20240430;100015;43.835;600;10239328052;S
20240430;100016;43.84;100;10239328250;B
20240430;100016;43.85;10;10239328251;B
20240430;100016;43.86;340;10239328252;B
20240430;100020;43.86;2870;10239329526;B
20240430;100020;43.875;3430;10239329527;B
20240430;100020;43.875;1940;10239329528;B
20240430;100021;43.85;210;10239329926;B
20240430;100021;43.875;90;10239329927;B
20240430;100022;43.845;40;10239330058;S
20240430;100022;43.845;80;10239330059;S
20240430;100023;43.875;100;10239330361;B
20240430;100023;43.875;340;10239330362;B
20240430;100025;43.865;20;10239330868;B
20240430;100027;43.86;200;10239331108;S
20240430;100028;43.85;400;10239331512;B
20240430;100028;43.87;50;10239331513;B
20240430;100030;43.865;20;10239332132;B
20240430;100030;43.865;20;10239332182;B
20240430;100035;43.85;10;10239333375;B
20240430;100036;43.845;120;10239333573;S
20240430;100036;43.835;390;10239333796;B
20240430;100036;43.835;750;10239333797;B
20240430;100038;43.835;50;10239334081;B
20240430;100039;43.825;100;10239334386;S
20240430;100039;43.825;500;10239334387;S
20240430;100039;43.825;400;10239334388;S
20240430;100050;43.835;10;10239336556;B
20240430;100053;43.835;100;10239337626;B
20240430;100054;43.835;960;10239337780;B
20240430;100054;43.86;540;10239337781;B
20240430;100055;43.86;1060;10239338118;B
20240430;100059;43.86;30;10239338908;S
20240430;100106;43.865;100;10239340161;B
20240430;100108;43.86;10;10239340480;S
20240430;100117;43.865;8100;10239342012;B
20240430;100117;43.865;2290;10239342013;B
20240430;100117;43.87;580;10239342014;B
20240430;100117;43.88;50;10239342015;B
20240430;100117;43.88;1160;10239342016;B
20240430;100117;43.88;100;10239342017;S
20240430;100117;43.88;800;10239342128;S
20240430;100118;43.88;100;10239342320;S
20240430;100122;43.865;10;10239342881;S
20240430;100123;43.87;10;10239343220;B
20240430;100126;43.865;10;10239343648;S
20240430;100136;43.87;260;10239345253;B
20240430;100136;43.87;2290;10239345254;B
20240430;100136;43.87;8200;10239345255;B
20240430;100136;43.87;720;10239345256;B
20240430;100136;43.87;630;10239345257;B
20240430;100137;43.87;20;10239345304;S
20240430;100144;43.87;2310;10239346415;S
20240430;100145;43.87;30;10239346527;S
20240430;100146;43.875;100;10239346695;B
20240430;100151;43.87;20;10239347673;S
20240430;100207;43.87;530;10239350046;S
20240430;100208;43.875;2400;10239350290;B
20240430;100210;43.87;20;10239350404;S
20240430;100212;43.87;320;10239350747;S
20240430;100212;43.87;180;10239350748;S
20240430;100213;43.87;10;10239350849;S
20240430;100214;43.87;360;10239350990;S
20240430;100214;43.87;450;10239350998;S
20240430;100214;43.865;180;10239351004;S
20240430;100214;43.865;50;10239351005;S
20240430;100214;43.86;40;10239351006;S
20240430;100214;43.86;1500;10239351007;S
20240430;100214;43.84;50;10239351027;S
20240430;100222;43.83;300;10239352246;S
20240430;100222;43.825;630;10239352247;S
20240430;100222;43.82;70;10239352248;S
20240430;100222;43.82;4460;10239352298;S
20240430;100222;43.82;30;10239352299;S
20240430;100222;43.815;6380;10239352300;S
20240430;100222;43.815;150;10239352301;S
20240430;100222;43.815;450;10239352302;S
20240430;100222;43.815;720;10239352303;S
20240430;100222;43.81;630;10239352304;S
20240430;100222;43.805;110;10239352305;S
20240430;100222;43.805;380;10239352306;S
20240430;100223;43.77;10;10239352365;S
20240430;100223;43.77;490;10239352366;S
20240430;100224;43.76;20;10239352449;S
20240430;100224;43.785;200;10239352486;B
20240430;100224;43.82;380;10239352506;B
20240430;100224;43.825;320;10239352507;B
20240430;100224;43.825;300;10239352508;B
20240430;100225;43.82;250;10239352581;B
20240430;100232;43.82;50;10239353287;B
20240430;100232;43.825;40;10239353288;B
20240430;100242;43.82;20;10239354578;S
20240430;100243;43.82;640;10239354708;S
20240430;100244;43.8;10;10239354928;S
20240430;100245;43.8;10;10239355066;S
20240430;100246;43.8;10;10239355169;B
20240430;100247;43.785;20;10239355360;S
20240430;100255;43.785;500;10239356452;S
20240430;100257;43.79;20;10239356725;B
20240430;100258;43.785;10;10239356776;S
20240430;100259;43.79;70;10239356862;B
20240430;100259;43.805;510;10239356863;B
20240430;100308;43.795;130;10239358660;B
20240430;100308;43.805;2290;10239358661;B
20240430;100313;43.805;10000;10239359329;S
20240430;100313;43.81;30;10239359378;B
20240430;100319;43.81;60;10239360724;B
20240430;100319;43.81;230;10239360725;B
20240430;100336;43.81;10;10239363238;B
20240430;100337;43.805;10;10239363518;S
20240430;100342;43.805;620;10239364340;S
20240430;100345;43.805;50;10239364848;S
20240430;100358;43.805;90;10239366733;S
20240430;100403;43.805;50;10239367673;S
20240430;100403;43.805;1820;10239367674;S
20240430;100403;43.805;290;10239367675;S
20240430;100403;43.805;4650;10239367676;S
20240430;100403;43.805;1000;10239367677;S
20240430;100418;43.795;490;10239370225;S
20240430;100418;43.79;1000;10239370226;S
20240430;100422;43.785;10;10239371101;S
20240430;100443;43.79;10;10239373748;S
20240430;100445;43.785;200;10239374182;S
20240430;100446;43.785;200;10239374327;S
20240430;100453;43.79;10;10239375865;B
20240430;100455;43.79;390;10239376150;S
20240430;100455;43.785;60;10239376151;S
20240430;100508;43.77;8000;10239378049;S
20240430;100509;43.765;10;10239378207;S
20240430;100509;43.765;10;10239378208;S
20240430;100509;43.76;10;10239378209;S
20240430;100513;43.775;460;10239379155;B
20240430;100519;43.765;10;10239379901;B
20240430;100521;43.765;10;10239380085;S
20240430;100528;43.765;270;10239381079;S
20240430;100534;43.76;10;10239381974;B
20240430;100534;43.76;10;10239382013;B
20240430;100534;43.76;10;10239382055;B
20240430;100535;43.76;100;10239382090;B
20240430;100538;43.755;100;10239382498;S
20240430;100542;43.755;400;10239383222;S
20240430;100545;43.75;910;10239383696;S
20240430;100545;43.75;300;10239383697;S
20240430;100545;43.745;100;10239383745;S
20240430;100545;43.755;10;10239383796;B
20240430;100557;43.755;10;10239385467;B
20240430;100608;43.74;10;10239386913;S
20240430;100608;43.74;200;10239386914;S
20240430;100612;43.74;10;10239387602;B
20240430;100616;43.73;10;10239388130;S
20240430;100616;43.73;30;10239388131;S
20240430;100616;43.725;960;10239388132;S
20240430;100621;43.72;10;10239388697;S
20240430;100622;43.72;110;10239388775;S
20240430;100625;43.72;10;10239389004;S
20240430;100637;43.72;2500;10239390561;S
20240430;100641;43.72;100;10239390980;S
20240430;100645;43.72;20;10239391478;S
20240430;100654;43.72;10;10239392675;S
20240430;100658;43.725;100;10239393218;B
20240430;100702;43.72;20;10239393821;S
20240430;100702;43.72;180;10239393822;S
20240430;100705;43.725;10;10239394176;B
20240430;100711;43.725;450;10239394849;B
20240430;100713;43.725;450;10239395042;B
20240430;100718;43.72;10;10239395747;S
20240430;100719;43.725;290;10239395888;B
20240430;100728;43.725;10;10239396958;B
20240430;100729;43.725;10;10239397191;B
20240430;100730;43.72;10;10239397245;S
20240430;100732;43.72;20;10239397542;S
20240430;100734;43.72;10;10239397707;S
20240430;100735;43.72;10;10239397813;S
20240430;100735;43.72;10;10239397840;S
20240430;100736;43.72;10;10239397919;S
20240430;100736;43.72;10;10239397999;S
20240430;100737;43.72;10;10239398116;S
20240430;100738;43.72;10;10239398277;S
20240430;100740;43.725;50;10239398456;B
20240430;100740;43.725;30;10239398495;B
20240430;100741;43.72;50;10239398613;S
20240430;100742;43.725;30;10239398619;B
20240430;100742;43.72;10;10239398766;S
20240430;100742;43.725;2610;10239398768;B
20240430;100742;43.725;500;10239398769;B
20240430;100742;43.725;10;10239398770;B
20240430;100746;43.73;20;10239399261;B
20240430;100749;43.725;120;10239399588;S
20240430;100754;43.73;10;10239400180;B
20240430;100754;43.73;10;10239400181;B
20240430;100817;43.73;10;10239403457;B
20240430;100817;43.73;10;10239403458;B
20240430;100817;43.73;10;10239403459;B
20240430;100817;43.73;10;10239403460;B
20240430;100817;43.73;10;10239403461;B
20240430;100817;43.73;10;10239403462;B
20240430;100817;43.73;10;10239403463;B
20240430;100817;43.73;20;10239403464;B
20240430;100817;43.73;120;10239403465;B
20240430;100817;43.73;50;10239403466;B
20240430;100817;43.73;10;10239403467;B
20240430;100817;43.73;10;10239403468;B
20240430;100817;43.74;30;10239403470;B
20240430;100819;43.735;470;10239403717;S
20240430;100819;43.735;1160;10239403718;S
20240430;100827;43.745;20;10239404647;S
20240430;100830;43.745;460;10239405064;S
20240430;100830;43.745;950;10239405065;S
20240430;100836;43.75;10;10239406093;B
20240430;100836;43.75;10;10239406094;B
20240430;100836;43.755;30;10239406095;B
20240430;100840;43.75;10;10239406572;S
20240430;100851;43.755;50;10239407791;B
20240430;100851;43.755;30;10239407792;B
20240430;100859;43.755;30;10239408809;B
20240430;100907;43.75;130;10239409749;S
20240430;100909;43.75;500;10239410031;S
20240430;100913;43.755;10;10239410373;B
20240430;100915;43.755;2000;10239410614;B
20240430;100918;43.755;290;10239410979;B
20240430;100919;43.755;150;10239411066;B
20240430;100921;43.755;710;10239411271;B
20240430;100921;43.755;140;10239411272;B
20240430;100921;43.765;200;10239411276;B
20240430;100921;43.765;20;10239411277;B
20240430;100923;43.77;440;10239411427;S
20240430;100923;43.77;1110;10239411428;S
20240430;100930;43.77;30;10239412415;S
20240430;100942;43.775;10;10239413689;B
20240430;100957;43.78;10;10239415448;B
20240430;101015;43.77;50;10239417665;S
20240430;101016;43.775;10;10239417738;B
20240430;101044;43.775;10;10239420583;B
20240430;101044;43.775;10;10239420584;B
20240430;101044;43.775;10;10239420585;B
20240430;101050;43.77;20;10239421063;S
20240430;101050;43.77;20;10239421064;S
20240430;101105;43.775;10;10239422828;B
20240430;101108;43.77;180;10239423280;S
20240430;101108;43.77;230;10239423281;S
20240430;101110;43.775;10;10239423429;B
20240430;101111;43.77;10;10239423515;S
20240430;101114;43.775;20;10239423893;B
20240430;101117;43.77;60;10239424268;S
20240430;101119;43.76;290;10239424448;B
20240430;101122;43.755;1970;10239424698;S
20240430;101122;43.76;250;10239424703;B
20240430;101123;43.755;30;10239424858;S
20240430;101123;43.75;20;10239424859;S
20240430;101132;43.76;10;10239425906;B
20240430;101133;43.755;10;10239425941;S
20240430;101205;43.75;1480;10239430108;S
20240430;101205;43.745;380;10239430109;S
20240430;101205;43.745;1240;10239430110;S
20240430;101205;43.745;140;10239430111;S
20240430;101205;43.74;220;10239430112;S
20240430;101205;43.73;1000;10239430113;S
20240430;101205;43.725;100;10239430114;S
20240430;101205;43.72;230;10239430115;S
20240430;101205;43.72;5210;10239430116;S
20240430;101215;43.74;90;10239431513;B
20240430;101220;43.74;10;10239432109;B
20240430;101220;43.745;10;10239432114;B
20240430;101223;43.73;10;10239432567;B
20240430;101227;43.73;10;10239433120;B
20240430;101250;43.73;50;10239435134;B
20240430;101316;43.73;10;10239437503;B
20240430;101319;43.73;10;10239437785;B
20240430;101319;43.73;10;10239437786;B
20240430;101319;43.73;10;10239437787;B
20240430;101319;43.73;10;10239437788;B
20240430;101319;43.73;10;10239437789;B
20240430;101319;43.73;10;10239437790;B
20240430;101320;43.74;10;10239437886;B
20240430;101330;43.735;10;10239438998;B
20240430;101332;43.73;40;10239439134;S
20240430;101339;43.73;20;10239439991;S
20240430;101345;43.73;170;10239440674;S
20240430;101408;43.715;10;10239442954;S
20240430;101408;43.715;250;10239442955;S
20240430;101408;43.715;10;10239442956;S
20240430;101408;43.715;290;10239442957;S
20240430;101421;43.71;10;10239444773;S
20240430;101424;43.71;10;10239445049;S
20240430;101425;43.715;1000;10239445118;B
20240430;101440;43.71;20;10239446753;S
20240430;101440;43.71;10;10239446754;S
20240430;101440;43.71;1300;10239446755;S
20240430;101440;43.71;1670;10239446756;S
20240430;101444;43.71;20;10239447256;S
20240430;101445;43.71;10;10239447286;S
20240430;101445;43.715;60;10239447349;B
20240430;101449;43.71;10;10239447668;S
20240430;101456;43.71;50;10239448289;S
20240430;101457;43.715;1620;10239448307;B
20240430;101457;43.715;10;10239448308;B
20240430;101457;43.715;10;10239448309;B
20240430;101457;43.715;10;10239448310;B
20240430;101457;43.715;10;10239448311;B
20240430;101457;43.715;10;10239448312;B
20240430;101457;43.715;10;10239448313;B
20240430;101457;43.715;10;10239448314;B
20240430;101457;43.715;10;10239448315;B
20240430;101457;43.715;10;10239448316;B
20240430;101457;43.715;200;10239448317;B
20240430;101457;43.715;10;10239448318;B
20240430;101457;43.715;80;10239448319;B
20240430;101507;43.71;8240;10239449498;S
20240430;101507;43.71;360;10239449499;S
20240430;101507;43.71;400;10239449500;S
20240430;101508;43.71;10;10239449559;S
20240430;101510;43.71;250;10239450067;S
20240430;101512;43.71;1200;10239450532;S
20240430;101512;43.71;370;10239450533;S
20240430;101512;43.705;40;10239450534;S
20240430;101512;43.705;20;10239450535;S
20240430;101512;43.705;620;10239450536;S
20240430;101512;43.705;1650;10239450537;S
20240430;101512;43.7;10;10239450538;S
20240430;101512;43.7;50;10239450539;S
20240430;101512;43.7;10;10239450540;S
20240430;101512;43.7;10;10239450541;S
20240430;101512;43.7;10;10239450542;S
20240430;101512;43.7;100;10239450543;S
20240430;101512;43.7;90;10239450544;S
20240430;101512;43.7;2500;10239450545;S
20240430;101512;43.7;3320;10239450546;S
20240430;101512;43.7;10;10239450549;S
20240430;101512;43.705;380;10239450584;S
20240430;101512;43.705;500;10239450592;S
20240430;101513;43.705;220;10239450671;S
20240430;101513;43.7;260;10239450672;S
20240430;101516;43.7;10000;10239451413;S
20240430;101518;43.705;10;10239451717;B
20240430;101518;43.7;5000;10239451735;S
20240430;101519;43.705;10;10239451915;B
20240430;101519;43.705;10;10239451916;B
20240430;101520;43.705;10;10239451985;S
20240430;101520;43.705;10;10239452052;S
20240430;101522;43.705;10;10239452480;S
20240430;101526;43.705;240;10239453200;S
20240430;101530;43.7;2400;10239453812;S
20240430;101531;43.7;40;10239454035;S
20240430;101534;43.705;30;10239454647;B
20240430;101536;43.7;3710;10239454855;S
20240430;101536;43.7;100;10239454870;S
20240430;101536;43.7;10;10239454928;S
20240430;101537;43.7;10;10239454974;S
20240430;101537;43.7;30;10239455077;S
20240430;101537;43.7;200;10239455081;S
20240430;101537;43.705;10;10239455107;B
20240430;101537;43.7;10;10239455111;S
20240430;101538;43.7;10;10239455173;S
20240430;101538;43.7;4000;10239455297;S
20240430;101539;43.7;4000;10239455315;S
20240430;101539;43.7;1010;10239455316;S
20240430;101539;43.7;600;10239455317;S
20240430;101540;43.7;15280;10239455570;S
20240430;101540;43.7;1000;10239455571;S
20240430;101540;43.7;110;10239455572;S
20240430;101540;43.7;830;10239455573;S
20240430;101540;43.7;2780;10239455574;S
20240430;101541;43.7;7220;10239455698;S
20240430;101541;43.7;1800;10239455699;S
20240430;101541;43.695;250;10239455700;S
20240430;101541;43.695;50;10239455701;S
20240430;101541;43.695;20;10239455702;S
20240430;101541;43.695;50;10239455703;S
20240430;101541;43.69;10;10239455704;S
20240430;101541;43.69;10;10239455705;S
20240430;101541;43.69;10;10239455706;S
20240430;101541;43.69;10;10239455707;S
20240430;101541;43.685;380;10239455708;S
20240430;101541;43.685;500;10239455709;S
20240430;101541;43.68;10;10239455710;S
20240430;101541;43.68;20;10239455711;S
20240430;101541;43.68;1420;10239455712;S
20240430;101541;43.68;3240;10239455713;S
20240430;101541;43.68;1300;10239455715;B
20240430;101541;43.67;10;10239455720;S
20240430;101541;43.67;210;10239455721;S
20240430;101541;43.665;10;10239455722;S
20240430;101541;43.665;20;10239455723;S
20240430;101542;43.66;10;10239455762;S
20240430;101542;43.66;10;10239455763;S
20240430;101542;43.66;40;10239455764;S
20240430;101542;43.66;100;10239455765;S
20240430;101542;43.66;20;10239455766;S
20240430;101542;43.66;20;10239455796;S
20240430;101543;43.68;20;10239456007;B
20240430;101546;43.68;20;10239456359;B
20240430;101547;43.675;550;10239456628;S
20240430;101547;43.67;450;10239456629;S
20240430;101548;43.67;20;10239456692;S
20240430;101551;43.67;10;10239457040;S
20240430;101557;43.665;10;10239457680;S
20240430;101611;43.675;3470;10239459299;S
20240430;101611;43.665;10;10239459308;S
20240430;101611;43.665;1600;10239459309;S
20240430;101611;43.665;2290;10239459310;S
20240430;101611;43.665;5100;10239459311;S
20240430;101620;43.67;1000;10239460332;B
20240430;101625;43.67;100;10239460999;B
20240430;101626;43.66;30;10239461072;S
20240430;101627;43.665;10;10239461227;B
20240430;101627;43.67;460;10239461228;B
20240430;101636;43.67;40;10239462484;B
20240430;101636;43.67;20;10239462485;B
20240430;101638;43.665;10;10239462727;B
20240430;101640;43.665;10;10239462925;B
20240430;101641;43.665;10;10239463089;B
20240430;101641;43.665;10;10239463090;B
20240430;101641;43.67;1280;10239463091;B
20240430;101648;43.665;10;10239464101;B
20240430;101648;43.665;10;10239464102;B
20240430;101649;43.66;120;10239464189;S
20240430;101649;43.66;570;10239464190;S
20240430;101650;43.66;150;10239464365;S
20240430;101650;43.66;350;10239464366;S
20240430;101650;43.66;20;10239464374;S
20240430;101654;43.66;9630;10239464802;S
20240430;101654;43.66;100;10239464803;S
20240430;101654;43.66;530;10239464804;S
20240430;101654;43.655;350;10239464805;S
20240430;101654;43.655;1700;10239464806;S
20240430;101654;43.65;10;10239464807;S
20240430;101654;43.65;50;10239464808;S
20240430;101654;43.65;10;10239464809;S
20240430;101654;43.65;8240;10239464810;S
20240430;101654;43.645;720;10239464811;S
20240430;101654;43.645;1000;10239464812;S
20240430;101654;43.64;10;10239464813;S
20240430;101654;43.64;10;10239464814;S
20240430;101654;43.64;500;10239464815;S
20240430;101654;43.64;10;10239464816;S
20240430;101654;43.635;100;10239464817;S
20240430;101654;43.635;1050;10239464818;S
20240430;101654;43.635;1200;10239464819;S
20240430;101654;43.63;10;10239464820;S
20240430;101654;43.63;250;10239464821;S
20240430;101654;43.63;1300;10239464822;S
20240430;101654;43.63;3430;10239464823;S
20240430;101654;43.625;10;10239464824;S
20240430;101654;43.625;60;10239464825;S
20240430;101654;43.625;2290;10239464826;S
20240430;101654;43.625;5540;10239464827;S
20240430;101654;43.625;1600;10239464828;S
20240430;101654;43.62;50;10239464829;S
20240430;101654;43.62;10;10239464830;S
20240430;101654;43.62;4000;10239464831;S
20240430;101654;43.62;12000;10239464832;S
20240430;101654;43.62;650;10239464833;S
20240430;101654;43.615;10;10239464834;S
20240430;101654;43.615;10;10239464835;S
20240430;101654;43.615;1000;10239464836;S
20240430;101654;43.615;1000;10239464837;S
20240430;101654;43.615;510;10239464838;S
20240430;101654;43.61;10;10239464839;S
20240430;101654;43.61;50;10239464840;S
20240430;101654;43.61;100;10239464841;S
20240430;101654;43.605;410;10239464842;S
20240430;101654;43.605;10;10239464843;S
20240430;101654;43.6;40;10239464844;S
20240430;101654;43.6;3000;10239464845;S
20240430;101654;43.6;50;10239464846;S
20240430;101654;43.6;50;10239464847;S
20240430;101654;43.6;1960;10239464848;S
20240430;101654;43.6;10;10239464849;S
20240430;101654;43.6;70;10239464850;S
20240430;101654;43.6;2500;10239464851;S
20240430;101654;43.6;50;10239464852;S
20240430;101654;43.6;32740;10239464853;S
20240430;101654;43.615;3000;10239464856;S
20240430;101654;43.61;540;10239464857;S
20240430;101654;43.605;460;10239464858;S
20240430;101654;43.605;500;10239464859;S
20240430;101654;43.615;200;10239464919;S
20240430;101654;43.615;10;10239464939;S
20240430;101654;43.615;100;10239464943;S
20240430;101655;43.615;1700;10239464945;S
20240430;101655;43.615;180;10239464948;S
20240430;101655;43.615;1000;10239464956;S
20240430;101655;43.615;100;10239464981;S
20240430;101657;43.625;10;10239465155;B
20240430;101657;43.625;540;10239465156;B
20240430;101659;43.63;30;10239465341;B
20240430;101659;43.63;1600;10239465353;S
20240430;101659;43.63;3000;10239465426;S
20240430;101659;43.625;150;10239465427;S
20240430;101659;43.625;1000;10239465428;S
20240430;101659;43.625;540;10239465429;S
20240430;101659;43.62;10;10239465430;S
20240430;101659;43.615;1140;10239465431;S
20240430;101659;43.61;10;10239465432;S
20240430;101659;43.61;10;10239465433;S
20240430;101659;43.61;10;10239465434;S
20240430;101659;43.61;2290;10239465435;S
20240430;101659;43.61;1600;10239465436;S
20240430;101659;43.61;8250;10239465437;S
20240430;101659;43.6;8360;10239465438;S
20240430;101659;43.6;200;10239465439;S
20240430;101659;43.6;40;10239465440;S
20240430;101659;43.6;50;10239465441;S
20240430;101659;43.595;2750;10239465442;S
20240430;101659;43.595;1000;10239465443;S
20240430;101659;43.595;10000;10239465444;S
20240430;101659;43.59;10;10239465445;S
20240430;101659;43.59;10;10239465446;S
20240430;101659;43.59;1050;10239465447;S
20240430;101659;43.585;7000;10239465448;S
20240430;101659;43.58;10;10239465449;S
20240430;101659;43.58;100;10239465450;S
20240430;101659;43.58;1000;10239465451;S
20240430;101659;43.58;410;10239465452;B
20240430;101659;43.595;1150;10239465454;B
20240430;101659;43.615;160;10239465455;B
20240430;101659;43.595;2290;10239465481;S
20240430;101659;43.595;1600;10239465482;S
20240430;101659;43.59;1140;10239465483;S
20240430;101659;43.59;8250;10239465484;S
20240430;101659;43.59;540;10239465485;S
20240430;101659;43.58;4000;10239465486;S
20240430;101659;43.575;40;10239465487;S
20240430;101659;43.575;1000;10239465488;S
20240430;101659;43.575;250;10239465489;S
20240430;101659;43.575;1000;10239465490;S
20240430;101659;43.565;10;10239465491;S
20240430;101659;43.56;50;10239465492;S
20240430;101659;43.56;2970;10239465493;S
20240430;101659;43.555;1000;10239465494;S
20240430;101659;43.555;2770;10239465495;S
20240430;101659;43.55;50;10239465496;S
20240430;101659;43.55;50;10239465497;S
20240430;101659;43.55;1500;10239465498;S
20240430;101659;43.55;40;10239465499;S
20240430;101659;43.55;1050;10239465500;S
20240430;101659;43.55;2770;10239465501;S
20240430;101659;43.545;60;10239465502;S
20240430;101659;43.545;1200;10239465503;S
20240430;101659;43.545;3000;10239465504;S
20240430;101659;43.545;2720;10239465505;S
20240430;101659;43.54;10;10239465506;S
20240430;101659;43.535;4630;10239465507;S
20240430;101700;43.59;300;10239465533;B
20240430;101700;43.59;100;10239465534;S
20240430;101700;43.59;1000;10239465535;S
20240430;101700;43.585;550;10239465536;S
20240430;101700;43.575;890;10239465537;S
20240430;101700;43.57;2740;10239465538;S
20240430;101700;43.565;8260;10239465539;S
20240430;101700;43.555;1140;10239465540;S
20240430;101700;43.535;1000;10239465541;S
20240430;101700;43.53;40;10239465542;S
20240430;101700;43.53;80;10239465543;S
20240430;101700;43.53;100;10239465544;S
20240430;101700;43.53;2970;10239465545;S
20240430;101700;43.53;10;10239465546;S
20240430;101700;43.53;1600;10239465547;S
20240430;101700;43.525;50;10239465548;S
20240430;101700;43.525;220;10239465549;S
20240430;101700;43.525;90;10239465550;S
20240430;101700;43.525;1000;10239465551;S
20240430;101700;43.525;5000;10239465552;S
20240430;101700;43.525;1050;10239465553;S
20240430;101700;43.525;300;10239465554;S
20240430;101700;43.52;26000;10239465555;S
20240430;101700;43.52;1850;10239465556;B
20240430;101700;43.52;1650;10239465557;B
20240430;101700;43.52;6000;10239465558;B
20240430;101700;43.52;1400;10239465560;B
20240430;101700;43.52;2100;10239465563;B
20240430;101700;43.52;1600;10239465564;B
20240430;101700;43.515;10;10239465573;S
20240430;101700;43.515;10;10239465574;S
20240430;101700;43.515;180;10239465575;S
20240430;101700;43.52;10;10239465576;B
20240430;101700;43.52;50;10239465577;B
20240430;101700;43.52;10;10239465581;B
20240430;101700;43.515;10;10239465585;S
20240430;101700;43.52;40;10239465597;B
20240430;101701;43.52;10;10239465627;B
20240430;101701;43.515;110;10239465634;S
20240430;101701;43.52;10;10239465635;B
20240430;101701;43.52;50;10239465636;B
20240430;101701;43.52;200;10239465644;B
20240430;101701;43.52;830;10239465658;B
20240430;101701;43.535;170;10239465659;B
20240430;101702;43.56;50;10239465790;B
20240430;101704;43.56;250;10239465948;B
20240430;101704;43.565;250;10239465949;B
20240430;101710;43.575;200;10239466744;S
20240430;101710;43.575;1000;10239466745;S
20240430;101710;43.57;1600;10239466746;S
20240430;101710;43.565;1400;10239466747;S
20240430;101710;43.565;500;10239466748;S
20240430;101710;43.56;2290;10239466749;S
20240430;101710;43.555;2970;10239466750;S
20240430;101710;43.555;5000;10239466751;S
20240430;101710;43.555;8260;10239466752;S
20240430;101710;43.55;500;10239466753;S
20240430;101710;43.54;10;10239466754;S
20240430;101710;43.54;30;10239466755;S
20240430;101710;43.53;1140;10239466756;S
20240430;101710;43.53;300;10239466757;S
20240430;101710;43.525;10;10239466758;S
20240430;101710;43.525;10;10239466759;S
20240430;101710;43.525;5000;10239466760;S
20240430;101710;43.52;200;10239466761;S
20240430;101710;43.52;5000;10239466762;S
20240430;101710;43.52;10;10239466763;S
20240430;101710;43.515;2100;10239466764;S
20240430;101710;43.515;1050;10239466765;S
20240430;101710;43.515;1150;10239466766;S
20240430;101710;43.515;270;10239466767;S
20240430;101717;43.545;30;10239467286;B
20240430;101719;43.54;10;10239467498;B
20240430;101719;43.545;20;10239467499;B
20240430;101719;43.555;1180;10239467524;B
20240430;101719;43.56;10;10239467525;B
20240430;101719;43.56;510;10239467526;B
20240430;101720;43.565;400;10239467588;B
20240430;101729;43.565;10;10239468359;S
20240430;101730;43.565;10;10239468456;S
20240430;101730;43.565;80;10239468469;S
20240430;101730;43.565;420;10239468470;S
20240430;101731;43.57;10;10239468557;B
20240430;101732;43.565;10;10239468666;S
20240430;101733;43.565;40;10239468799;S
20240430;101734;43.565;150;10239469153;B
20240430;101736;43.565;550;10239469325;B
20240430;101743;43.545;10;10239469929;S
20240430;101745;43.545;50;10239470097;S
20240430;101745;43.55;10;10239470115;B
20240430;101745;43.55;10;10239470116;B
20240430;101745;43.55;10;10239470117;B
20240430;101745;43.56;10;10239470118;B
20240430;101745;43.56;10;10239470119;B
20240430;101745;43.56;530;10239470120;B
20240430;101745;43.565;460;10239470121;B
20240430;101745;43.565;460;10239470122;B
20240430;101749;43.555;30;10239470652;S
20240430;101758;43.555;130;10239471495;S
20240430;101801;43.555;970;10239471749;S
20240430;101803;43.55;530;10239472012;S
20240430;101803;43.55;1000;10239472013;S
20240430;101803;43.545;200;10239472014;S
20240430;101803;43.545;2100;10239472015;S
20240430;101803;43.54;1600;10239472016;S
20240430;101803;43.54;2290;10239472017;S
20240430;101803;43.535;200;10239472018;S
20240430;101803;43.535;10;10239472019;S
20240430;101803;43.535;3920;10239472020;S
20240430;101814;43.54;50;10239473144;S
20240430;101814;43.54;150;10239473145;S
20240430;101817;43.54;10;10239473351;S
20240430;101818;43.54;200;10239473567;S
20240430;101823;43.545;10;10239474093;B
20240430;101823;43.55;140;10239474094;B
20240430;101825;43.55;860;10239474260;B
20240430;101825;43.55;500;10239474261;B
20240430;101826;43.55;10;10239474403;S
20240430;101826;43.55;10;10239474413;S
20240430;101826;43.555;1150;10239474422;B
20240430;101826;43.555;500;10239474423;B
20240430;101826;43.56;10;10239474424;B
20240430;101826;43.56;10;10239474425;B
20240430;101826;43.56;10;10239474426;B
20240430;101826;43.56;10;10239474427;B
20240430;101826;43.56;3310;10239474428;B
20240430;101833;43.56;20;10239474972;B
20240430;101839;43.555;10;10239475531;S
20240430;101845;43.555;90;10239476175;S
20240430;101845;43.555;70;10239476176;S
20240430;101849;43.555;500;10239476687;S
20240430;101853;43.56;10;10239477057;B
20240430;101854;43.555;110;10239477104;S
20240430;101854;43.56;10;10239477128;B
20240430;101854;43.56;10;10239477129;B
20240430;101854;43.56;10;10239477130;B
20240430;101856;43.56;10;10239477253;B
20240430;101857;43.56;140;10239477397;S
20240430;101857;43.56;60;10239477398;S
20240430;101858;43.565;100;10239477428;S
20240430;101858;43.565;1000;10239477429;S
20240430;101858;43.56;490;10239477430;S
20240430;101903;43.565;100;10239477857;S
20240430;101903;43.565;100;10239477858;S
20240430;101903;43.57;20;10239477859;B
20240430;101905;43.565;20;10239478043;S
20240430;101916;43.565;50;10239479780;S
20240430;101919;43.57;10;10239480202;B
20240430;101919;43.57;250;10239480203;B
20240430;101919;43.57;610;10239480204;B
20240430;101919;43.57;130;10239480205;B
20240430;101919;43.57;20;10239480206;B
20240430;101919;43.57;20;10239480207;B
20240430;101922;43.58;300;10239480549;B
20240430;101922;43.585;500;10239480550;B
20240430;101922;43.59;700;10239480551;B
20240430;101923;43.575;30;10239480595;S
20240430;101931;43.59;1530;10239481401;B
20240430;101931;43.59;2660;10239481402;B
20240430;101931;43.59;810;10239481403;B
20240430;101931;43.59;100;10239481417;B
20240430;101931;43.59;90;10239481418;B
20240430;101931;43.595;500;10239481419;B
20240430;101931;43.6;1410;10239481420;B
20240430;101932;43.585;100;10239481533;S
20240430;101932;43.585;100;10239481534;S
20240430;101932;43.585;1290;10239481535;S
20240430;101934;43.6;1090;10239481700;B
20240430;101934;43.605;490;10239481701;B
20240430;101934;43.615;920;10239481702;B
20240430;101942;43.62;100;10239482770;B
20240430;101942;43.625;100;10239482771;B
20240430;101942;43.625;140;10239482772;B
20240430;101956;43.625;3000;10239483826;B
20240430;101958;43.625;20;10239484110;B
20240430;102004;43.625;10;10239484570;B
20240430;102008;43.62;10;10239485026;B
20240430;102008;43.625;10;10239485027;B
20240430;102008;43.625;10;10239485038;S
20240430;102009;43.625;10;10239485144;S
20240430;102012;43.63;100;10239485282;B
20240430;102012;43.635;100;10239485283;B
20240430;102012;43.635;350;10239485284;B
20240430;102014;43.64;10;10239485542;B
20240430;102014;43.64;10;10239485543;B
20240430;102022;43.63;10;10239490547;B
20240430;102023;43.63;10;10239491144;S
20240430;102025;43.63;10;10239491272;S
20240430;102025;43.63;10;10239491784;S
20240430;102027;43.63;110;10239492831;S
20240430;102027;43.635;110;10239492845;B
20240430;102029;43.635;20;10239493422;B
20240430;102029;43.635;20;10239493430;B
20240430;102030;43.635;5000;10239493535;B
20240430;102036;43.635;10;10239495357;S
20240430;102036;43.635;10;10239495362;S
20240430;102050;43.635;120;10239500624;S
20240430;102050;43.635;880;10239500625;S
20240430;102057;43.645;700;10239502089;B
20240430;102101;43.635;10;10239504261;S
20240430;102106;43.63;40;10239504944;S
20240430;102107;43.63;20;10239505790;S
20240430;102115;43.635;30;10239507689;B
20240430;102116;43.63;10;10239507746;S
20240430;102117;43.63;10;10239508305;S
20240430;102119;43.635;300;10239508452;B
20240430;102119;43.635;290;10239508471;B
20240430;102120;43.63;10;10239509543;S
20240430;102120;43.635;5000;10239509586;B
20240430;102121;43.63;500;10239509679;S
20240430;102121;43.63;10;10239510078;S
20240430;102121;43.635;10;10239510140;B
20240430;102121;43.635;10;10239510141;B
20240430;102121;43.635;500;10239510142;B
20240430;102121;43.635;4480;10239510143;B
20240430;102124;43.64;2500;10239510766;B
20240430;102131;43.63;900;10239512226;S
20240430;102135;43.63;10;10239513209;S
20240430;102135;43.63;10;10239513215;S
20240430;102135;43.63;10;10239513224;S
20240430;102135;43.63;10;10239513232;S
20240430;102135;43.63;10;10239513239;S
20240430;102135;43.63;10;10239513249;S
20240430;102136;43.63;10;10239513260;S
20240430;102136;43.63;10;10239513270;S
20240430;102136;43.63;10;10239513279;S
20240430;102136;43.63;10;10239513282;S
20240430;102136;43.63;10;10239513287;S
20240430;102136;43.63;10;10239513289;S
20240430;102136;43.63;10;10239513300;S
20240430;102137;43.635;10;10239513425;B
20240430;102137;43.635;10;10239513426;B
20240430;102137;43.635;10;10239513427;B
20240430;102137;43.635;10;10239513428;B
20240430;102137;43.635;10;10239513429;B
20240430;102137;43.635;10;10239513430;B
20240430;102137;43.635;10;10239513431;B
20240430;102137;43.64;5750;10239513432;B
20240430;102137;43.64;360;10239513433;B
20240430;102146;43.645;20;10239517226;B
20240430;102146;43.645;2320;10239517227;B
20240430;102146;43.645;160;10239517228;B
20240430;102156;43.63;10;10239521294;S
20240430;102201;43.63;1500;10239522139;S
20240430;102204;43.63;40;10239523385;S
20240430;102205;43.635;10;10239523539;B
20240430;102205;43.635;10;10239523540;B
20240430;102205;43.635;10;10239523541;B
20240430;102205;43.635;10;10239523542;B
20240430;102205;43.635;10;10239523543;B
20240430;102205;43.635;10;10239523544;B
20240430;102205;43.635;10;10239523545;B
20240430;102205;43.635;10;10239523546;B
20240430;102205;43.635;10;10239523547;B
20240430;102205;43.635;10;10239523548;B
20240430;102209;43.635;600;10239525303;S
20240430;102209;43.635;400;10239525304;S
20240430;102211;43.635;100;10239525660;S
20240430;102213;43.635;50;10239525846;B
20240430;102220;43.645;40;10239528161;B
20240430;102220;43.645;10;10239528162;B
20240430;102220;43.65;10;10239528163;B
20240430;102220;43.65;1440;10239528164;B
20240430;102229;43.65;10;10239530382;B
20240430;102236;43.65;700;10239532847;B
20240430;102239;43.645;10;10239533457;S
20240430;102240;43.645;10;10239533616;S
20240430;102240;43.645;10;10239534602;S
20240430;102241;43.65;10;10239534703;B
20240430;102241;43.65;20;10239534732;B
20240430;102243;43.645;10;10239535392;S
20240430;102243;43.65;30;10239535447;B
20240430;102244;43.645;10;10239535501;S
20240430;102250;43.645;10;10239537295;S
20240430;102251;43.645;10;10239537360;S
20240430;102252;43.645;10;10239537675;S
20240430;102255;43.645;10;10239537937;S
20240430;102255;43.645;10;10239537951;S
20240430;102259;43.64;20;10239540403;S
20240430;102304;43.64;50;10239541180;S
20240430;102311;43.64;30;10239543086;S
20240430;102317;43.645;10;10239544961;B
20240430;102317;43.645;10;10239544962;B
20240430;102317;43.645;10;10239544963;B
20240430;102317;43.645;10;10239544964;B
20240430;102317;43.645;10;10239544965;B
20240430;102317;43.645;10;10239544966;B
20240430;102317;43.645;10;10239544967;B
20240430;102317;43.645;10;10239544968;B
20240430;102317;43.645;10;10239544969;B
20240430;102317;43.645;10;10239544970;B
20240430;102317;43.645;10;10239544971;B
20240430;102317;43.645;10;10239544972;B
20240430;102318;43.645;10;10239546286;S
20240430;102319;43.65;290;10239546607;B
20240430;102321;43.645;10;10239546852;S
20240430;102325;43.65;10;10239547504;B
20240430;102327;43.645;30;10239548372;S
20240430;102327;43.645;10;10239548396;S
20240430;102328;43.65;30;10239548542;B
20240430;102329;43.65;850;10239548553;B
20240430;102331;43.645;10;10239548941;S
20240430;102331;43.65;10;10239548965;B
20240430;102332;43.645;10;10239550924;S
20240430;102333;43.65;900;10239551058;B
20240430;102334;43.65;2000;10239551195;B
20240430;102342;43.645;50;10239553197;S
20240430;102344;43.65;40;10239553340;B
20240430;102345;43.65;20;10239553382;B
20240430;102353;43.645;10;10239555624;S
20240430;102359;43.645;40;10239558075;S
20240430;102403;43.65;20;10239558437;B
20240430;102404;43.645;200;10239558723;S
20240430;102404;43.645;300;10239558724;S
20240430;102407;43.645;50;10239560123;S
20240430;102409;43.65;10;10239560229;B
20240430;102412;43.65;10;10239561369;B
20240430;102418;43.65;10;10239562035;B
20240430;102419;43.645;30;10239564186;S
20240430;102425;43.645;1460;10239565569;S
20240430;102425;43.645;860;10239565570;S
20240430;102425;43.645;180;10239565571;S
20240430;102427;43.645;100;10239567019;B
20240430;102427;43.65;900;10239567020;B
20240430;102437;43.645;10;10239570092;B
20240430;102438;43.645;10;10239570154;S
20240430;102439;43.645;10;10239570243;S
20240430;102440;43.645;10;10239570354;S
20240430;102441;43.645;10;10239570420;S
20240430;102441;43.645;10;10239570483;S
20240430;102442;43.64;20;10239570756;S
20240430;102449;43.64;180;10239573337;S
20240430;102449;43.64;10;10239573338;S
20240430;102449;43.64;170;10239573339;S
20240430;102451;43.64;100;10239573516;S
20240430;102451;43.64;400;10239573517;S
20240430;102451;43.64;20;10239573546;S
20240430;102504;43.645;10;10239576606;B
20240430;102510;43.64;10;10239578064;S
20240430;102511;43.64;10;10239578119;S
20240430;102511;43.64;10;10239578221;S
20240430;102512;43.64;10;10239578427;S
20240430;102515;43.64;10;10239579157;B
20240430;102515;43.64;10;10239579158;B
20240430;102515;43.64;10;10239579159;B
20240430;102515;43.645;10;10239579160;B
20240430;102515;43.645;10;10239579161;B
20240430;102515;43.645;10;10239579162;B
20240430;102515;43.645;10;10239579163;B
20240430;102515;43.645;10;10239579164;B
20240430;102515;43.645;10;10239579165;B
20240430;102515;43.645;10;10239579166;B
20240430;102515;43.645;10;10239579167;B
20240430;102515;43.645;10;10239579168;B
20240430;102515;43.645;10;10239579169;B
20240430;102515;43.645;10;10239579170;B
20240430;102515;43.645;10;10239579171;B
20240430;102515;43.645;10;10239579172;B
20240430;102515;43.645;10;10239579173;B
20240430;102515;43.645;10;10239579174;B
20240430;102515;43.645;10;10239579175;B
20240430;102515;43.645;10;10239579176;B
20240430;102515;43.645;10;10239579177;B
20240430;102515;43.645;10;10239579178;B
20240430;102515;43.645;10;10239579179;B
20240430;102515;43.645;270;10239579180;B
20240430;102518;43.64;150;10239579977;S
20240430;102518;43.64;70;10239579978;S
20240430;102519;43.645;290;10239580557;B
20240430;102538;43.635;250;10239586079;S
20240430;102540;43.635;10;10239587554;S
20240430;102545;43.635;10;10239589204;S
20240430;102547;43.64;10;10239589662;B
20240430;102555;43.635;100;10239592073;S
20240430;102558;43.64;10;10239593378;B
20240430;102558;43.64;10;10239593379;B
20240430;102558;43.64;10;10239593380;B
20240430;102558;43.64;10;10239593381;B
20240430;102558;43.64;10;10239593382;B
20240430;102558;43.64;10;10239593383;B
20240430;102608;43.64;30;10239598207;S
20240430;102608;43.64;20;10239598208;S
20240430;102612;43.635;100;10239599109;S
20240430;102612;43.64;10;10239599117;B
20240430;102612;43.64;10;10239599118;B
20240430;102612;43.64;10;10239599119;B
20240430;102618;43.64;10;10239600955;B
20240430;102618;43.64;10;10239600956;B
20240430;102618;43.64;10;10239600957;B
20240430;102618;43.64;10;10239600958;B
20240430;102618;43.64;10;10239600959;B
20240430;102618;43.64;10;10239600960;B
20240430;102618;43.64;10;10239600961;B
20240430;102618;43.64;10;10239600962;B
20240430;102618;43.645;20;10239600963;B
20240430;102618;43.645;80;10239600972;B
20240430;102618;43.645;20;10239600973;B
20240430;102620;43.635;50;10239601425;S
20240430;102620;43.635;70;10239601445;S
20240430;102643;43.635;10;10239606427;S
20240430;102645;43.65;30;10239606888;B
20240430;102708;43.64;70;10239609407;S
20240430;102711;43.64;2290;10239609732;S
20240430;102711;43.64;700;10239609733;S
20240430;102711;43.64;1600;10239609734;S
20240430;102711;43.635;50;10239609735;S
20240430;102711;43.635;30;10239609736;S
20240430;102711;43.635;14720;10239609737;S
20240430;102711;43.635;120;10239609738;S
20240430;102711;43.635;720;10239609739;S
20240430;102711;43.635;560;10239609740;S
20240430;102711;43.63;160;10239609741;S
20240430;102711;43.63;380;10239609742;S
20240430;102711;43.63;100;10239609743;S
20240430;102711;43.625;10;10239609744;S
20240430;102711;43.625;20;10239609745;S
20240430;102711;43.625;100;10239609746;S
20240430;102711;43.62;1000;10239609747;S
20240430;102711;43.615;6860;10239609748;S
20240430;102711;43.615;580;10239609749;S
20240430;102714;43.615;40;10239610075;S
20240430;102720;43.63;10;10239610632;S
20240430;102739;43.635;10;10239612423;B
20240430;102740;43.635;50;10239612493;B
20240430;102752;43.635;50;10239613545;B
20240430;102752;43.63;150;10239613575;S
20240430;102752;43.635;10;10239613600;B
20240430;102801;43.63;130;10239614388;S
20240430;102801;43.625;40;10239614389;S
20240430;102801;43.62;550;10239614390;S
20240430;102801;43.62;100;10239614391;S
20240430;102801;43.615;570;10239614392;S
20240430;102801;43.615;2110;10239614393;S
20240430;102801;43.63;20;10239614415;B
20240430;102803;43.63;70;10239614634;B
20240430;102807;43.63;30;10239614942;B
20240430;102830;43.62;10;10239616988;B
20240430;102830;43.62;10;10239616989;B
20240430;102830;43.62;10;10239616990;B
20240430;102830;43.62;10;10239616991;B
20240430;102830;43.62;10;10239616992;B
20240430;102841;43.62;10;10239617846;B
20240430;102841;43.62;10;10239617847;B
20240430;102841;43.62;10;10239617860;B
20240430;102847;43.615;20;10239618436;S
20240430;102847;43.615;480;10239618437;S
20240430;102850;43.615;20;10239618726;B
20240430;102852;43.61;10;10239618909;S
20240430;102858;43.615;20;10239619747;B
20240430;102900;43.61;10;10239619830;S
20240430;102901;43.61;30;10239619941;S
20240430;102903;43.61;1400;10239620051;S
20240430;102907;43.615;20;10239620401;B
20240430;102909;43.615;10;10239620533;B
20240430;102914;43.61;200;10239620925;S
20240430;102916;43.61;20;10239621316;S
20240430;102917;43.61;2400;10239621471;S
20240430;102917;43.615;20;10239621489;B
20240430;102919;43.615;290;10239621780;B
20240430;102921;43.61;20;10239621927;S
20240430;102929;43.615;10;10239622499;B
20240430;102929;43.615;20;10239622500;B
20240430;102930;43.615;20;10239622575;B
20240430;102931;43.61;20;10239622800;S
20240430;102932;43.61;800;10239622887;S
20240430;102938;43.615;10;10239623376;B
20240430;102938;43.615;10;10239623377;B
20240430;102940;43.615;10;10239623470;B
20240430;102940;43.615;10;10239623471;B
20240430;102940;43.615;10;10239623472;B
20240430;102940;43.615;10;10239623473;B
20240430;102940;43.615;10;10239623474;B
20240430;102940;43.615;10;10239623475;B
20240430;102940;43.615;10;10239623476;B
20240430;102940;43.615;10;10239623477;B
20240430;102940;43.615;10;10239623478;B
20240430;102940;43.615;10;10239623479;B
20240430;102944;43.615;10;10239623736;B
20240430;102944;43.615;20;10239623737;B
20240430;102952;43.615;50;10239624431;B
20240430;103001;43.615;50;10239625391;B
20240430;103003;43.615;10;10239625571;B
20240430;103003;43.61;30;10239625602;S
20240430;103009;43.615;20;10239626076;B
20240430;103011;43.61;40;10239626276;S
20240430;103011;43.615;30;10239626321;B
20240430;103013;43.615;50;10239626446;B
20240430;103015;43.615;20;10239626570;B
20240430;103017;43.615;180;10239626854;B
20240430;103019;43.615;30;10239627004;B
20240430;103026;43.615;50;10239627624;B
20240430;103026;43.61;10;10239627625;S
20240430;103028;43.615;30;10239627846;B
20240430;103035;43.615;50;10239628540;B
20240430;103041;43.615;650;10239629274;B
20240430;103041;43.615;10;10239629275;B
20240430;103041;43.615;10;10239629276;B
20240430;103041;43.615;10;10239629277;B
20240430;103041;43.615;10;10239629278;B
20240430;103041;43.615;10;10239629279;B
20240430;103041;43.615;10;10239629280;B
20240430;103041;43.615;10;10239629281;B
20240430;103041;43.615;10;10239629282;B
20240430;103041;43.615;10;10239629283;B
20240430;103041;43.615;100;10239629284;B
20240430;103041;43.615;10;10239629285;B
20240430;103041;43.615;10;10239629286;B
20240430;103041;43.615;10;10239629287;B
20240430;103041;43.615;10;10239629288;B
20240430;103041;43.615;10;10239629289;B
20240430;103041;43.615;1600;10239629290;B
20240430;103041;43.615;7510;10239629291;B
20240430;103045;43.615;10;10239629794;B
20240430;103045;43.615;10;10239629795;B
20240430;103045;43.615;30;10239629796;B
20240430;103051;43.61;10;10239630239;S
20240430;103056;43.61;20;10239630655;S
20240430;103058;43.615;20;10239630809;B
20240430;103059;43.615;30;10239630833;B
20240430;103059;43.61;30;10239630860;S
20240430;103101;43.615;2000;10239630995;B
20240430;103101;43.615;10;10239630998;B
20240430;103108;43.615;10;10239631759;B
20240430;103108;43.615;120;10239631760;B
20240430;103114;43.61;600;10239632398;S
20240430;103119;43.615;10;10239632826;B
20240430;103119;43.615;10;10239632827;B
20240430;103119;43.615;10;10239632828;B
20240430;103119;43.615;10;10239632829;B
20240430;103119;43.615;10;10239632830;B
20240430;103119;43.615;10;10239632831;B
20240430;103119;43.615;10;10239632832;B
20240430;103119;43.615;10;10239632833;B
20240430;103119;43.615;10;10239632834;B
20240430;103119;43.615;200;10239632835;B
20240430;103121;43.61;950;10239633115;S
20240430;103127;43.615;10;10239633620;B
20240430;103127;43.615;10;10239633621;B
20240430;103127;43.615;10;10239633622;B
20240430;103127;43.615;250;10239633623;B
20240430;103130;43.61;200;10239633946;S
20240430;103130;43.61;2950;10239634045;S
20240430;103130;43.61;50;10239634046;S
20240430;103130;43.61;30;10239634047;S
20240430;103130;43.61;100;10239634048;S
20240430;103130;43.61;2000;10239634049;S
20240430;103130;43.61;640;10239634050;S
20240430;103130;43.61;340;10239634051;S
20240430;103135;43.61;510;10239634445;S
20240430;103135;43.61;10;10239634446;S
20240430;103137;43.61;10;10239634593;S
20240430;103139;43.61;60;10239634766;S
20240430;103142;43.61;220;10239634980;S
20240430;103143;43.615;20;10239634994;B
20240430;103143;43.61;10;10239635038;S
20240430;103146;43.61;340;10239635294;S
20240430;103147;43.6;10;10239635368;S
20240430;103159;43.6;20;10239637518;S
20240430;103210;43.605;310;10239638478;B
20240430;103212;43.6;20;10239638812;S
20240430;103219;43.6;30;10239639647;S
20240430;103219;43.6;100;10239639648;S
20240430;103219;43.6;10;10239639649;S
20240430;103219;43.6;30;10239639650;S
20240430;103219;43.6;60;10239639651;S
20240430;103220;43.605;10;10239639694;B
20240430;103223;43.6;10;10239639895;S
20240430;103224;43.605;10;10239640003;B
20240430;103235;43.605;60;10239640835;B
20240430;103240;43.6;430;10239641189;S
20240430;103240;43.6;100;10239641190;S
20240430;103240;43.6;10;10239641191;S
20240430;103240;43.6;760;10239641192;S
20240430;103254;43.6;200;10239642178;S
20240430;103256;43.605;30;10239642449;B
20240430;103304;43.6;70;10239642992;S
20240430;103306;43.605;10;10239643150;B
20240430;103306;43.6;50;10239643188;S
20240430;103307;43.605;10;10239643237;B
20240430;103313;43.6;10;10239643681;S
20240430;103314;43.6;10;10239643742;S
20240430;103314;43.6;120;10239643743;S
20240430;103314;43.6;10;10239643767;S
20240430;103315;43.6;10;10239643830;S
20240430;103317;43.6;120;10239643963;S
20240430;103319;43.605;40;10239644212;B
20240430;103319;43.605;10;10239644213;B
20240430;103319;43.605;10;10239644214;B
20240430;103319;43.605;10;10239644215;B
20240430;103319;43.605;10;10239644216;B
20240430;103319;43.605;210;10239644217;B
20240430;103322;43.6;10;10239644508;S
20240430;103323;43.605;20;10239644526;B
20240430;103324;43.6;10;10239644625;S
20240430;103325;43.6;10;10239644740;S
20240430;103325;43.6;10;10239644798;S
20240430;103326;43.6;10;10239644869;S
20240430;103326;43.6;20;10239644913;S
20240430;103326;43.6;10;10239644947;S
20240430;103328;43.6;10;10239645109;S
20240430;103328;43.6;950;10239645159;S
20240430;103328;43.6;3000;10239645160;S
20240430;103328;43.6;10;10239645161;S
20240430;103328;43.6;90;10239645162;S
20240430;103328;43.6;10;10239645163;S
20240430;103328;43.6;40;10239645164;S
20240430;103328;43.6;50;10239645165;S
20240430;103328;43.6;600;10239645166;S
20240430;103332;43.595;10;10239645433;S
20240430;103332;43.595;140;10239645451;B
20240430;103338;43.59;20;10239645790;S
20240430;103340;43.59;30;10239645903;S
20240430;103340;43.59;70;10239645904;S
20240430;103345;43.595;20;10239646413;B
20240430;103345;43.59;90;10239646429;S
20240430;103345;43.595;10;10239646430;B
20240430;103349;43.59;90;10239646713;S
20240430;103352;43.595;20;10239646995;B
20240430;103353;43.595;500;10239647074;B
20240430;103355;43.59;900;10239647216;S
20240430;103359;43.595;10;10239647432;B
20240430;103403;43.59;20;10239647776;S
20240430;103405;43.59;3830;10239647986;S
20240430;103405;43.59;10;10239647987;S
20240430;103407;43.59;700;10239648148;B
20240430;103411;43.585;10;10239648493;S
20240430;103419;43.585;30;10239649357;S
20240430;103421;43.585;100;10239649601;S
20240430;103422;43.585;10;10239649629;S
20240430;103424;43.585;60;10239649828;S
20240430;103424;43.58;100;10239649829;S
20240430;103424;43.58;10;10239649830;S
20240430;103424;43.575;100;10239649831;S
20240430;103424;43.575;30;10239649832;S
20240430;103424;43.575;2200;10239649833;S
20240430;103430;43.57;500;10239650338;S
20240430;103436;43.57;10;10239650862;S
20240430;103442;43.57;10;10239651659;S
20240430;103443;43.57;20;10239651744;S
20240430;103452;43.575;10;10239652491;B
20240430;103457;43.57;6250;10239653411;S
20240430;103458;43.575;100;10239653502;B
20240430;103458;43.575;100;10239653503;B
20240430;103502;43.57;60;10239653860;S
20240430;103504;43.57;100;10239654081;S
20240430;103518;43.57;2010;10239655420;S
20240430;103518;43.57;800;10239655421;S
20240430;103518;43.57;50;10239655422;S
20240430;103518;43.57;130;10239655423;S
20240430;103518;43.565;10;10239655424;S
20240430;103519;43.565;290;10239655582;B
20240430;103532;43.56;30;10239656852;S
20240430;103537;43.565;10;10239657339;B
20240430;103549;43.565;20;10239658553;B
20240430;103553;43.565;130;10239659031;B
20240430;103553;43.565;200;10239659032;B
20240430;103553;43.565;100;10239659033;B
20240430;103553;43.565;100;10239659034;B
20240430;103553;43.565;470;10239659035;B
20240430;103557;43.56;20;10239659370;S
20240430;103557;43.56;1000;10239659371;S
20240430;103557;43.56;500;10239659372;S
20240430;103557;43.56;10;10239659373;S
20240430;103557;43.555;150;10239659374;S
20240430;103557;43.555;100;10239659375;S
20240430;103557;43.555;670;10239659376;S
20240430;103601;43.56;10;10239659791;S
20240430;103601;43.56;10;10239659801;B
20240430;103620;43.55;10;10239662174;S
20240430;103620;43.55;100;10239662175;S
20240430;103620;43.55;30;10239662176;S
20240430;103620;43.55;30;10239662177;S
20240430;103636;43.55;30;10239664286;S
20240430;103637;43.55;30;10239664352;S
20240430;103637;43.555;20;10239664392;B
20240430;103645;43.555;100;10239665011;B
20240430;103647;43.555;10;10239665188;B
20240430;103651;43.55;30;10239665533;S
20240430;103654;43.55;240;10239665796;S
20240430;103654;43.55;200;10239665804;S
20240430;103655;43.555;20;10239665889;B
20240430;103657;43.55;4440;10239666037;S
20240430;103657;43.55;20;10239666038;S
20240430;103657;43.55;7030;10239666039;S
20240430;103658;43.55;10;10239666160;B
20240430;103701;43.55;5000;10239666641;B
20240430;103702;43.55;1000;10239666685;B
20240430;103709;43.545;10;10239667322;S
20240430;103709;43.545;30;10239667323;S
20240430;103709;43.545;1000;10239667324;S
20240430;103709;43.545;200;10239667325;S
20240430;103709;43.54;500;10239667326;S
20240430;103709;43.54;20;10239667327;S
20240430;103709;43.54;1000;10239667328;S
20240430;103709;43.535;1000;10239667329;S
20240430;103709;43.535;1050;10239667330;S
20240430;103709;43.535;190;10239667331;S
20240430;103716;43.535;30;10239668417;S
20240430;103719;43.54;290;10239668714;B
20240430;103726;43.535;1780;10239669673;S
20240430;103726;43.535;30;10239669674;S
20240430;103726;43.535;170;10239669675;S
20240430;103733;43.54;250;10239670416;B
20240430;103736;43.54;10;10239670715;B
20240430;103736;43.54;10;10239670716;B
20240430;103736;43.54;10;10239670717;B
20240430;103736;43.54;10;10239670718;B
20240430;103736;43.54;10;10239670719;B
20240430;103736;43.54;10;10239670720;B
20240430;103736;43.54;10;10239670721;B
20240430;103736;43.545;640;10239670722;B
20240430;103736;43.55;290;10239670723;B
20240430;103740;43.54;10;10239671437;B
20240430;103740;43.54;10;10239671438;B
20240430;103740;43.54;10;10239671439;B
20240430;103740;43.54;10;10239671440;B
20240430;103740;43.54;10;10239671441;B
20240430;103740;43.54;10;10239671442;B
20240430;103740;43.54;10;10239671443;B
20240430;103740;43.545;80;10239671444;B
20240430;103741;43.54;10;10239671699;B
20240430;103747;43.535;10;10239672574;S
20240430;103756;43.54;10;10239673492;B
20240430;103756;43.54;10;10239673493;B
20240430;103756;43.54;10;10239673494;B
20240430;103756;43.54;10;10239673495;B
20240430;103756;43.54;10;10239673496;B
20240430;103756;43.54;10;10239673497;B
20240430;103756;43.54;10;10239673498;B
20240430;103756;43.54;10;10239673499;B
20240430;103756;43.54;10;10239673500;B
20240430;103756;43.54;10;10239673501;B
20240430;103756;43.54;10;10239673502;B
20240430;103756;43.54;10;10239673503;B
20240430;103756;43.54;50;10239673504;B
20240430;103800;43.535;20;10239673934;S
20240430;103801;43.54;1000;10239674058;B
20240430;103801;43.54;80;10239674091;B
20240430;103805;43.535;230;10239674777;S
20240430;103805;43.535;2770;10239674778;S
20240430;103809;43.535;20;10239675307;S
20240430;103810;43.535;40;10239675378;S
20240430;103812;43.54;120;10239675706;B
20240430;103816;43.535;30;10239676246;S
20240430;103820;43.535;70;10239676964;S
20240430;103823;43.54;180;10239677623;B
20240430;103824;43.54;10;10239677759;B
20240430;103825;43.535;2600;10239677846;S
20240430;103828;43.54;1000;10239678215;B
20240430;103837;43.535;790;10239679197;S
20240430;103840;43.54;520;10239679401;B
20240430;103840;43.54;650;10239679402;B
20240430;103840;43.54;10;10239679403;B
20240430;103840;43.54;10;10239679404;B
20240430;103840;43.54;10;10239679405;B
20240430;103840;43.54;10;10239679406;B
20240430;103840;43.54;10;10239679407;B
20240430;103840;43.54;10;10239679408;B
20240430;103840;43.54;10;10239679409;B
20240430;103840;43.54;10;10239679410;B
20240430;103840;43.54;10;10239679411;B
20240430;103840;43.54;10;10239679412;B
20240430;103840;43.54;10;10239679413;B
20240430;103840;43.54;10;10239679414;B
20240430;103840;43.54;10;10239679415;B
20240430;103840;43.54;10;10239679416;B
20240430;103840;43.54;10;10239679417;B
20240430;103840;43.54;10;10239679418;B
20240430;103840;43.54;10;10239679419;B
20240430;103840;43.54;10;10239679420;B
20240430;103840;43.54;10;10239679421;B
20240430;103840;43.54;10;10239679422;B
20240430;103840;43.54;10;10239679423;B
20240430;103840;43.54;10;10239679424;B
20240430;103840;43.54;10;10239679425;B
20240430;103840;43.54;10;10239679426;B
20240430;103840;43.54;10;10239679427;B
20240430;103840;43.54;10;10239679428;B
20240430;103840;43.54;10;10239679429;B
20240430;103840;43.54;10;10239679430;B
20240430;103840;43.54;10;10239679431;B
20240430;103840;43.54;10;10239679432;B
20240430;103840;43.54;10;10239679433;B
20240430;103840;43.54;10;10239679434;B
20240430;103840;43.54;10;10239679435;B
20240430;103840;43.54;10;10239679436;B
20240430;103840;43.54;10;10239679437;B
20240430;103840;43.54;10;10239679438;B
20240430;103840;43.54;10;10239679439;B
20240430;103840;43.54;10;10239679440;B
20240430;103840;43.54;10;10239679441;B
20240430;103840;43.54;10;10239679442;B
20240430;103840;43.54;10;10239679443;B
20240430;103840;43.54;10;10239679444;B
20240430;103840;43.54;10;10239679445;B
20240430;103840;43.54;10;10239679446;B
20240430;103840;43.54;10;10239679447;B
20240430;103840;43.54;10;10239679448;B
20240430;103840;43.54;10;10239679449;B
20240430;103840;43.54;10;10239679450;B
20240430;103840;43.54;10;10239679451;B
20240430;103840;43.54;10;10239679452;B
20240430;103840;43.54;10;10239679453;B
20240430;103840;43.54;10;10239679454;B
20240430;103840;43.54;10;10239679455;B
20240430;103840;43.54;10;10239679456;B
20240430;103840;43.54;10;10239679457;B
20240430;103840;43.54;10;10239679458;B
20240430;103840;43.54;10;10239679459;B
20240430;103840;43.54;10;10239679460;B
20240430;103840;43.54;10;10239679461;B
20240430;103840;43.54;290;10239679462;B
20240430;103840;43.535;4660;10239679569;S
20240430;103842;43.54;10;10239679677;B
20240430;103842;43.54;10;10239679678;B
20240430;103842;43.54;60;10239679715;S
20240430;103843;43.54;10;10239679819;S
20240430;103844;43.54;40;10239680136;S
20240430;103850;43.54;600;10239680555;S
20240430;103853;43.54;270;10239681043;S
20240430;103853;43.54;60;10239681045;B
20240430;103857;43.535;100;10239681481;S
20240430;103859;43.54;650;10239681710;B
20240430;103859;43.545;350;10239681711;B
20240430;103901;43.545;40;10239681804;B
20240430;103903;43.535;10;10239682093;S
20240430;103913;43.535;2210;10239683413;S
20240430;103913;43.535;40;10239683414;S
20240430;103913;43.535;100;10239683415;S
20240430;103913;43.535;500;10239683416;S
20240430;103913;43.535;150;10239683417;S
20240430;103913;43.535;30;10239683418;S
20240430;103913;43.535;20;10239683419;S
20240430;103916;43.535;30;10239683656;B
20240430;103919;43.535;290;10239683977;B
20240430;103921;43.53;1200;10239684149;S
20240430;103921;43.53;700;10239684150;S
20240430;103922;43.53;250;10239684234;S
20240430;103922;43.53;40;10239684250;S
20240430;103922;43.53;20;10239684280;S
20240430;103938;43.535;130;10239686117;B
20240430;103938;43.535;70;10239686118;B
20240430;103943;43.535;10;10239686596;B
20240430;103944;43.535;10;10239686645;B
20240430;103945;43.535;10;10239686685;B
20240430;103949;43.53;3000;10239687394;S
20240430;103957;43.535;50;10239688289;B
20240430;103957;43.535;110;10239688290;B
20240430;103957;43.535;30;10239688291;B
20240430;103957;43.535;40;10239688292;B
20240430;103957;43.535;10;10239688293;B
20240430;103957;43.535;40;10239688294;B
20240430;103957;43.535;10;10239688295;B
20240430;103957;43.535;840;10239688296;B
20240430;103957;43.535;100;10239688297;B
20240430;104001;43.54;20;10239688661;S
20240430;104001;43.535;1000;10239688662;S
20240430;104003;43.54;200;10239688821;B
20240430;104009;43.545;50;10239690051;B
20240430;104010;43.545;10;10239690104;B
20240430;104010;43.54;530;10239690131;S
20240430;104012;43.54;400;10239690422;S
20240430;104012;43.54;10;10239690423;S
20240430;104013;43.535;50;10239690532;S
20240430;104017;43.545;30;10239691110;B
20240430;104018;43.54;30;10239691194;S
20240430;104035;43.54;20;10239693054;S
20240430;104037;43.54;50;10239693288;S
20240430;104037;43.54;50;10239693289;S
20240430;104043;43.54;80;10239693801;S
20240430;104047;43.54;370;10239694077;S
20240430;104047;43.54;3000;10239694078;S
20240430;104047;43.54;300;10239694079;S
20240430;104048;43.54;200;10239694194;B
20240430;104050;43.545;270;10239694346;B
20240430;104050;43.545;30;10239694347;B
20240430;104050;43.54;400;10239694350;S
20240430;104052;43.54;50;10239694541;S
20240430;104056;43.545;30;10239694766;B
20240430;104059;43.545;10;10239694997;B
20240430;104107;43.54;70;10239695744;S
20240430;104107;43.54;410;10239695745;S
20240430;104107;43.545;1530;10239695808;B
20240430;104107;43.545;470;10239695809;B
20240430;104113;43.54;2900;10239696301;S
20240430;104116;43.545;80;10239696580;B
20240430;104119;43.545;300;10239696880;B
20240430;104134;43.545;620;10239698043;B
20240430;104134;43.545;10;10239698044;B
20240430;104134;43.545;10;10239698045;B
20240430;104134;43.545;10;10239698046;B
20240430;104134;43.545;10;10239698047;B
20240430;104134;43.545;10;10239698048;B
20240430;104134;43.545;10;10239698049;B
20240430;104134;43.545;10;10239698050;B
20240430;104134;43.545;10;10239698051;B
20240430;104134;43.545;10;10239698052;B
20240430;104134;43.545;50;10239698053;B
20240430;104134;43.545;50;10239698054;B
20240430;104134;43.545;50;10239698055;B
20240430;104134;43.545;50;10239698056;B
20240430;104134;43.545;30;10239698057;B
20240430;104134;43.545;50;10239698058;B
20240430;104134;43.545;50;10239698059;B
20240430;104134;43.545;50;10239698060;B
20240430;104134;43.545;50;10239698061;B
20240430;104134;43.545;50;10239698062;B
20240430;104134;43.545;50;10239698063;B
20240430;104134;43.545;50;10239698064;B
20240430;104134;43.545;50;10239698065;B
20240430;104134;43.545;50;10239698066;B
20240430;104134;43.545;50;10239698067;B
20240430;104134;43.545;50;10239698068;B
20240430;104134;43.545;50;10239698069;B
20240430;104134;43.545;50;10239698070;B
20240430;104134;43.545;50;10239698071;B
20240430;104134;43.545;50;10239698072;B
20240430;104134;43.545;50;10239698073;B
20240430;104134;43.545;50;10239698074;B
20240430;104134;43.545;50;10239698075;B
20240430;104134;43.545;50;10239698076;B
20240430;104134;43.545;50;10239698077;B
20240430;104134;43.545;50;10239698078;B
20240430;104134;43.545;50;10239698079;B
20240430;104134;43.545;50;10239698080;B
20240430;104134;43.545;50;10239698081;B
20240430;104134;43.545;50;10239698082;B
20240430;104134;43.545;50;10239698083;B
20240430;104134;43.545;50;10239698084;B
20240430;104134;43.545;50;10239698085;B
20240430;104134;43.545;50;10239698086;B
20240430;104134;43.545;50;10239698087;B
20240430;104134;43.545;50;10239698088;B
20240430;104134;43.545;50;10239698089;B
20240430;104134;43.545;50;10239698090;B
20240430;104134;43.545;50;10239698091;B
20240430;104134;43.545;50;10239698092;B
20240430;104134;43.545;50;10239698093;B
20240430;104134;43.545;50;10239698094;B
20240430;104134;43.55;2210;10239698095;B
20240430;104134;43.55;10;10239698096;B
20240430;104134;43.55;380;10239698097;B
20240430;104134;43.55;810;10239698098;B
20240430;104134;43.55;4150;10239698099;B
20240430;104134;43.55;850;10239698100;B
20240430;104135;43.545;50;10239698127;S
20240430;104143;43.565;200;10239698881;B
20240430;104154;43.57;200;10239699816;B
20240430;104154;43.57;190;10239699817;B
20240430;104201;43.57;2100;10239700394;B
20240430;104202;43.565;10;10239700492;S
20240430;104203;43.57;90;10239700593;B
20240430;104207;43.565;10;10239700901;S
20240430;104207;43.565;900;10239700902;S
20240430;104207;43.565;90;10239700903;S
20240430;104209;43.565;20;10239701048;S
20240430;104209;43.565;1980;10239701049;S
20240430;104228;43.57;2200;10239702501;B
20240430;104228;43.57;6860;10239702502;B
20240430;104228;43.57;100;10239702503;B
20240430;104228;43.575;840;10239702504;B
20240430;104228;43.57;2290;10239702555;B
20240430;104228;43.575;8530;10239702556;B
20240430;104228;43.575;380;10239702557;B
20240430;104228;43.575;790;10239702558;B
20240430;104228;43.58;20;10239702559;B
20240430;104228;43.585;200;10239702560;B
20240430;104228;43.585;500;10239702561;B
20240430;104233;43.575;30;10239702895;S
20240430;104238;43.575;10;10239703272;B
20240430;104241;43.565;50;10239703497;S
20240430;104244;43.575;1010;10239703687;B
20240430;104244;43.575;980;10239703688;B
20240430;104248;43.58;10;10239703984;B
20240430;104248;43.585;290;10239703985;B
20240430;104254;43.585;50;10239704367;B
20240430;104302;43.585;1500;10239704948;B
20240430;104305;43.575;300;10239705096;S
20240430;104306;43.575;10;10239705154;B
20240430;104312;43.58;20;10239705528;B
20240430;104312;43.585;70;10239705529;B
20240430;104312;43.585;10;10239705530;B
20240430;104312;43.585;770;10239705531;B
20240430;104312;43.59;130;10239705532;B
20240430;104313;43.575;10;10239705609;B
20240430;104314;43.575;10;10239705695;B
20240430;104322;43.59;10;10239706141;B
20240430;104327;43.59;1870;10239706413;B
20240430;104328;43.585;10;10239706483;S
20240430;104329;43.585;140;10239706542;S
20240430;104330;43.585;140;10239706570;S
20240430;104330;43.58;2000;10239706571;S
20240430;104330;43.58;760;10239706572;S
20240430;104330;43.58;2610;10239706573;S
20240430;104330;43.57;200;10239706574;S
20240430;104330;43.57;4290;10239706575;B
20240430;104335;43.585;10;10239706989;B
20240430;104341;43.585;10;10239707448;B
20240430;104341;43.585;90;10239707449;B
20240430;104357;43.59;500;10239708567;B
20240430;104404;43.585;60;10239709136;S
20240430;104405;43.59;30;10239709161;B
20240430;104410;43.585;1540;10239709484;S
20240430;104410;43.585;760;10239709485;S
20240430;104410;43.585;10;10239709486;S
20240430;104410;43.585;10;10239709487;S
20240430;104414;43.585;9680;10239709913;B
20240430;104414;43.59;600;10239709914;B
20240430;104414;43.59;500;10239709915;B
20240430;104414;43.59;200;10239709916;B
20240430;104416;43.595;300;10239709991;B
20240430;104419;43.6;10;10239710267;B
20240430;104424;43.6;30;10239710701;B
20240430;104424;43.6;1000;10239710702;B
20240430;104424;43.6;10;10239710703;B
20240430;104424;43.6;300;10239710704;B
20240430;104424;43.6;300;10239710705;B
20240430;104424;43.605;100;10239710752;S
20240430;104428;43.61;150;10239711014;B
20240430;104428;43.615;10;10239711015;B
20240430;104428;43.615;2290;10239711016;B
20240430;104428;43.615;750;10239711017;B
20240430;104428;43.615;600;10239711018;B
20240430;104428;43.62;8370;10239711019;B
20240430;104428;43.62;40;10239711020;B
20240430;104428;43.62;1000;10239711021;B
20240430;104428;43.62;1790;10239711022;B
20240430;104430;43.61;10;10239711130;S
20240430;104430;43.61;10;10239711131;S
20240430;104430;43.605;1600;10239711132;S
20240430;104430;43.605;750;10239711133;S
20240430;104430;43.6;2580;10239711134;S
20240430;104430;43.6;690;10239711135;S
20240430;104430;43.6;100;10239711136;S
20240430;104430;43.595;10;10239711137;S
20240430;104430;43.595;10;10239711138;S
20240430;104430;43.595;1240;10239711139;B
20240430;104439;43.595;40;10239711672;B
20240430;104439;43.595;10;10239711673;B
20240430;104456;43.61;10;10239712842;B
20240430;104503;43.6;740;10239713399;B
20240430;104503;43.6;520;10239713400;B
20240430;104503;43.6;1000;10239713401;B
20240430;104503;43.61;640;10239713402;B
20240430;104503;43.61;1600;10239713403;B
20240430;104503;43.61;500;10239713404;B
20240430;104515;43.6;10;10239714372;B
20240430;104516;43.6;40;10239714416;B
20240430;104519;43.6;290;10239714643;B
20240430;104539;43.6;10;10239715733;B
20240430;104539;43.6;1590;10239715759;B
20240430;104539;43.6;730;10239715760;B
20240430;104603;43.605;2290;10239717026;B
20240430;104603;43.605;530;10239717027;B
20240430;104606;43.605;40;10239717173;B
20240430;104616;43.605;10;10239717646;B
20240430;104620;43.6;50;10239717999;S
20240430;104622;43.61;3000;10239718057;B
20240430;104631;43.61;8250;10239718577;B
20240430;104631;43.61;740;10239718578;B
20240430;104631;43.615;40;10239718579;B
20240430;104631;43.62;600;10239718580;B
20240430;104631;43.625;1000;10239718581;B
20240430;104631;43.63;10;10239718582;B
20240430;104631;43.63;2290;10239718583;B
20240430;104631;43.635;10;10239718584;B
20240430;104631;43.635;1050;10239718585;B
20240430;104631;43.635;1600;10239718586;B
20240430;104631;43.635;9410;10239718587;B
20240430;104645;43.62;100;10239720363;B
20240430;104645;43.62;100;10239720364;B
20240430;104717;43.615;400;10239724822;S
20240430;104719;43.62;290;10239725144;B
20240430;104727;43.615;10;10239726483;B
20240430;104733;43.615;200;10239727061;B
20240430;104736;43.615;90;10239727394;B
20240430;104742;43.615;10;10239728063;B
20240430;104744;43.615;10;10239728434;B
20240430;104744;43.615;30;10239728435;B
20240430;104744;43.615;10;10239728436;B
20240430;104744;43.615;20;10239728439;B
20240430;104744;43.615;20;10239728442;B
20240430;104744;43.615;10;10239728444;B
20240430;104744;43.615;10;10239728447;B
20240430;104746;43.615;30;10239728583;B
20240430;104747;43.61;1000;10239728717;S
20240430;104747;43.605;10;10239728781;B
20240430;104747;43.605;10;10239728783;B
20240430;104747;43.605;10;10239728784;B
20240430;104747;43.605;40;10239728785;B
20240430;104747;43.605;20;10239728786;B
20240430;104750;43.6;10;10239729499;S
20240430;104753;43.605;10;10239730358;B
20240430;104756;43.6;30;10239730681;S
20240430;104812;43.605;10;10239733414;B
20240430;104817;43.605;30;10239734059;B
20240430;104818;43.605;50;10239734309;S
20240430;104820;43.61;10;10239734535;B
20240430;104826;43.605;10;10239735251;S
20240430;104826;43.605;700;10239735266;S
20240430;104826;43.605;200;10239735270;S
20240430;104828;43.61;50;10239735469;B
20240430;104833;43.61;400;10239736061;B
20240430;104834;43.605;10;10239736176;S
20240430;104841;43.605;20;10239736903;S
20240430;104842;43.605;10;10239736985;B
20240430;104845;43.6;100;10239737202;S
20240430;104855;43.6;100;10239737990;S
20240430;104908;43.605;110;10239739016;B
20240430;104911;43.6;300;10239739239;S
20240430;104919;43.605;290;10239740260;B
20240430;104922;43.605;20;10239740499;B
20240430;104927;43.6;50;10239740934;S
20240430;104932;43.6;10;10239741510;S
20240430;104934;43.6;100;10239741680;S
20240430;104936;43.6;7130;10239741832;S
20240430;104936;43.6;2870;10239741833;S
20240430;104936;43.6;1000;10239741834;S
20240430;104941;43.605;190;10239742572;B
20240430;104941;43.605;210;10239742573;B
20240430;104946;43.6;450;10239743159;S
20240430;104947;43.605;20;10239743326;B
20240430;104950;43.605;10;10239743528;B
20240430;104952;43.605;10;10239743708;B
20240430;104953;43.605;40;10239743931;B
20240430;104953;43.6;190;10239743932;S
20240430;104955;43.6;500;10239744039;S
20240430;104955;43.605;1240;10239744040;B
20240430;104955;43.605;30;10239744097;B
20240430;104958;43.6;610;10239744409;S
20240430;105007;43.605;100;10239745160;B
20240430;105012;43.6;10;10239745566;S
20240430;105022;43.6;550;10239746359;S
20240430;105023;43.6;90;10239746523;S
20240430;105024;43.605;100;10239746664;B
20240430;105033;43.605;340;10239747310;B
20240430;105033;43.605;1080;10239747311;B
20240430;105033;43.605;1050;10239747312;B
20240430;105042;43.61;110;10239747882;B
20240430;105047;43.615;10;10239748173;B
20240430;105051;43.605;2470;10239748431;S
20240430;105051;43.605;690;10239748432;S
20240430;105052;43.61;10;10239748557;B
20240430;105057;43.605;10;10239749018;B
20240430;105105;43.605;2480;10239749736;B
20240430;105109;43.605;10;10239750054;S
20240430;105119;43.615;290;10239750818;B
20240430;105124;43.605;40;10239751251;S
20240430;105134;43.605;50;10239752100;S
20240430;105134;43.605;50;10239752101;S
20240430;105141;43.61;10;10239752666;B
20240430;105149;43.61;40;10239753377;B
20240430;105200;43.61;10;10239754238;B
20240430;105200;43.61;1600;10239754239;B
20240430;105200;43.615;550;10239754240;B
20240430;105200;43.615;1690;10239754241;B
20240430;105211;43.62;10;10239755140;B
20240430;105235;43.61;30;10239757329;S
20240430;105235;43.61;70;10239757330;S
20240430;105246;43.61;10;10239758289;S
20240430;105246;43.61;20;10239758331;S
20240430;105251;43.605;10;10239758817;S
20240430;105256;43.605;20;10239759169;S
20240430;105301;43.605;10;10239759700;S
20240430;105306;43.605;10;10239760326;S
20240430;105310;43.615;1000;10239760895;B
20240430;105311;43.605;10;10239761013;S
20240430;105316;43.605;10;10239762062;S
20240430;105321;43.615;10;10239763508;S
20240430;105323;43.62;10;10239764039;B
20240430;105326;43.615;10;10239764839;S
20240430;105331;43.615;20;10239766228;S
20240430;105331;43.62;510;10239766372;B
20240430;105336;43.615;10;10239767626;S
20240430;105344;43.62;30;10239769598;B
20240430;105348;43.615;10;10239770396;S
20240430;105351;43.615;10;10239770840;S
20240430;105353;43.62;10950;10239771339;S
20240430;105353;43.615;220;10239771340;S
20240430;105353;43.61;3380;10239771341;S
20240430;105353;43.61;1020;10239771342;S
20240430;105353;43.605;10;10239771343;S
20240430;105353;43.605;380;10239771344;S
20240430;105353;43.6;2300;10239771345;S
20240430;105359;43.615;50;10239772192;B
20240430;105417;43.61;700;10239774469;S
20240430;105444;43.61;30;10239777379;S
20240430;105447;43.61;240;10239777733;S
20240430;105450;43.61;650;10239777936;S
20240430;105458;43.615;10;10239779053;B
20240430;105501;43.615;10;10239779324;B
20240430;105501;43.615;10;10239779325;B
20240430;105501;43.615;10;10239779326;B
20240430;105502;43.61;9390;10239779438;S
20240430;105519;43.615;10;10239780727;B
20240430;105519;43.615;10;10239780728;B
20240430;105519;43.615;270;10239780729;B
20240430;105523;43.615;10;10239781150;B
20240430;105524;43.615;30;10239781266;B
20240430;105535;43.61;2000;10239782377;S
20240430;105538;43.61;100;10239782773;S
20240430;105538;43.61;5000;10239782774;S
20240430;105538;43.61;190;10239782775;S
20240430;105538;43.61;10;10239782776;S
20240430;105538;43.605;520;10239782777;S
20240430;105541;43.605;2850;10239783009;S
20240430;105542;43.605;20;10239783096;S
20240430;105543;43.605;10;10239783156;S
20240430;105545;43.605;20;10239783292;S
20240430;105551;43.605;10;10239783606;S
20240430;105556;43.605;30;10239783902;S
20240430;105605;43.605;1100;10239784504;S
20240430;105613;43.605;30;10239785158;S
20240430;105624;43.605;10;10239785888;S
20240430;105630;43.61;400;10239786183;B
20240430;105640;43.61;10;10239786994;B
20240430;105651;43.6;450;10239787868;S
20240430;105659;43.6;340;10239788942;S
20240430;105714;43.61;10;10239790020;B
20240430;105715;43.6;180;10239790074;S
20240430;105719;43.61;290;10239790417;B
20240430;105741;43.6;3000;10239792496;S
20240430;105755;43.6;20;10239793616;S
20240430;105809;43.605;40;10239794537;B
20240430;105815;43.6;100;10239794966;S
20240430;105816;43.605;10;10239795021;B
20240430;105833;43.605;40;10239796077;B
20240430;105842;43.605;50;10239796589;B
20240430;105842;43.605;960;10239796590;B
20240430;105913;43.605;3660;10239798618;S
20240430;105919;43.61;300;10239799459;B
20240430;105922;43.605;10;10239799653;S
20240430;105925;43.605;60;10239799851;S
20240430;105929;43.605;1000;10239800175;S
20240430;105932;43.605;570;10239800500;S
20240430;105932;43.605;200;10239800533;S
20240430;105935;43.605;10;10239800691;S
20240430;105937;43.61;10;10239800794;B
20240430;105945;43.61;10;10239801309;B
20240430;105946;43.605;100;10239801436;S
20240430;105947;43.61;480;10239801489;B
20240430;105947;43.61;520;10239801490;B
20240430;105949;43.605;40;10239801594;S
20240430;105949;43.605;1140;10239801704;S
20240430;105955;43.61;100;10239802215;B
20240430;110000;43.605;100;10239802650;S
20240430;110001;43.605;20;10239802689;S
20240430;110001;43.605;100;10239802846;S
20240430;110001;43.605;200;10239802859;S
20240430;110002;43.605;10;10239802972;S
20240430;110002;43.605;100;10239803007;S
20240430;110002;43.605;100;10239803008;S
20240430;110003;43.605;150;10239803142;S
20240430;110003;43.605;50;10239803144;S
20240430;110003;43.605;100;10239803147;S
20240430;110006;43.605;10;10239803716;S
20240430;110011;43.605;100;10239805020;S
20240430;110011;43.61;140;10239805081;B
20240430;110012;43.605;100;10239805353;S
20240430;110019;43.605;10;10239806821;S
20240430;110022;43.605;350;10239807536;S
20240430;110022;43.6;290;10239807537;S
20240430;110034;43.605;10;10239810374;B
20240430;110048;43.6;90;10239813789;S
20240430;110051;43.6;110;10239814334;S
20240430;110051;43.6;1200;10239814403;S
20240430;110052;43.6;10;10239814733;S
20240430;110113;43.6;20;10239820115;S
20240430;110119;43.6;500;10239821802;S
20240430;110124;43.6;470;10239823022;S
20240430;110124;43.6;530;10239823023;S
20240430;110126;43.6;110;10239823467;S
20240430;110145;43.6;360;10239828395;S
20240430;110145;43.6;10;10239828396;S
20240430;110145;43.6;10;10239828397;S
20240430;110145;43.6;10;10239828398;S
20240430;110145;43.6;180;10239828399;S
20240430;110150;43.6;30;10239829397;S
20240430;110154;43.605;800;10239830422;B
20240430;110205;43.6;970;10239832992;S
20240430;110214;43.6;10;10239834774;S
20240430;110215;43.6;30;10239835198;S
20240430;110217;43.6;1080;10239835604;S
20240430;110217;43.6;60;10239835605;S
20240430;110217;43.6;50;10239835606;S
20240430;110217;43.6;410;10239835607;S
20240430;110228;43.6;20;10239838005;S
20240430;110230;43.605;500;10239838566;B
20240430;110235;43.605;20;10239839601;B
20240430;110235;43.605;10;10239839602;B
20240430;110237;43.6;30;10239839867;S
20240430;110242;43.605;10;10239841787;B
20240430;110250;43.6;10;10239843599;S
20240430;110251;43.605;30;10239843756;B
20240430;110306;43.605;450;10239846937;B
20240430;110306;43.605;50;10239846938;B
20240430;110314;43.605;230;10239848458;B
20240430;110315;43.6;50;10239848773;S
20240430;110343;43.605;110;10239854139;B
20240430;110345;43.6;30;10239854394;S
20240430;110348;43.6;30;10239855105;S
20240430;110352;43.605;10;10239855896;B
20240430;110406;43.6;20;10239858484;S
20240430;110410;43.605;500;10239859212;B
20240430;110413;43.6;140;10239859933;S
20240430;110420;43.605;5000;10239861085;B
20240430;110427;43.6;900;10239862483;S
20240430;110427;43.6;2200;10239862642;S
20240430;110427;43.6;3890;10239862643;S
20240430;110427;43.6;150;10239862644;S
20240430;110427;43.6;3760;10239862645;S
20240430;110427;43.6;10;10239862742;S
20240430;110428;43.6;10;10239862835;S
20240430;110433;43.6;10;10239864424;S
20240430;110435;43.605;1210;10239864690;B
20240430;110435;43.605;1000;10239864691;B
20240430;110435;43.605;2790;10239864692;B
20240430;110439;43.6;700;10239865497;S
20240430;110449;43.6;4460;10239867435;S
20240430;110449;43.6;30;10239867436;S
20240430;110449;43.6;3000;10239867437;S
20240430;110449;43.6;300;10239867438;S
20240430;110449;43.6;30;10239867439;S
20240430;110449;43.595;10;10239867440;S
20240430;110449;43.595;1200;10239867441;S
20240430;110449;43.595;4120;10239867442;S
20240430;110449;43.59;10720;10239867443;S
20240430;110501;43.6;10;10239869580;B
20240430;110504;43.59;90;10239870023;S
20240430;110521;43.59;10;10239872887;S
20240430;110538;43.59;100;10239876334;S
20240430;110542;43.59;200;10239876982;S
20240430;110549;43.59;10;10239878303;S
20240430;110553;43.59;600;10239879194;S
20240430;110558;43.595;10;10239880330;B
20240430;110600;43.59;190;10239880706;S
20240430;110601;43.59;10;10239880859;S
20240430;110606;43.59;100;10239882077;S
20240430;110607;43.59;100;10239882183;S
20240430;110615;43.59;4000;10239884565;S
20240430;110615;43.59;3000;10239884566;S
20240430;110615;43.59;200;10239884569;S
20240430;110615;43.595;1250;10239884636;B
20240430;110615;43.595;1600;10239884637;B
20240430;110615;43.595;2150;10239884638;B
20240430;110617;43.59;10;10239884967;S
20240430;110618;43.595;20;10239885280;B
20240430;110624;43.59;30;10239886313;S
20240430;110624;43.59;300;10239886314;S
20240430;110626;43.595;10;10239886837;B
20240430;110626;43.59;200;10239887003;S
20240430;110630;43.59;250;10239887684;S
20240430;110631;43.59;80;10239887944;S
20240430;110631;43.59;1440;10239888098;S
20240430;110703;43.6;10;10239893573;B
20240430;110708;43.595;10;10239894602;S
20240430;110712;43.6;20;10239895127;B
20240430;110730;43.595;20;10239897879;S
20240430;110734;43.6;60;10239898536;B
20240430;110734;43.6;30;10239898537;B
20240430;110734;43.6;50;10239898538;B
20240430;110734;43.6;770;10239898539;B
20240430;110734;43.6;190;10239898540;B
20240430;110734;43.6;1240;10239898541;B
20240430;110734;43.6;660;10239898542;B
20240430;110739;43.6;90;10239899391;B
20240430;110739;43.605;100;10239899392;B
20240430;110739;43.605;1240;10239899393;B
20240430;110739;43.61;20;10239899394;B
20240430;110739;43.61;480;10239899395;B
20240430;110739;43.61;450;10239899396;B
20240430;110739;43.61;1000;10239899397;B
20240430;110739;43.615;2290;10239899398;B
20240430;110739;43.615;1600;10239899399;B
20240430;110739;43.615;2970;10239899400;B
20240430;110739;43.615;8250;10239899401;B
20240430;110739;43.62;100;10239899402;B
20240430;110739;43.62;10;10239899403;B
20240430;110739;43.62;2760;10239899404;B
20240430;110739;43.625;30;10239899405;B
20240430;110739;43.625;10;10239899406;B
20240430;110739;43.625;1050;10239899407;B
20240430;110739;43.63;10;10239899408;B
20240430;110739;43.635;40;10239899409;B
20240430;110739;43.635;10;10239899410;B
20240430;110739;43.635;780;10239899411;B
20240430;110739;43.64;100;10239899412;B
20240430;110739;43.64;10;10239899413;B
20240430;110739;43.64;1200;10239899414;B
20240430;110739;43.64;5400;10239899415;B
20240430;110750;43.6;720;10239901035;S
20240430;110750;43.6;280;10239901036;S
20240430;110752;43.61;90;10239901284;B
20240430;110752;43.615;1600;10239901285;B
20240430;110752;43.615;1310;10239901286;B
20240430;110817;43.6;10;10239905223;S
20240430;110817;43.6;6240;10239905224;S
20240430;110828;43.61;80;10239907298;B
20240430;110837;43.61;20;10239908730;S
20240430;110845;43.6;40;10239909895;S
20240430;110846;43.6;60;10239910053;S
20240430;110846;43.61;1260;10239910109;B
20240430;110846;43.615;80;10239910110;B
20240430;110846;43.615;660;10239910111;B
20240430;110856;43.605;100;10239911388;S
20240430;110857;43.615;10;10239911523;B
20240430;110921;43.62;10;10239915219;B
20240430;110932;43.615;10;10239922457;B
20240430;110940;43.605;100;10239928732;S
20240430;110944;43.605;10;10239932261;S
20240430;110944;43.605;130;10239932262;S
20240430;111001;43.62;70;10239945982;B
20240430;111010;43.62;70;10239955110;B
20240430;111016;43.625;1130;10239960703;B
20240430;111016;43.625;1770;10239960704;B
20240430;111023;43.62;4000;10239967936;S
20240430;111043;43.635;120;10239987461;B
20240430;111049;43.63;30;10239993732;S
20240430;111049;43.625;50;10239993733;S
20240430;111111;43.63;10;10240016910;S
20240430;111111;43.63;100;10240016911;S
20240430;111111;43.625;190;10240016912;S
20240430;111111;43.635;10;10240017289;B
20240430;111118;43.63;110;10240024681;B
20240430;111119;43.63;40;10240025394;B
20240430;111122;43.63;550;10240028426;B
20240430;111129;43.63;360;10240035890;B
20240430;111131;43.625;10;10240037800;S
20240430;111131;43.62;20;10240037801;S
20240430;111132;43.63;3470;10240039791;B
20240430;111135;43.625;220;10240042607;S
20240430;111148;43.63;10;10240056384;B
20240430;111157;43.63;120;10240066991;B
20240430;111214;43.63;10;10240080996;B
20240430;111224;43.625;10;10240090166;S
20240430;111244;43.63;20;10240107618;B
20240430;111246;43.63;20;10240109904;B
20240430;111248;43.625;10;10240110863;S
20240430;111253;43.63;20;10240115861;B
20240430;111305;43.625;100;10240127825;S
20240430;111308;43.625;10;10240130738;S
20240430;111309;43.63;270;10240131757;B
20240430;111309;43.63;1730;10240131758;B
20240430;111317;43.63;240;10240139118;B
20240430;111317;43.63;760;10240139119;B
20240430;111317;43.63;450;10240139576;B
20240430;111327;43.63;20;10240148475;B
20240430;111352;43.63;10;10240173782;B
20240430;111358;43.625;20;10240180603;S
20240430;111403;43.63;10;10240185981;B
20240430;111407;43.625;20;10240189282;S
20240430;111418;43.63;20;10240201109;B
20240430;111419;43.63;230;10240201862;B
20240430;111422;43.625;50;10240206063;S
20240430;111429;43.625;480;10240213489;S
20240430;111430;43.63;20;10240214049;B
20240430;111436;43.625;430;10240220963;S
20240430;111436;43.625;5000;10240220964;S
20240430;111436;43.625;920;10240220965;S
20240430;111436;43.625;10;10240220966;S
20240430;111455;43.62;750;10240240725;S
20240430;111456;43.625;12640;10240240917;B
20240430;111456;43.625;920;10240240918;B
20240430;111456;43.63;480;10240240919;B
20240430;111456;43.63;1000;10240240920;B
20240430;111456;43.635;70;10240240921;B
20240430;111456;43.635;1000;10240240922;B
20240430;111456;43.635;5030;10240240923;B
20240430;111456;43.64;220;10240240936;B
20240430;111456;43.645;80;10240240937;B
20240430;111521;43.64;10;10240262363;B
20240430;111526;43.64;10;10240267353;S
20240430;111526;43.64;10;10240267354;S
20240430;111526;43.635;10;10240267355;S
20240430;111526;43.635;10;10240267356;S
20240430;111531;43.635;10;10240271287;B
20240430;111535;43.63;10;10240275045;S
20240430;111535;43.63;10;10240275046;S
20240430;111535;43.625;40;10240275047;S
20240430;111544;43.635;930;10240282818;B
20240430;111544;43.64;70;10240282819;B
20240430;111615;43.64;220;10240312472;B
20240430;111624;43.64;210;10240321387;B
20240430;111624;43.645;1000;10240321389;B
20240430;111624;43.645;10;10240321390;B
20240430;111624;43.645;380;10240321391;B
20240430;111624;43.645;60;10240321392;B
20240430;111624;43.65;10;10240321393;B
20240430;111624;43.65;80;10240321394;B
20240430;111624;43.65;60;10240321395;B
20240430;111624;43.65;10;10240321396;B
20240430;111624;43.65;30;10240321397;B
20240430;111624;43.65;50;10240321398;B
20240430;111635;43.65;10;10240332179;S
20240430;111654;43.65;10;10240352421;S
20240430;111656;43.655;40;10240355285;B
20240430;111657;43.655;10;10240355775;B
20240430;111657;43.655;30;10240355776;B
20240430;111657;43.66;30;10240355777;B
20240430;111657;43.66;820;10240355778;B
20240430;111657;43.66;1000;10240355779;B
20240430;111657;43.665;10;10240355780;B
20240430;111657;43.665;340;10240355781;B
20240430;111657;43.665;60;10240355782;B
20240430;111657;43.665;1400;10240355783;B
20240430;111657;43.665;2290;10240355784;B
20240430;111657;43.665;8240;10240355785;B
20240430;111657;43.67;40;10240355786;B
20240430;111657;43.67;10;10240355787;B
20240430;111657;43.67;10;10240355788;B
20240430;111657;43.67;200;10240355789;B
20240430;111657;43.67;1000;10240355790;B
20240430;111657;43.675;10;10240355791;B
20240430;111657;43.675;10;10240355792;B
20240430;111657;43.675;80;10240355793;B
20240430;111657;43.675;10;10240355794;B
20240430;111657;43.68;50;10240355795;B
20240430;111657;43.68;100;10240355796;B
20240430;111657;43.68;100;10240355797;B
20240430;111657;43.68;10;10240355798;B
20240430;111657;43.685;10;10240355799;B
20240430;111657;43.685;1050;10240355800;B
20240430;111657;43.685;6660;10240355801;B
20240430;111657;43.685;2970;10240355802;B
20240430;111657;43.69;80;10240355803;B
20240430;111657;43.69;400;10240355804;B
20240430;111657;43.69;500;10240355805;B
20240430;111657;43.69;10;10240355806;B
20240430;111657;43.69;3000;10240355807;B
20240430;111657;43.695;40;10240355808;B
20240430;111657;43.695;90;10240355809;B
20240430;111657;43.695;30;10240355810;B
20240430;111657;43.695;1600;10240355811;B
20240430;111657;43.695;13230;10240355812;B
20240430;111657;43.7;120;10240355813;B
20240430;111657;43.7;10;10240355814;B
20240430;111657;43.7;6500;10240355815;B
20240430;111657;43.7;30;10240355816;B
20240430;111657;43.7;10;10240355817;B
20240430;111657;43.7;1000;10240355818;B
20240430;111657;43.7;33300;10240355819;B
20240430;111657;43.69;360;10240355931;B
20240430;111657;43.67;20;10240355964;S
20240430;111658;43.685;2910;10240356899;B
20240430;111658;43.69;1930;10240356900;B
20240430;111658;43.69;3210;10240356901;B
20240430;111658;43.69;850;10240356902;B
20240430;111658;43.695;8240;10240356903;B
20240430;111658;43.695;50;10240356904;B
20240430;111658;43.7;54770;10240356905;B
20240430;111658;43.7;1250;10240356906;B
20240430;111658;43.7;10;10240356907;B
20240430;111658;43.7;10;10240356908;B
20240430;111658;43.7;10;10240356909;B
20240430;111658;43.7;330;10240356910;B
20240430;111658;43.7;210;10240356911;B
20240430;111658;43.7;400;10240356912;B
20240430;111658;43.7;5820;10240356913;B
20240430;111703;43.675;20;10240362392;S
20240430;111713;43.69;10;10240372595;B
20240430;111738;43.685;100;10240398514;B
20240430;111740;43.685;100;10240401067;B
20240430;111749;43.685;10;10240408679;B
20240430;111753;43.68;50;10240412796;S
20240430;111806;43.68;100;10240423098;B
20240430;111806;43.685;790;10240423099;B
20240430;111806;43.685;830;10240423100;B
20240430;111812;43.69;500;10240428811;B
20240430;111823;43.685;110;10240438222;S
20240430;111824;43.69;20;10240439524;B
20240430;111831;43.69;10;10240445258;B
20240430;111836;43.69;40;10240450634;B
20240430;111837;43.69;30;10240451712;B
20240430;111840;43.69;10;10240454000;B
20240430;111842;43.69;900;10240456952;S
20240430;111844;43.69;680;10240458482;S
20240430;111844;43.69;320;10240458483;S
20240430;111845;43.695;10;10240459781;B
20240430;111900;43.695;2280;10240474690;B
20240430;111900;43.695;10;10240474691;B
20240430;111900;43.695;10;10240474692;B
20240430;111900;43.695;50;10240474693;B
20240430;111900;43.695;50;10240474694;B
20240430;111900;43.695;1100;10240474695;B
20240430;111902;43.69;80;10240477215;S
20240430;111924;43.69;250;10240497909;B
20240430;111924;43.69;100;10240497996;S
20240430;111936;43.69;10;10240511070;S
20240430;111939;43.695;2000;10240513816;B
20240430;111940;43.695;10;10240514743;S
20240430;111944;43.69;18000;10240519547;S
20240430;111948;43.69;100;10240523575;S
20240430;112000;43.695;30;10240536031;B
20240430;112002;43.69;500;10240539441;S
20240430;112003;43.69;110;10240540050;S
20240430;112013;43.695;10;10240549965;B
20240430;112014;43.695;10;10240551240;B
20240430;112019;43.69;20;10240556742;S
20240430;112019;43.69;720;10240556866;S
20240430;112026;43.69;20;10240564264;S
20240430;112041;43.695;20;10240578015;B
20240430;112053;43.69;10;10240588194;S
20240430;112103;43.69;700;10240596676;S
20240430;112103;43.69;20;10240597098;S
20240430;112111;43.695;30;10240603875;B
20240430;112118;43.69;80;10240608772;S
20240430;112124;43.695;20;10240615399;B
20240430;112124;43.69;50;10240615576;S
20240430;112133;43.69;30;10240624714;S
20240430;112138;43.69;4070;10240629312;S
20240430;112138;43.69;30;10240629313;S
20240430;112138;43.69;10;10240629314;S
20240430;112138;43.69;10;10240629315;S
20240430;112138;43.685;2170;10240629316;S
20240430;112138;43.685;50;10240629317;S
20240430;112138;43.685;3050;10240629318;S
20240430;112138;43.685;900;10240629319;S
20240430;112138;43.675;1140;10240629320;S
20240430;112138;43.66;500;10240629321;S
20240430;112138;43.66;3070;10240629322;S
20240430;112138;43.655;100;10240629457;S
20240430;112138;43.655;400;10240629458;S
20240430;112156;43.67;30;10240648362;B
20240430;112226;43.65;140;10240677727;S
20240430;112257;43.66;10;10240710467;B
20240430;112303;43.665;100;10240717222;B
20240430;112315;43.665;10;10240729982;B
20240430;112320;43.65;30;10240733533;S
20240430;112320;43.65;30;10240733534;S
20240430;112335;43.65;10;10240747565;S
20240430;112346;43.65;20;10240757275;S
20240430;112359;43.65;8220;10240768790;S
20240430;112359;43.65;500;10240768791;S
20240430;112359;43.645;160;10240768792;S
20240430;112359;43.645;880;10240768793;S
20240430;112359;43.64;2960;10240768794;S
20240430;112359;43.63;1000;10240768795;S
20240430;112359;43.63;30;10240768796;S
20240430;112359;43.63;1200;10240768797;S
20240430;112359;43.625;1700;10240768798;S
20240430;112434;43.635;20;10240804276;S
20240430;112439;43.64;10;10240808807;S
20240430;112439;43.635;40;10240808808;S
20240430;112449;43.635;10;10240818550;S
20240430;112456;43.635;430;10240825286;S
20240430;112501;43.625;400;10240830068;S
20240430;112509;43.635;20;10240838057;B
20240430;112511;43.625;50;10240840636;S
20240430;112528;43.62;170;10240857661;S
20240430;112546;43.625;10;10240876252;B
20240430;112601;43.605;10;10240892544;S
20240430;112601;43.605;1490;10240892545;S
20240430;112602;43.605;10;10240894563;S
20240430;112603;43.605;10;10240894607;S
20240430;112610;43.605;10;10240901291;S
20240430;112617;43.625;20;10240907607;B
20240430;112626;43.61;570;10240914899;S
20240430;112626;43.605;3770;10240914900;S
20240430;112626;43.605;860;10240914901;S
20240430;112626;43.6;500;10240914902;S
20240430;112626;43.6;90;10240914903;S
20240430;112626;43.6;8250;10240914904;S
20240430;112626;43.6;2900;10240914905;S
20240430;112626;43.595;60;10240914906;S
20240430;112627;43.595;910;10240915814;S
20240430;112627;43.595;500;10240915815;S
20240430;112627;43.595;9140;10240915816;S
20240430;112627;43.59;450;10240915817;S
20240430;112633;43.605;50;10240920918;B
20240430;112633;43.61;50;10240920919;B
20240430;112646;43.615;10;10240932091;B
20240430;112657;43.6;220;10240942533;S
20240430;112700;43.61;50;10240944679;B
20240430;112701;43.6;10;10240944824;S
20240430;112741;43.605;20;10240964641;S
20240430;112747;43.61;10;10240965421;B
20240430;112754;43.6;60;10240966469;S
20240430;112835;43.61;40;10240973515;B
20240430;112835;43.615;60;10240973516;B
20240430;112906;43.61;10;10240978929;B
20240430;112941;43.6;100;10240984888;S
20240430;112941;43.6;20;10240984889;S
20240430;112941;43.6;600;10240984890;S
20240430;112941;43.6;10;10240984891;S
20240430;112941;43.6;100;10240984892;S
20240430;112944;43.6;100;10240985277;B
20240430;112950;43.6;60;10240986130;B
20240430;113049;43.6;20;10240994684;B
20240430;113050;43.595;50;10240994797;S
20240430;113052;43.595;1410;10240995099;S
20240430;113100;43.595;10;10240996093;S
20240430;113106;43.6;10;10240997236;B
20240430;113111;43.595;10;10240997980;B
20240430;113112;43.59;10;10240998094;S
20240430;113121;43.595;10;10240999781;B
20240430;113124;43.59;160;10241000073;S
20240430;113124;43.59;20;10241000074;S
20240430;113124;43.59;10;10241000075;S
20240430;113124;43.59;10;10241000076;S
20240430;113127;43.595;200;10241000601;B
20240430;113128;43.595;70;10241000806;B
20240430;113128;43.595;90;10241000807;B
20240430;113134;43.59;110;10241001557;S
20240430;113134;43.59;430;10241001558;S
20240430;113147;43.595;10;10241003891;B
20240430;113150;43.59;20;10241004383;S
20240430;113158;43.6;100;10241005508;B
20240430;113208;43.595;50;10241007122;S
20240430;113231;43.6;10;10241010577;B
20240430;113234;43.595;450;10241011108;S
20240430;113234;43.595;720;10241011109;S
20240430;113234;43.595;10;10241011110;S
20240430;113235;43.595;10;10241011122;B
20240430;113235;43.595;10;10241011135;B
20240430;113235;43.595;10;10241011141;B
20240430;113235;43.595;10;10241011149;B
20240430;113235;43.595;10;10241011154;B
20240430;113235;43.595;10;10241011159;B
20240430;113235;43.595;10;10241011199;B
20240430;113235;43.595;10;10241011207;B
20240430;113235;43.595;10;10241011212;B
20240430;113235;43.595;10;10241011219;B
20240430;113239;43.59;10;10241011917;S
20240430;113248;43.59;90;10241013377;S
20240430;113252;43.59;40;10241013925;S
20240430;113301;43.59;490;10241015147;S
20240430;113305;43.595;10;10241015728;B
20240430;113306;43.59;190;10241015813;S
20240430;113306;43.595;10;10241015924;B
20240430;113337;43.595;790;10241020637;B
20240430;113337;43.595;310;10241020638;B
20240430;113345;43.59;40;10241021823;S
20240430;113353;43.59;140;10241022870;S
20240430;113353;43.59;10;10241022871;S
20240430;113355;43.595;20;10241023219;B
20240430;113403;43.59;10;10241024334;S
20240430;113411;43.59;70;10241025264;S
20240430;113415;43.595;4930;10241025859;B
20240430;113415;43.595;240;10241025860;B
20240430;113415;43.595;760;10241025861;B
20240430;113415;43.595;400;10241025862;B
20240430;113415;43.6;2320;10241025863;B
20240430;113415;43.6;910;10241025864;B
20240430;113415;43.6;290;10241025865;B
20240430;113415;43.6;80;10241025866;B
20240430;113428;43.605;20;10241027859;S
20240430;113432;43.605;10;10241028368;S
20240430;113452;43.61;10;10241031346;B
20240430;113517;43.605;50;10241034728;S
20240430;113520;43.605;10;10241035197;S
20240430;113520;43.605;30;10241035198;S
20240430;113551;43.6;10;10241039550;S
20240430;113555;43.595;10;10241040075;S
20240430;113606;43.61;80;10241041577;B
20240430;113606;43.61;40;10241041578;B
20240430;113606;43.61;50;10241041579;B
20240430;113607;43.6;30;10241041724;S
20240430;113628;43.6;10;10241044642;S
20240430;113628;43.6;770;10241044643;S
20240430;113628;43.6;10;10241044647;B
20240430;113628;43.6;10;10241044656;B
20240430;113628;43.6;10;10241044662;B
20240430;113628;43.6;10;10241044666;B
20240430;113628;43.6;10;10241044671;B
20240430;113628;43.6;10;10241044676;B
20240430;113628;43.6;10;10241044685;B
20240430;113629;43.6;10;10241044691;B
20240430;113629;43.6;10;10241044699;B
20240430;113629;43.6;10;10241044703;B
20240430;113638;43.6;60;10241046050;B
20240430;113649;43.6;60;10241047890;B
20240430;113705;43.6;60;10241050254;S
20240430;113713;43.605;60;10241051496;B
20240430;113716;43.6;30;10241051858;S
20240430;113719;43.605;10;10241052937;B
20240430;113720;43.605;930;10241053147;B
20240430;113724;43.61;170;10241053905;B
20240430;113724;43.61;5000;10241053906;B
20240430;113724;43.61;50;10241053907;B
20240430;113725;43.615;460;10241054111;B
20240430;113725;43.615;300;10241054112;B
20240430;113725;43.615;1000;10241054113;B
20240430;113725;43.615;70;10241054114;B
20240430;113725;43.615;50;10241054115;B
20240430;113727;43.625;10;10241054346;B
20240430;113727;43.625;330;10241054420;B
20240430;113727;43.625;4020;10241054421;B
20240430;113727;43.625;640;10241054422;B
20240430;113727;43.635;550;10241054430;B
20240430;113727;43.635;50;10241054431;B
20240430;113734;43.65;10;10241055467;S
20240430;113736;43.65;10;10241055777;S
20240430;113740;43.65;90;10241056239;S
20240430;113746;43.65;10;10241057170;S
20240430;113750;43.65;10;10241057887;S
20240430;113804;43.655;50;10241059868;B
20240430;113809;43.65;80;10241060573;S
20240430;113814;43.655;250;10241061478;B
20240430;113832;43.66;10;10241064375;B
20240430;113832;43.66;140;10241064435;B
20240430;113913;43.645;10;10241070635;S
20240430;113913;43.64;40;10241070636;S
20240430;114003;43.65;30;10241077748;B
20240430;114024;43.65;40;10241080730;B
20240430;114123;43.645;50;10241089700;B
20240430;114124;43.645;10;10241089821;B
20240430;114152;43.645;10;10241094156;B
20240430;114214;43.645;20;10241097469;B
