<DATE>;<TIME>;<LAST>;<VOL>;<ID>;<OPER>
20240402;095952;34.44;50;10010515161;B
20240402;095952;34.44;1000;10010515162;B
20240402;095952;34.44;40;10010515163;S
20240402;095952;34.44;50;10010515164;S
20240402;095952;34.44;150;10010515165;S
20240402;095952;34.44;4710;10010515166;S
20240402;095952;34.44;100;10010515167;S
20240402;095952;34.44;2000;10010515168;S
20240402;095952;34.44;870;10010515169;S
20240402;095952;34.44;130;10010515170;B
20240402;095952;34.44;870;10010515171;B
20240402;095952;34.44;10;10010515172;B
20240402;095952;34.44;10;10010515173;B
20240402;095952;34.44;90;10010515174;B
20240402;095952;34.44;150;10010515175;B
20240402;095952;34.44;10;10010515176;B
20240402;095952;34.44;20;10010515177;B
20240402;095952;34.44;10;10010515178;B
20240402;095952;34.44;10;10010515179;B
20240402;095952;34.44;10;10010515180;B
20240402;095952;34.44;70;10010515181;B
20240402;095952;34.44;10;10010515182;B
20240402;095952;34.44;400;10010515183;B
20240402;095952;34.44;20;10010515184;B
20240402;095952;34.44;10;10010515185;B
20240402;095952;34.44;1300;10010515186;B
20240402;095952;34.44;100;10010515187;B
20240402;095952;34.44;30;10010515188;B
20240402;095952;34.44;6870;10010515189;B
20240402;100002;34.425;260;10010519979;B
20240402;100003;34.395;400;10010520503;S
20240402;100003;34.38;790;10010520504;S
20240402;100004;34.38;50;10010521167;S
20240402;100004;34.4;10;10010521881;B
20240402;100004;34.38;400;10010521882;S
20240402;100005;34.38;30;10010523319;S
20240402;100005;34.4;10;10010523320;B
20240402;100005;34.4;10;10010523321;B
20240402;100005;34.38;10;10010523322;S
20240402;100006;34.375;10;10010523872;S
20240402;100006;34.375;40;10010523873;S
20240402;100006;34.38;10;10010524230;S
20240402;100006;34.38;10;10010524231;S
20240402;100006;34.38;30;10010524232;S
20240402;100006;34.4;10;10010524659;B
20240402;100006;34.375;30;10010524660;S
20240402;100006;34.4;10;10010524662;B
20240402;100007;34.38;20;10010525088;S
20240402;100007;34.38;10;10010525089;S
20240402;100007;34.4;10;10010525298;B
20240402;100007;34.38;160;10010525325;S
20240402;100007;34.4;90;10010525367;B
20240402;100007;34.4;30;10010525379;B
20240402;100007;34.4;20;10010525396;B
20240402;100007;34.41;10;10010525542;B
20240402;100007;34.41;10;10010525548;B
20240402;100007;34.41;30;10010525550;B
20240402;100007;34.41;10;10010525551;B
20240402;100007;34.41;10;10010525552;B
20240402;100007;34.405;10;10010525565;B
20240402;100007;34.38;10;10010525575;S
20240402;100007;34.38;10;10010525879;S
20240402;100007;34.405;10;10010526137;B
20240402;100007;34.38;10;10010526306;S
20240402;100007;34.38;30;10010526307;S
20240402;100008;34.405;10;10010527461;B
20240402;100008;34.405;10;10010527980;B
20240402;100008;34.405;10;10010527994;B
20240402;100008;34.405;140;10010528181;B
20240402;100008;34.42;4370;10010528182;B
20240402;100008;34.42;4430;10010528183;B
20240402;100008;34.42;1060;10010528184;B
20240402;100008;34.385;20;10010528187;S
20240402;100009;34.395;10;10010528409;S
20240402;100009;34.395;10;10010528410;S
20240402;100009;34.395;20;10010528411;S
20240402;100011;34.425;60;10010529479;B
20240402;100011;34.435;30;10010529480;B
20240402;100011;34.43;20;10010529536;B
20240402;100011;34.43;20;10010529685;B
20240402;100011;34.435;20;10010529686;B
20240402;100011;34.435;110;10010529725;B
20240402;100011;34.435;290;10010529820;B
20240402;100017;34.395;40;10010531476;S
20240402;100024;34.435;30;10010533473;B
20240402;100036;34.41;480;10010537128;S
20240402;100039;34.4;200;10010538004;S
20240402;100039;34.395;10;10010538005;S
20240402;100039;34.39;2890;10010538006;S
20240402;100043;34.405;480;10010539607;B
20240402;100043;34.41;1070;10010539608;B
20240402;100043;34.42;40;10010539609;B
20240402;100043;34.425;9950;10010539610;B
20240402;100043;34.425;1500;10010539611;B
20240402;100043;34.425;160;10010539612;B
20240402;100043;34.43;10460;10010539613;B
20240402;100043;34.43;400;10010539614;B
20240402;100043;34.435;20;10010539615;B
20240402;100043;34.435;920;10010539616;B
20240402;100052;34.425;100;10010542872;S
20240402;100053;34.425;320;10010543207;S
20240402;100053;34.43;10;10010543331;B
20240402;100054;34.4;50;10010543722;S
20240402;100057;34.4;120;10010544624;S
20240402;100058;34.435;10;10010544993;B
20240402;100058;34.4;30;10010545033;S
20240402;100058;34.4;480;10010545034;S
20240402;100058;34.4;290;10010545035;S
20240402;100058;34.43;10;10010545377;B
20240402;100100;34.395;10;10010545813;S
20240402;100114;34.395;400;10010550407;S
20240402;100125;34.385;700;10010553749;S
20240402;100133;34.38;30;10010556040;S
20240402;100136;34.39;480;10010557390;S
20240402;100136;34.39;7120;10010557391;S
20240402;100143;34.39;390;10010559183;S
20240402;100144;34.39;350;10010559456;S
20240402;100144;34.38;950;10010559457;S
20240402;100202;34.385;370;10010564470;S
20240402;100202;34.38;30;10010564471;S
20240402;100209;34.385;10;10010566143;S
20240402;100225;34.38;1460;10010570451;S
20240402;100225;34.38;540;10010570452;S
20240402;100226;34.385;310;10010570533;B
20240402;100230;34.38;40;10010571508;S
20240402;100233;34.38;100;10010572075;S
20240402;100234;34.385;10;10010572384;B
20240402;100237;34.385;10;10010572777;B
20240402;100238;34.385;500;10010573010;B
20240402;100240;34.385;250;10010573474;B
20240402;100242;34.38;560;10010573849;S
20240402;100242;34.38;340;10010573850;S
20240402;100243;34.385;30;10010573964;B
20240402;100301;34.385;10;10010578347;B
20240402;100307;34.385;20;10010579899;B
20240402;100309;34.385;10;10010580392;B
20240402;100314;34.385;550;10010581322;B
20240402;100314;34.385;10;10010581348;S
20240402;100315;34.39;10;10010581741;B
20240402;100316;34.385;10;10010581945;S
20240402;100322;34.385;120;10010584017;S
20240402;100323;34.385;310;10010584187;S
20240402;100323;34.385;110;10010584188;S
20240402;100323;34.385;1000;10010584189;S
20240402;100328;34.385;50;10010585283;B
20240402;100329;34.385;50;10010585686;S
20240402;100332;34.385;500;10010586246;S
20240402;100333;34.39;30;10010586482;B
20240402;100335;34.385;1800;10010586980;S
20240402;100336;34.385;30;10010587226;S
20240402;100338;34.39;10;10010587543;B
20240402;100338;34.395;20;10010587544;B
20240402;100341;34.395;10;10010588350;B
20240402;100343;34.395;50;10010588587;B
20240402;100343;34.395;100;10010588713;B
20240402;100344;34.39;60;10010588801;S
20240402;100344;34.39;120;10010588802;S
20240402;100349;34.39;20;10010589821;S
20240402;100350;34.39;10;10010590039;S
20240402;100350;34.39;240;10010590040;S
20240402;100352;34.39;30;10010590315;S
20240402;100352;34.39;400;10010590316;S
20240402;100352;34.385;180;10010590317;S
20240402;100352;34.395;10;10010590411;B
20240402;100404;34.39;310;10010593056;S
20240402;100413;34.395;40;10010595077;B
20240402;100418;34.395;20;10010595930;B
20240402;100418;34.39;30;10010596086;S
20240402;100418;34.39;40;10010596087;S
20240402;100423;34.395;10;10010597040;B
20240402;100426;34.385;2950;10010597645;S
20240402;100428;34.385;250;10010598721;S
20240402;100428;34.385;1500;10010598722;S
20240402;100428;34.385;200;10010598723;S
20240402;100435;34.385;10;10010600676;B
20240402;100437;34.385;30;10010601168;B
20240402;100451;34.39;100;10010604477;B
20240402;100453;34.38;5660;10010605038;S
20240402;100453;34.38;10;10010605039;S
20240402;100453;34.38;10;10010605040;S
20240402;100453;34.375;10;10010605081;S
20240402;100457;34.38;10;10010606069;B
20240402;100500;34.37;20;10010606931;S
20240402;100500;34.37;640;10010606932;S
20240402;100500;34.365;840;10010606933;S
20240402;100505;34.38;100;10010608151;B
20240402;100507;34.385;20;10010608597;B
20240402;100507;34.37;3040;10010608709;S
20240402;100510;34.365;30;10010609371;S
20240402;100512;34.38;20;10010609845;B
20240402;100512;34.365;30;10010609937;S
20240402;100519;34.365;100;10010611601;S
20240402;100523;34.365;140;10010612658;S
20240402;100523;34.36;360;10010612659;S
20240402;100527;34.365;480;10010613527;B
20240402;100528;34.365;120;10010613568;S
20240402;100528;34.36;10470;10010613569;S
20240402;100528;34.36;480;10010613570;S
20240402;100528;34.36;520;10010613571;S
20240402;100528;34.355;1500;10010613572;S
20240402;100528;34.35;10;10010613573;S
20240402;100528;34.35;2900;10010613574;S
20240402;100530;34.37;300;10010614031;B
20240402;100546;34.345;100;10010617615;S
20240402;100546;34.345;10;10010617616;S
20240402;100546;34.345;350;10010617617;S
20240402;100546;34.345;30;10010617618;S
20240402;100546;34.345;100;10010617619;S
20240402;100546;34.345;10;10010617620;S
20240402;100546;34.345;10;10010617621;S
20240402;100546;34.345;10;10010617622;S
20240402;100546;34.345;10;10010617623;S
20240402;100546;34.345;7720;10010617624;S
20240402;100547;34.36;100;10010618205;B
20240402;100550;34.355;10;10010618882;B
20240402;100550;34.345;2470;10010618901;S
20240402;100550;34.345;40;10010618902;S
20240402;100550;34.345;500;10010618903;S
20240402;100550;34.345;30;10010618904;S
20240402;100550;34.345;10;10010618905;S
20240402;100550;34.345;1100;10010618906;S
20240402;100550;34.345;30;10010618907;S
20240402;100550;34.345;620;10010618908;S
20240402;100550;34.345;480;10010618909;S
20240402;100550;34.34;3000;10010618910;S
20240402;100550;34.34;100;10010618911;S
20240402;100550;34.34;2020;10010618912;S
20240402;100550;34.34;500;10010618913;S
20240402;100550;34.34;5100;10010618914;S
20240402;100553;34.34;8000;10010619684;S
20240402;100555;34.34;2000;10010620282;S
20240402;100606;34.34;20;10010623430;S
20240402;100606;34.345;40;10010623458;B
20240402;100606;34.345;150;10010623459;B
20240402;100607;34.34;30;10010623597;S
20240402;100610;34.34;9600;10010624579;S
20240402;100610;34.34;7940;10010624580;S
20240402;100610;34.34;18400;10010624581;S
20240402;100610;34.34;10;10010624582;S
20240402;100612;34.35;10;10010625140;B
20240402;100624;34.345;10;10010629247;S
20240402;100637;34.355;390;10010633181;B
20240402;100643;34.355;10;10010635415;B
20240402;100700;34.355;20;10010640967;B
20240402;100706;34.355;50;10010643701;B
20240402;100706;34.35;20;10010643760;S
20240402;100706;34.345;2460;10010643761;S
20240402;100708;34.34;260;10010644572;S
20240402;100708;34.34;150;10010644638;S
20240402;100708;34.34;140;10010644639;S
20240402;100708;34.34;10;10010644695;S
20240402;100709;34.34;110;10010644868;S
20240402;100709;34.34;48230;10010644884;S
20240402;100709;34.34;300;10010644885;S
20240402;100709;34.34;20;10010644886;S
20240402;100709;34.34;10;10010644887;S
20240402;100709;34.34;580;10010644888;S
20240402;100709;34.34;30;10010644889;S
20240402;100709;34.34;100;10010644890;S
20240402;100709;34.34;10;10010644891;S
20240402;100709;34.34;50;10010644892;S
20240402;100709;34.34;280;10010644893;S
20240402;100709;34.34;390;10010644894;S
20240402;100711;34.34;600;10010645507;S
20240402;100713;34.34;110;10010646057;S
20240402;100713;34.34;1080;10010646058;S
20240402;100713;34.34;100;10010646059;S
20240402;100713;34.34;600;10010646060;S
20240402;100713;34.34;110;10010646061;S
20240402;100714;34.34;2000;10010646173;S
20240402;100714;34.34;2000;10010646271;S
20240402;100716;34.34;1890;10010646714;S
20240402;100716;34.34;110;10010646715;S
20240402;100717;34.34;390;10010647037;S
20240402;100717;34.34;20;10010647038;S
20240402;100717;34.34;30;10010647039;S
20240402;100717;34.33;50;10010647040;B
20240402;100717;34.315;10;10010647097;S
20240402;100717;34.315;10;10010647098;S
20240402;100717;34.305;300;10010647099;S
20240402;100717;34.305;1450;10010647100;S
20240402;100717;34.3;10;10010647101;S
20240402;100717;34.3;10;10010647102;S
20240402;100717;34.3;3140;10010647103;S
20240402;100717;34.315;20;10010647139;B
20240402;100717;34.315;30;10010647225;B
20240402;100717;34.305;200;10010647314;S
20240402;100717;34.3;6860;10010647315;S
20240402;100717;34.3;10;10010647316;S
20240402;100717;34.3;10;10010647317;S
20240402;100717;34.3;100;10010647318;S
20240402;100717;34.29;820;10010647319;S
20240402;100717;34.29;30;10010647320;S
20240402;100720;34.3;20;10010648027;S
20240402;100720;34.3;500;10010648028;S
20240402;100720;34.29;150;10010648029;S
20240402;100720;34.285;260;10010648030;S
20240402;100720;34.285;300;10010648067;S
20240402;100720;34.285;2500;10010648068;S
20240402;100720;34.285;500;10010648069;S
20240402;100720;34.285;300;10010648071;S
20240402;100720;34.285;140;10010648072;S
20240402;100720;34.285;10;10010648073;S
20240402;100720;34.285;300;10010648074;S
20240402;100720;34.28;10;10010648075;S
20240402;100720;34.28;40;10010648076;S
20240402;100720;34.28;10;10010648077;S
20240402;100720;34.28;440;10010648078;S
20240402;100720;34.27;10;10010648080;S
20240402;100720;34.265;10;10010648081;S
20240402;100720;34.265;60;10010648082;S
20240402;100720;34.265;250;10010648083;S
20240402;100720;34.265;170;10010648092;B
20240402;100720;34.265;500;10010648093;B
20240402;100720;34.265;500;10010648094;B
20240402;100720;34.275;420;10010648095;B
20240402;100720;34.26;20;10010648096;S
20240402;100720;34.27;1000;10010648097;B
20240402;100721;34.265;2000;10010648359;S
20240402;100722;34.265;2000;10010648554;S
20240402;100723;34.265;2000;10010648847;S
20240402;100724;34.26;60;10010649120;S
20240402;100725;34.26;540;10010649496;S
20240402;100725;34.26;60;10010649497;S
20240402;100725;34.255;1080;10010649498;S
20240402;100725;34.25;10;10010649499;S
20240402;100725;34.25;600;10010649500;S
20240402;100725;34.25;1000;10010649501;S
20240402;100725;34.25;20;10010649502;S
20240402;100725;34.25;60;10010649503;S
20240402;100725;34.25;70;10010649504;S
20240402;100725;34.25;6000;10010649505;S
20240402;100725;34.25;490;10010649506;S
20240402;100725;34.25;500;10010649507;S
20240402;100726;34.255;20;10010649861;S
20240402;100729;34.245;1180;10010650529;S
20240402;100730;34.255;10;10010650794;B
20240402;100731;34.24;500;10010651090;S
20240402;100734;34.245;130;10010652144;B
20240402;100735;34.245;20;10010652269;B
20240402;100737;34.24;200;10010653173;S
20240402;100737;34.24;540;10010653174;S
20240402;100737;34.24;70;10010653208;S
20240402;100737;34.24;10;10010653212;S
20240402;100738;34.24;1000;10010653322;S
20240402;100738;34.24;370;10010653323;S
20240402;100738;34.24;180;10010653412;S
20240402;100738;34.24;30;10010653420;S
20240402;100738;34.24;100;10010653499;S
20240402;100738;34.24;20;10010653500;S
20240402;100738;34.24;40;10010653544;S
20240402;100738;34.24;90;10010653545;S
20240402;100738;34.24;20;10010653559;S
20240402;100738;34.24;70;10010653560;S
20240402;100738;34.24;10;10010653566;S
20240402;100739;34.24;10;10010653852;S
20240402;100739;34.24;240;10010653853;S
20240402;100739;34.24;10;10010653854;S
20240402;100739;34.24;30;10010653855;S
20240402;100740;34.235;20;10010654147;S
20240402;100740;34.235;10;10010654156;S
20240402;100740;34.235;80;10010654157;S
20240402;100740;34.235;10;10010654171;S
20240402;100740;34.235;20;10010654172;S
20240402;100741;34.235;30;10010654267;S
20240402;100741;34.235;10;10010654268;S
20240402;100741;34.235;140;10010654269;S
20240402;100741;34.235;200;10010654270;S
20240402;100744;34.23;10;10010654956;S
20240402;100744;34.22;10;10010654958;S
20240402;100744;34.22;10;10010654959;S
20240402;100744;34.22;280;10010654960;S
20240402;100744;34.22;300;10010654961;S
20240402;100744;34.22;300;10010654962;S
20240402;100744;34.22;300;10010654963;S
20240402;100744;34.22;300;10010654964;S
20240402;100744;34.22;300;10010654965;S
20240402;100744;34.22;80;10010654966;S
20240402;100744;34.22;300;10010654967;S
20240402;100744;34.22;500;10010654968;S
20240402;100744;34.22;300;10010654969;S
20240402;100744;34.22;500;10010654970;S
20240402;100744;34.22;300;10010654971;S
20240402;100744;34.22;240;10010654972;S
20240402;100744;34.215;20;10010654973;S
20240402;100744;34.215;240;10010654974;S
20240402;100744;34.215;500;10010654975;S
20240402;100744;34.21;300;10010654977;S
20240402;100744;34.21;10;10010654978;S
20240402;100744;34.21;10;10010654979;S
20240402;100744;34.21;680;10010654980;S
20240402;100744;34.215;500;10010654982;B
20240402;100744;34.215;500;10010654983;B
20240402;100744;34.215;500;10010654984;B
20240402;100744;34.215;500;10010654985;B
20240402;100744;34.215;500;10010654986;B
20240402;100744;34.215;500;10010654987;B
20240402;100744;34.215;500;10010654988;B
20240402;100744;34.215;500;10010654989;B
20240402;100744;34.215;500;10010654990;B
20240402;100744;34.215;440;10010654991;B
20240402;100744;34.21;100;10010655063;S
20240402;100744;34.215;10;10010655064;B
20240402;100744;34.215;10;10010655065;B
20240402;100744;34.215;40;10010655095;B
20240402;100744;34.215;500;10010655096;B
20240402;100744;34.225;40;10010655097;B
20240402;100747;34.22;10;10010655747;S
20240402;100748;34.23;20;10010655951;B
20240402;100750;34.225;1000;10010656426;B
20240402;100750;34.23;730;10010656427;B
20240402;100750;34.23;1030;10010656428;B
20240402;100750;34.235;2240;10010656429;B
20240402;100801;34.225;30;10010659188;B
20240402;100808;34.22;10;10010661144;S
20240402;100813;34.225;250;10010662155;B
20240402;100816;34.22;10;10010662686;S
20240402;100817;34.225;1000;10010662892;B
20240402;100819;34.23;50;10010663137;B
20240402;100819;34.225;1000;10010663206;S
20240402;100819;34.22;90;10010663207;S
20240402;100819;34.22;80;10010663208;S
20240402;100820;34.22;1120;10010663322;S
20240402;100820;34.22;50;10010663442;B
20240402;100820;34.215;1000;10010663482;S
20240402;100821;34.22;880;10010663585;S
20240402;100823;34.225;1000;10010664347;S
20240402;100826;34.225;1000;10010664944;S
20240402;100829;34.225;1000;10010665604;S
20240402;100838;34.23;600;10010667320;B
20240402;100838;34.23;100;10010667321;B
20240402;100839;34.23;100;10010667511;B
20240402;100839;34.23;100;10010667512;B
20240402;100839;34.235;100;10010667513;B
20240402;100839;34.235;100;10010667514;B
20240402;100839;34.235;70;10010667515;B
20240402;100842;34.235;20;10010668124;S
20240402;100845;34.24;90;10010668687;B
20240402;100845;34.24;100;10010668688;B
20240402;100845;34.24;490;10010668689;B
20240402;100845;34.27;490;10010668746;B
20240402;100845;34.275;10;10010668747;B
20240402;100845;34.255;400;10010668748;S
20240402;100845;34.275;500;10010668749;B
20240402;100845;34.27;300;10010668750;B
20240402;100845;34.27;180;10010668756;B
20240402;100845;34.275;70;10010668757;B
20240402;100846;34.27;320;10010668769;B
20240402;100846;34.275;80;10010668770;B
20240402;100846;34.275;10;10010668844;B
20240402;100846;34.26;300;10010668851;S
20240402;100846;34.27;480;10010668852;S
20240402;100846;34.27;20;10010668935;B
20240402;100848;34.28;70;10010669220;B
20240402;100849;34.28;410;10010669490;B
20240402;100849;34.285;190;10010669491;B
20240402;100850;34.295;10;10010669609;B
20240402;100852;34.295;30;10010669986;B
20240402;100855;34.295;130;10010670462;B
20240402;100857;34.27;480;10010671181;S
20240402;100857;34.265;1000;10010671182;S
20240402;100857;34.265;520;10010671183;S
20240402;100909;34.275;20;10010674140;B
20240402;100922;34.27;20;10010676863;S
20240402;100929;34.27;300;10010678348;B
20240402;100930;34.275;20;10010678568;B
20240402;100935;34.27;70;10010679949;B
20240402;100943;34.27;20;10010681621;B
20240402;100944;34.265;10;10010681933;S
20240402;100947;34.255;100;10010682372;S
20240402;100947;34.255;10;10010682373;S
20240402;100947;34.255;1000;10010682374;S
20240402;100947;34.255;870;10010682375;S
20240402;100947;34.25;2920;10010682376;S
20240402;100950;34.245;100;10010683099;S
20240402;100955;34.25;50;10010683885;B
20240402;100956;34.25;40;10010684201;B
20240402;100957;34.25;9850;10010684491;B
20240402;101005;34.265;10;10010685964;B
20240402;101006;34.255;10;10010686111;S
20240402;101016;34.265;30;10010688121;B
20240402;101016;34.27;370;10010688122;B
20240402;101033;34.265;10;10010692298;B
20240402;101037;34.265;30;10010693078;B
20240402;101055;34.265;10;10010696372;B
20240402;101106;34.265;500;10010698920;S
20240402;101111;34.27;20;10010699824;B
20240402;101117;34.265;40;10010700876;S
20240402;101122;34.265;10;10010701830;S
20240402;101128;34.265;40;10010702812;S
20240402;101128;34.27;70;10010702874;B
20240402;101128;34.27;430;10010702875;B
20240402;101129;34.27;70;10010702990;B
20240402;101129;34.27;150;10010702991;B
20240402;101129;34.275;2930;10010702992;B
20240402;101129;34.275;1130;10010702993;B
20240402;101129;34.275;720;10010702994;B
20240402;101129;34.285;480;10010702995;S
20240402;101129;34.28;20;10010702996;S
20240402;101129;34.28;500;10010702997;S
20240402;101129;34.285;30;10010703160;B
20240402;101129;34.285;370;10010703246;B
20240402;101130;34.295;10;10010703460;B
20240402;101139;34.295;100;10010704819;B
20240402;101146;34.295;60;10010706419;B
20240402;101146;34.295;1620;10010706435;B
20240402;101147;34.3;10;10010706585;B
20240402;101147;34.3;480;10010706586;B
20240402;101151;34.31;260;10010707296;S
20240402;101153;34.31;570;10010707885;S
20240402;101213;34.31;30;10010711715;S
20240402;101214;34.31;140;10010711836;S
20240402;101214;34.31;250;10010711837;S
20240402;101214;34.31;820;10010711838;S
20240402;101214;34.305;480;10010711839;S
20240402;101214;34.305;340;10010711840;S
20240402;101226;34.315;20;10010714156;B
20240402;101226;34.315;40;10010714157;B
20240402;101233;34.305;450;10010715427;S
20240402;101248;34.315;130;10010717644;B
20240402;101248;34.315;10;10010717718;B
20240402;101309;34.305;660;10010721724;S
20240402;101309;34.305;60;10010721725;S
20240402;101309;34.305;800;10010721726;S
20240402;101309;34.305;10490;10010721727;S
20240402;101309;34.3;100;10010721728;S
20240402;101317;34.295;10;10010723132;S
20240402;101317;34.295;30;10010723133;S
20240402;101317;34.285;20;10010723134;S
20240402;101322;34.29;10;10010724136;B
20240402;101336;34.275;50;10010727099;S
20240402;101336;34.275;270;10010727100;S
20240402;101339;34.285;10;10010727498;B
20240402;101349;34.27;170;10010730487;S
20240402;101353;34.285;1990;10010731165;B
20240402;101353;34.29;470;10010731166;B
20240402;101353;34.29;890;10010731167;B
20240402;101353;34.295;2920;10010731168;B
20240402;101353;34.295;3000;10010731169;B
20240402;101353;34.295;8740;10010731170;B
20240402;101353;34.295;20;10010731171;B
20240402;101353;34.3;10370;10010731172;B
20240402;101356;34.3;30;10010731791;B
20240402;101359;34.285;80;10010732195;S
20240402;101409;34.285;10;10010733906;S
20240402;101409;34.285;40;10010733964;S
20240402;101417;34.3;3350;10010735302;B
20240402;101419;34.285;20;10010735819;S
20240402;101424;34.3;10;10010736813;B
20240402;101431;34.285;10;10010738282;S
20240402;101432;34.3;10;10010738549;B
20240402;101434;34.3;100;10010738808;B
20240402;101435;34.285;600;10010738934;S
20240402;101439;34.285;10;10010739661;S
20240402;101439;34.285;100;10010739662;S
20240402;101439;34.28;40;10010739663;S
20240402;101439;34.295;10;10010739707;B
20240402;101458;34.285;100;10010743646;S
20240402;101458;34.285;160;10010743647;S
20240402;101511;34.295;20;10010746950;B
20240402;101511;34.29;50;10010746979;S
20240402;101512;34.29;50;10010747233;S
20240402;101514;34.29;1130;10010747623;S
20240402;101515;34.285;300;10010747776;S
20240402;101515;34.285;20;10010747777;S
20240402;101515;34.285;810;10010747778;S
20240402;101520;34.29;40;10010748842;B
20240402;101542;34.29;500;10010753531;B
20240402;101542;34.29;1100;10010753532;B
20240402;101542;34.295;910;10010753533;B
20240402;101542;34.295;2920;10010753534;B
20240402;101542;34.3;4570;10010753535;B
20240402;101553;34.3;10;10010756169;B
20240402;101555;34.3;10;10010756741;B
20240402;101556;34.295;10;10010757107;S
20240402;101600;34.3;60;10010758045;B
20240402;101600;34.295;10;10010758072;S
20240402;101605;34.3;10;10010759259;B
20240402;101609;34.3;10000;10010760338;B
20240402;101611;34.295;10;10010760777;S
20240402;101613;34.29;10;10010761306;S
20240402;101621;34.29;10;10010762995;S
20240402;101626;34.29;10;10010764060;S
20240402;101627;34.29;10;10010764112;S
20240402;101627;34.29;1090;10010764118;S
20240402;101639;34.29;10;10010766179;B
20240402;101643;34.29;40;10010767030;B
20240402;101643;34.29;20;10010767031;B
20240402;101646;34.285;20;10010767644;S
20240402;101650;34.295;10;10010768362;B
20240402;101658;34.29;10;10010769923;B
20240402;101658;34.285;20;10010769946;S
20240402;101706;34.29;1320;10010771395;B
20240402;101709;34.295;50;10010772111;B
20240402;101711;34.295;20;10010772786;B
20240402;101722;34.295;130;10010775689;B
20240402;101728;34.295;100;10010776609;B
20240402;101741;34.295;2490;10010778810;B
20240402;101741;34.295;210;10010778811;B
20240402;101745;34.295;1000;10010779965;B
20240402;101748;34.295;100;10010780459;B
20240402;101749;34.29;10;10010780814;S
20240402;101750;34.295;1000;10010781232;B
20240402;101751;34.29;110;10010781439;S
20240402;101758;34.295;20;10010783066;B
20240402;101802;34.295;80;10010784170;B
20240402;101805;34.29;10;10010784813;S
20240402;101810;34.29;320;10010786003;S
20240402;101813;34.295;10;10010786818;B
20240402;101813;34.29;230;10010786924;S
20240402;101813;34.29;200;10010786925;S
20240402;101823;34.29;300;10010789277;S
20240402;101823;34.29;80;10010789278;S
20240402;101826;34.29;10;10010790262;B
20240402;101829;34.29;10;10010791175;B
20240402;101829;34.285;10;10010791204;S
20240402;101833;34.29;40;10010792023;B
20240402;101834;34.285;40;10010792179;S
20240402;101835;34.29;10;10010792351;B
20240402;101847;34.29;200;10010795538;B
20240402;101847;34.29;290;10010795539;B
20240402;101850;34.295;10;10010796176;B
20240402;101853;34.29;10;10010796866;B
20240402;101857;34.29;20;10010797821;B
20240402;101858;34.285;30;10010797969;S
20240402;101901;34.29;10;10010798806;B
20240402;101903;34.285;90;10010799356;S
20240402;101905;34.29;80;10010799634;B
20240402;101907;34.285;30;10010799938;S
20240402;101907;34.29;10;10010800034;B
20240402;101916;34.29;20;10010801496;B
20240402;101917;34.29;130;10010801657;B
20240402;101920;34.29;20;10010802325;B
20240402;101921;34.29;550;10010802492;B
20240402;101921;34.29;890;10010802493;B
20240402;101921;34.295;10;10010802494;B
20240402;101928;34.285;50;10010804594;S
20240402;101930;34.295;990;10010805339;B
20240402;101930;34.295;880;10010805340;B
20240402;101930;34.295;2130;10010805341;B
20240402;101930;34.295;200;10010805342;B
20240402;101930;34.295;200;10010805343;B
20240402;101930;34.295;1130;10010805344;B
20240402;101930;34.295;1270;10010805345;B
20240402;101930;34.3;28350;10010805346;B
20240402;101930;34.3;2320;10010805347;B
20240402;101931;34.3;20;10010805617;B
20240402;101938;34.3;30;10010807796;B
20240402;101942;34.3;18070;10010809214;B
20240402;101953;34.295;70;10010813095;S
20240402;101957;34.3;10;10010814446;B
20240402;101958;34.295;30;10010814613;S
20240402;101958;34.3;10000;10010814619;B
20240402;102003;34.295;630;10010816207;S
20240402;102006;34.3;10;10010817027;B
20240402;102007;34.3;3000;10010817471;B
20240402;102007;34.3;220;10010817472;B
20240402;102019;34.295;300;10010820161;B
20240402;102024;34.295;100;10010823532;B
20240402;102032;34.295;1200;10010827992;B
20240402;102032;34.3;300;10010827993;B
20240402;102033;34.295;1200;10010828151;S
20240402;102033;34.3;2000;10010828525;B
20240402;102035;34.295;100;10010829535;S
20240402;102039;34.295;10;10010831131;S
20240402;102040;34.295;130;10010831378;S
20240402;102042;34.3;50;10010832113;B
20240402;102043;34.3;9970;10010833243;B
20240402;102043;34.3;2400;10010833245;B
20240402;102043;34.3;1000;10010833246;B
20240402;102047;34.3;320;10010834373;B
20240402;102052;34.3;200;10010836639;B
20240402;102059;34.3;10;10010839576;B
20240402;102115;34.3;1080;10010846472;B
20240402;102115;34.3;80;10010846473;B
20240402;102115;34.3;10;10010846474;B
20240402;102115;34.3;330;10010846475;B
20240402;102116;34.3;10;10010846654;B
20240402;102117;34.3;10;10010846872;B
20240402;102121;34.295;60;10010848981;S
20240402;102123;34.295;200;10010849711;S
20240402;102123;34.3;100;10010849743;B
20240402;102125;34.3;120;10010850099;B
20240402;102134;34.295;20;10010852686;S
20240402;102143;34.3;10;10010857355;B
20240402;102143;34.3;50;10010857426;B
20240402;102145;34.295;280;10010858082;S
20240402;102152;34.3;20;10010860891;B
20240402;102155;34.3;250;10010862446;B
20240402;102200;34.295;100;10010863821;S
20240402;102201;34.295;4400;10010864705;S
20240402;102201;34.295;20;10010864706;S
20240402;102201;34.295;1390;10010864707;S
20240402;102202;34.295;10;10010864865;B
20240402;102205;34.295;100;10010866505;B
20240402;102214;34.295;10;10010869881;B
20240402;102214;34.29;10;10010869949;S
20240402;102215;34.295;10;10010870718;B
20240402;102216;34.29;680;10010871094;S
20240402;102218;34.29;200;10010871553;S
20240402;102221;34.295;20;10010872110;B
20240402;102223;34.29;660;10010873405;S
20240402;102229;34.295;10;10010875521;B
20240402;102230;34.29;170;10010875893;S
20240402;102236;34.295;10;10010878479;B
20240402;102241;34.29;90;10010880093;S
20240402;102245;34.295;70;10010881793;B
20240402;102247;34.295;10;10010882480;B
20240402;102248;34.29;20;10010882963;S
20240402;102252;34.295;10;10010884343;B
20240402;102258;34.29;50;10010886986;S
20240402;102313;34.295;40;10010892421;B
20240402;102316;34.29;3120;10010893206;S
20240402;102316;34.29;100;10010893207;S
20240402;102316;34.29;50;10010893208;S
20240402;102316;34.29;1400;10010893209;S
20240402;102316;34.285;330;10010893210;S
20240402;102330;34.285;80;10010898952;S
20240402;102339;34.285;70;10010902031;S
20240402;102348;34.285;10;10010905085;S
20240402;102353;34.285;90;10010906779;S
20240402;102355;34.285;3000;10010907477;S
20240402;102357;34.285;1950;10010908253;S
20240402;102357;34.29;10;10010908259;B
20240402;102357;34.29;10;10010908265;B
20240402;102401;34.29;10;10010909801;B
20240402;102403;34.29;10;10010910391;B
20240402;102403;34.29;2620;10010910398;B
20240402;102403;34.29;380;10010910399;B
20240402;102404;34.29;10110;10010910624;B
20240402;102404;34.29;1400;10010910625;B
20240402;102412;34.295;310;10010912958;B
20240402;102419;34.29;600;10010915922;S
20240402;102428;34.295;20;10010918955;B
20240402;102428;34.29;30;10010918994;S
20240402;102430;34.29;120;10010919343;S
20240402;102431;34.29;500;10010919991;S
20240402;102431;34.29;100;10010919992;S
20240402;102431;34.29;100;10010919993;S
20240402;102432;34.295;10;10010920443;B
20240402;102446;34.295;100;10010926501;B
20240402;102447;34.295;40;10010926722;B
20240402;102448;34.29;600;10010926834;S
20240402;102457;34.295;100;10010930301;B
20240402;102500;34.295;2950;10010931344;B
20240402;102502;34.29;140;10010932370;S
20240402;102503;34.295;40;10010932500;B
20240402;102508;34.29;10;10010934116;S
20240402;102511;34.29;60;10010935142;S
20240402;102511;34.295;50;10010935195;B
20240402;102516;34.295;1500;10010937535;B
20240402;102522;34.295;100;10010940176;B
20240402;102528;34.29;50;10010942858;S
20240402;102531;34.29;10;10010943375;S
20240402;102532;34.295;10;10010943654;B
20240402;102536;34.295;100;10010944249;B
20240402;102545;34.29;520;10010948252;S
20240402;102546;34.295;3370;10010948585;B
20240402;102546;34.295;70;10010948660;B
20240402;102552;34.295;120;10010950132;B
20240402;102610;34.29;20;10010958962;S
20240402;102611;34.295;500;10010959249;B
20240402;102611;34.295;10;10010959250;B
20240402;102611;34.295;10;10010959251;B
20240402;102611;34.295;80;10010959252;B
20240402;102612;34.295;10;10010959596;S
20240402;102612;34.295;30;10010959599;S
20240402;102612;34.295;20;10010959607;S
20240402;102612;34.295;260;10010959618;S
20240402;102613;34.295;10;10010959627;S
20240402;102613;34.295;10;10010959642;S
20240402;102613;34.295;20;10010959672;S
20240402;102613;34.295;20;10010959675;S
20240402;102613;34.295;10;10010959692;S
20240402;102613;34.295;10;10010959704;S
20240402;102613;34.295;10;10010959709;S
20240402;102614;34.295;30;10010959759;S
20240402;102614;34.295;10;10010959785;S
20240402;102614;34.295;10;10010959848;S
20240402;102614;34.295;40;10010959865;S
20240402;102615;34.295;10;10010959930;S
20240402;102616;34.295;10;10010960043;S
20240402;102618;34.3;20;10010960355;B
20240402;102640;34.3;10;10010969004;B
20240402;102653;34.295;10;10010973410;S
20240402;102656;34.3;10;10010974039;B
20240402;102657;34.3;170;10010974240;B
20240402;102658;34.3;10;10010974432;B
20240402;102700;34.295;80;10010974826;S
20240402;102702;34.3;10;10010975250;B
20240402;102702;34.3;10;10010975269;B
20240402;102711;34.3;110;10010976535;B
20240402;102714;34.295;890;10010977042;S
20240402;102724;34.3;10000;10010979051;B
20240402;102731;34.3;100;10010980280;B
20240402;102732;34.295;30;10010980459;S
20240402;102733;34.3;10;10010980663;B
20240402;102736;34.3;20;10010981042;B
20240402;102756;34.3;10;10010984615;B
20240402;102758;34.3;300;10010985038;B
20240402;102803;34.3;50;10010985808;B
20240402;102809;34.3;10;10010986831;B
20240402;102812;34.3;10;10010987279;B
20240402;102818;34.3;50;10010988205;B
20240402;102840;34.3;3190;10010992537;B
20240402;102840;34.3;550;10010992538;B
20240402;102840;34.3;10;10010992539;B
20240402;102840;34.3;10;10010992540;B
20240402;102840;34.3;20;10010992541;B
20240402;102840;34.3;10;10010992542;B
20240402;102840;34.3;10;10010992543;B
20240402;102840;34.3;200;10010992544;B
20240402;102847;34.295;550;10010994130;S
20240402;102847;34.295;10;10010994131;S
20240402;102847;34.295;10;10010994132;S
20240402;102847;34.295;990;10010994133;S
20240402;102847;34.3;10;10010994175;B
20240402;102848;34.3;10;10010994405;B
20240402;102848;34.305;20;10010994602;B
20240402;102848;34.31;680;10010994603;B
20240402;102848;34.31;1450;10010994604;B
20240402;102848;34.315;1130;10010994605;B
20240402;102848;34.32;2480;10010994606;B
20240402;102848;34.32;1000;10010994607;B
20240402;102848;34.325;30;10010994608;B
20240402;102848;34.325;500;10010994609;B
20240402;102848;34.325;140;10010994610;B
20240402;102848;34.325;70;10010994611;B
20240402;102848;34.325;7500;10010994612;B
20240402;102848;34.33;10;10010994618;B
20240402;102848;34.335;990;10010994619;B
20240402;102848;34.335;1000;10010994621;B
20240402;102848;34.335;1000;10010994622;B
20240402;102848;34.335;1110;10010994623;B
20240402;102848;34.34;890;10010994624;B
20240402;102848;34.33;600;10010994666;B
20240402;102848;34.315;490;10010994688;S
20240402;102848;34.315;90;10010994689;S
20240402;102849;34.315;10;10010994737;S
20240402;102849;34.31;30;10010994738;S
20240402;102849;34.31;130;10010994739;S
20240402;102852;34.315;610;10010995584;S
20240402;102852;34.315;940;10010995585;S
20240402;102913;34.325;200;10011001431;B
20240402;102939;34.325;10;10011006973;B
20240402;102939;34.325;10;10011006974;B
20240402;102939;34.325;10;10011006975;B
20240402;102939;34.325;20;10011006976;B
20240402;102939;34.325;20;10011007221;B
20240402;102954;34.325;70;10011011754;B
20240402;102954;34.325;1930;10011011755;B
20240402;103012;34.33;10;10011015220;B
20240402;103026;34.325;100;10011017206;S
20240402;103034;34.325;160;10011018715;S
20240402;103037;34.325;700;10011019224;S
20240402;103038;34.325;30;10011019374;S
20240402;103041;34.325;160;10011019825;S
20240402;103043;34.325;160;10011020173;S
20240402;103048;34.325;320;10011021660;S
20240402;103051;34.325;480;10011022241;S
20240402;103054;34.33;40;10011022673;B
20240402;103054;34.325;220;10011022699;S
20240402;103057;34.325;10;10011023148;S
20240402;103100;34.33;50;10011023654;B
20240402;103101;34.325;100;10011023714;S
20240402;103101;34.325;160;10011023781;S
20240402;103103;34.33;100;10011023990;B
20240402;103113;34.33;20;10011026429;B
20240402;103117;34.33;10;10011026951;B
20240402;103119;34.325;10;10011027259;S
20240402;103124;34.33;100;10011027967;B
20240402;103133;34.33;70;10011029625;B
20240402;103133;34.33;130;10011029626;B
20240402;103136;34.33;10;10011029973;B
20240402;103139;34.325;10;10011030640;S
20240402;103140;34.325;50;10011030802;S
20240402;103149;34.33;50;10011032929;B
20240402;103152;34.33;20;10011033554;B
20240402;103154;34.33;20;10011033786;B
20240402;103155;34.33;270;10011034046;B
20240402;103155;34.33;230;10011034047;B
20240402;103201;34.325;20;10011034802;S
20240402;103206;34.33;50;10011035664;B
20240402;103206;34.33;10;10011035732;B
20240402;103207;34.33;2910;10011035781;B
20240402;103217;34.33;30;10011037619;B
20240402;103222;34.325;800;10011038647;S
20240402;103223;34.33;840;10011038934;B
20240402;103224;34.325;760;10011039074;S
20240402;103225;34.33;100;10011039130;B
20240402;103229;34.325;1390;10011039844;S
20240402;103239;34.325;320;10011041346;S
20240402;103240;34.33;2180;10011041365;B
20240402;103240;34.33;20;10011041366;B
20240402;103240;34.33;10;10011041367;B
20240402;103240;34.33;20;10011041368;B
20240402;103240;34.33;10;10011041369;B
20240402;103240;34.33;20;10011041370;B
20240402;103240;34.33;20;10011041371;B
20240402;103240;34.33;10;10011041372;B
20240402;103240;34.33;1280;10011041373;B
20240402;103243;34.335;1520;10011041937;S
20240402;103248;34.33;20;10011042661;S
20240402;103251;34.33;20;10011043293;S
20240402;103252;34.33;20;10011043628;S
20240402;103253;34.33;20;10011043713;S
20240402;103253;34.33;20;10011043740;S
20240402;103253;34.33;20;10011043782;S
20240402;103253;34.33;20;10011043850;S
20240402;103254;34.33;20;10011043885;S
20240402;103254;34.33;10;10011043908;S
20240402;103254;34.33;5000;10011043955;S
20240402;103300;34.335;40;10011044787;B
20240402;103302;34.335;1480;10011045075;B
20240402;103307;34.34;100;10011048936;B
20240402;103309;34.34;10;10011050261;B
20240402;103318;34.34;10;10011054257;B
20240402;103324;34.335;10;10011055278;S
20240402;103334;34.335;80;10011058071;S
20240402;103336;34.34;10;10011058635;B
20240402;103342;34.335;80;10011060637;S
20240402;103343;34.34;10;10011060927;B
20240402;103343;34.335;2910;10011061025;S
20240402;103343;34.335;90;10011061026;S
20240402;103343;34.335;30;10011061064;S
20240402;103353;34.34;350;10011063235;B
20240402;103353;34.34;4400;10011063236;B
20240402;103353;34.345;680;10011063237;B
20240402;103353;34.345;1510;10011063238;B
20240402;103409;34.345;480;10011066363;S
20240402;103412;34.35;150;10011066961;B
20240402;103412;34.35;200;10011066962;B
20240402;103412;34.35;1100;10011066963;B
20240402;103421;34.35;20;10011068710;B
20240402;103423;34.35;20;10011068926;B
20240402;103430;34.345;120;10011070665;S
20240402;103442;34.35;100;10011073527;B
20240402;103443;34.35;60;10011073743;B
20240402;103443;34.355;140;10011073744;B
20240402;103444;34.345;240;10011074032;S
20240402;103452;34.35;240;10011076384;B
20240402;103453;34.35;10;10011076493;B
20240402;103454;34.35;500;10011076734;S
20240402;103454;34.345;500;10011076735;S
20240402;103454;34.345;500;10011076736;S
20240402;103455;34.355;10;10011076967;B
20240402;103513;34.355;10;10011081109;B
20240402;103513;34.355;160;10011081168;S
20240402;103518;34.355;10;10011082545;S
20240402;103529;34.355;50;10011084419;S
20240402;103530;34.36;10;10011084529;B
20240402;103530;34.36;800;10011084530;B
20240402;103530;34.36;640;10011084531;B
20240402;103535;34.36;30;10011085246;B
20240402;103539;34.36;10;10011085954;B
20240402;103540;34.36;300;10011086129;B
20240402;103545;34.355;770;10011087016;S
20240402;103545;34.355;1490;10011087017;S
20240402;103545;34.35;1740;10011087018;S
20240402;103549;34.36;10;10011087868;B
20240402;103615;34.36;10;10011092707;B
20240402;103615;34.36;130;10011092709;S
20240402;103615;34.355;370;10011092710;S
20240402;103618;34.36;10;10011093233;B
20240402;103619;34.36;1730;10011093737;B
20240402;103619;34.36;320;10011093738;B
20240402;103623;34.36;40;10011094752;B
20240402;103632;34.355;50;10011097284;S
20240402;103633;34.355;10;10011097533;S
20240402;103635;34.36;50;10011098098;B
20240402;103635;34.36;450;10011098099;B
20240402;103635;34.36;510;10011098190;B
20240402;103636;34.365;20;10011098387;B
20240402;103636;34.365;1430;10011098388;B
20240402;103641;34.365;1000;10011099329;B
20240402;103650;34.365;27570;10011100701;B
20240402;103650;34.365;10;10011100702;B
20240402;103650;34.37;10470;10011100703;B
20240402;103650;34.375;130;10011100704;B
20240402;103650;34.38;50;10011100705;B
20240402;103650;34.38;10;10011100706;B
20240402;103650;34.38;1500;10011100707;B
20240402;103650;34.38;1000;10011100708;B
20240402;103650;34.385;1000;10011100709;B
20240402;103650;34.39;10;10011100710;B
20240402;103650;34.39;200;10011100711;B
20240402;103650;34.39;10;10011100712;B
20240402;103650;34.39;3340;10011100713;B
20240402;103650;34.395;50;10011100714;B
20240402;103650;34.395;500;10011100715;B
20240402;103650;34.395;200;10011100716;B
20240402;103650;34.4;100;10011100717;B
20240402;103650;34.4;1500;10011100718;B
20240402;103650;34.4;4500;10011100719;B
20240402;103650;34.4;117850;10011100720;B
20240402;103700;34.395;20;10011102269;B
20240402;103700;34.38;50;10011102286;S
20240402;103700;34.38;40;10011102425;S
20240402;103701;34.395;110;10011102595;B
20240402;103701;34.395;1950;10011102596;B
20240402;103701;34.38;100;10011102600;S
20240402;103701;34.38;10;10011102602;S
20240402;103702;34.395;10;10011102811;B
20240402;103705;34.395;3040;10011103404;B
20240402;103705;34.395;50;10011103405;B
20240402;103705;34.4;2150;10011103406;B
20240402;103705;34.4;200;10011103407;B
20240402;103705;34.4;10460;10011103408;B
20240402;103705;34.4;100;10011103409;B
20240402;103707;34.38;20;10011103650;S
20240402;103712;34.38;250;10011104413;S
20240402;103719;34.38;600;10011105544;S
20240402;103724;34.395;20;10011106350;B
20240402;103726;34.395;130;10011106746;B
20240402;103726;34.395;4870;10011106747;B
20240402;103739;34.395;60;10011109703;B
20240402;103739;34.395;70;10011109784;B
20240402;103739;34.395;20;10011109785;B
20240402;103739;34.4;260;10011109786;B
20240402;103741;34.4;100;10011110641;B
20240402;103745;34.4;3000;10011111946;B
20240402;103800;34.4;20;10011115017;B
20240402;103805;34.4;3500;10011115853;B
20240402;103806;34.4;450;10011115919;B
20240402;103812;34.4;1450;10011116827;B
20240402;103813;34.4;40;10011116952;B
20240402;103813;34.4;40;10011116954;B
20240402;103813;34.39;10;10011116987;S
20240402;103815;34.4;10;10011117301;B
20240402;103828;34.4;1000;10011119451;B
20240402;103833;34.4;10000;10011120174;B
20240402;103837;34.4;10;10011120783;B
20240402;103844;34.395;50;10011121901;S
20240402;103847;34.4;120;10011122336;B
20240402;103847;34.4;200;10011122337;B
20240402;103847;34.4;30;10011122338;B
20240402;103847;34.4;20;10011122339;B
20240402;103847;34.4;10;10011122340;B
20240402;103847;34.4;10;10011122341;B
20240402;103847;34.4;110;10011122342;B
20240402;103851;34.4;20;10011123025;B
20240402;103852;34.4;10;10011123107;B
20240402;103856;34.4;30;10011123869;B
20240402;103858;34.395;80;10011124449;S
20240402;103858;34.385;1390;10011124450;S
20240402;103858;34.385;1030;10011124451;S
20240402;103902;34.395;30;10011126240;B
20240402;103906;34.395;20;10011127293;B
20240402;103906;34.395;10;10011127295;B
20240402;103906;34.395;20;10011127385;B
20240402;103906;34.395;10;10011127387;B
20240402;103906;34.395;20;10011127388;B
20240402;103906;34.395;20;10011127448;B
20240402;103915;34.395;10;10011129545;B
20240402;103916;34.395;20;10011129771;B
20240402;103916;34.385;10;10011129908;S
20240402;103919;34.395;40;10011130260;B
20240402;103923;34.39;400;10011130806;S
20240402;103926;34.39;10;10011131420;B
20240402;103928;34.39;100;10011131639;B
20240402;103936;34.385;280;10011132854;S
20240402;103937;34.39;280;10011132978;B
20240402;103941;34.385;220;10011133521;S
20240402;103942;34.39;20;10011133596;B
20240402;103947;34.39;90;10011134291;B
20240402;103956;34.395;180;10011135966;B
20240402;103957;34.4;700;10011136054;B
20240402;103957;34.4;20;10011136107;B
20240402;104004;34.4;40;10011137208;B
20240402;104004;34.4;4090;10011137241;B
20240402;104004;34.4;20000;10011137242;B
20240402;104004;34.4;5900;10011137243;B
20240402;104005;34.4;280;10011137338;B
20240402;104005;34.4;20;10011137339;B
20240402;104005;34.4;100;10011137340;B
20240402;104005;34.4;2000;10011137341;B
20240402;104005;34.4;17600;10011137342;B
20240402;104005;34.4;2400;10011137343;B
20240402;104005;34.4;2400;10011137344;B
20240402;104005;34.4;1830;10011137345;B
20240402;104005;34.4;1490;10011137346;B
20240402;104005;34.4;10;10011137354;B
20240402;104005;34.4;20;10011137418;B
20240402;104005;34.4;90;10011137467;B
20240402;104006;34.4;10;10011137531;B
20240402;104010;34.4;10;10011138076;B
20240402;104010;34.4;10;10011138077;B
20240402;104010;34.4;40;10011138078;B
20240402;104010;34.4;10;10011138283;B
20240402;104010;34.4;20;10011138284;B
20240402;104010;34.4;30;10011138285;B
20240402;104011;34.4;10;10011138490;B
20240402;104011;34.4;86900;10011138546;B
20240402;104011;34.4;2000;10011138547;B
20240402;104011;34.4;10;10011138548;B
20240402;104012;34.4;80;10011138587;B
20240402;104012;34.4;10;10011138588;B
20240402;104012;34.4;10;10011138718;B
20240402;104012;34.4;10;10011138719;B
20240402;104012;34.4;10;10011138720;B
20240402;104013;34.4;20;10011138788;B
20240402;104014;34.4;20;10011138938;B
20240402;104014;34.4;30;10011138939;B
20240402;104014;34.4;60;10011138940;B
20240402;104015;34.4;990;10011139086;B
20240402;104015;34.4;20;10011139087;B
20240402;104016;34.4;150;10011139279;B
20240402;104022;34.4;50;10011140259;B
20240402;104026;34.4;10;10011140915;B
20240402;104026;34.4;30;10011140916;B
20240402;104026;34.4;30;10011140917;B
20240402;104026;34.4;140;10011140918;B
20240402;104027;34.4;40;10011141067;B
20240402;104029;34.4;50;10011141382;B
20240402;104030;34.4;50;10011141472;B
20240402;104036;34.4;500;10011142412;B
20240402;104042;34.4;30;10011144344;B
20240402;104042;34.4;1180;10011144388;B
20240402;104044;34.395;200;10011144967;S
20240402;104048;34.4;30;10011146025;B
20240402;104050;34.4;10;10011146583;B
20240402;104051;34.395;80;10011146860;S
20240402;104051;34.395;20;10011146861;S
20240402;104056;34.4;60;10011148048;B
20240402;104105;34.4;50;10011149897;B
20240402;104106;34.4;150;10011150045;B
20240402;104110;34.4;200;10011150803;B
20240402;104118;34.4;36210;10011152063;B
20240402;104118;34.4;500;10011152064;B
20240402;104118;34.4;5000;10011152065;B
20240402;104118;34.4;30;10011152066;B
20240402;104118;34.4;10;10011152067;B
20240402;104118;34.4;10;10011152068;B
20240402;104119;34.4;140;10011152168;B
20240402;104122;34.4;500;10011152704;B
20240402;104124;34.4;7960;10011153154;B
20240402;104124;34.4;30;10011153155;B
20240402;104124;34.4;10;10011153156;B
20240402;104129;34.395;30;10011153998;S
20240402;104129;34.395;110;10011153999;S
20240402;104129;34.395;300;10011154001;B
20240402;104129;34.395;170;10011154002;B
20240402;104130;34.4;300;10011154188;B
20240402;104132;34.39;20;10011154600;S
20240402;104132;34.39;50;10011154601;S
20240402;104132;34.39;330;10011154602;S
20240402;104132;34.4;10;10011154603;B
20240402;104136;34.4;460;10011155335;B
20240402;104136;34.4;20;10011155336;B
20240402;104136;34.4;130;10011155337;B
20240402;104136;34.4;10;10011155340;B
20240402;104139;34.4;90;10011155879;B
20240402;104140;34.4;10;10011156145;B
20240402;104143;34.395;100;10011156963;S
20240402;104145;34.4;10;10011157261;B
20240402;104148;34.39;100;10011157604;S
20240402;104148;34.39;10;10011157605;S
20240402;104148;34.39;870;10011157606;S
20240402;104149;34.395;10;10011157829;S
20240402;104149;34.395;10;10011157830;S
20240402;104149;34.395;750;10011157831;S
20240402;104150;34.4;10;10011157931;B
20240402;104207;34.4;300;10011160814;B
20240402;104208;34.4;1000;10011160990;B
20240402;104210;34.4;20;10011161168;B
20240402;104217;34.395;20;10011162413;B
20240402;104217;34.395;590;10011162462;B
20240402;104217;34.4;2410;10011162463;B
20240402;104218;34.395;310;10011162552;B
20240402;104218;34.4;3720;10011162553;B
20240402;104220;34.4;8000;10011162930;B
20240402;104223;34.4;10;10011163425;B
20240402;104231;34.395;1500;10011165207;S
20240402;104231;34.395;10;10011165208;S
20240402;104231;34.39;3490;10011165209;S
20240402;104236;34.4;30;10011166066;B
20240402;104236;34.4;1740;10011166140;B
20240402;104236;34.4;30;10011166141;B
20240402;104236;34.4;500;10011166142;B
20240402;104236;34.4;40;10011166143;B
20240402;104236;34.4;20;10011166144;B
20240402;104236;34.4;10;10011166145;B
20240402;104236;34.4;3410;10011166146;B
20240402;104238;34.395;10;10011166362;B
20240402;104240;34.395;40;10011166655;B
20240402;104241;34.395;100;10011166900;B
20240402;104241;34.4;190;10011166901;B
20240402;104243;34.39;550;10011167159;S
20240402;104243;34.39;10;10011167160;S
20240402;104243;34.385;130;10011167161;S
20240402;104247;34.39;10;10011167760;S
20240402;104247;34.39;190;10011167761;S
20240402;104250;34.385;21180;10011168247;S
20240402;104250;34.385;8820;10011168248;S
20240402;104251;34.38;10;10011168474;S
20240402;104256;34.395;10;10011169126;B
20240402;104302;34.395;70;10011170255;B
20240402;104302;34.395;1230;10011170256;B
20240402;104309;34.39;40;10011171360;B
20240402;104309;34.395;150;10011171361;B
20240402;104309;34.395;740;10011171362;B
20240402;104309;34.395;500;10011171363;B
20240402;104309;34.395;370;10011171364;B
20240402;104309;34.39;20;10011171421;B
20240402;104319;34.39;10;10011172678;B
20240402;104323;34.39;10;10011173333;B
20240402;104323;34.395;1130;10011173334;B
20240402;104327;34.395;40;10011173867;B
20240402;104328;34.385;20;10011174091;S
20240402;104329;34.395;10;10011174245;B
20240402;104331;34.395;40;10011174475;B
20240402;104336;34.395;30;10011175668;B
20240402;104340;34.395;270;10011176165;B
20240402;104340;34.385;10;10011176243;S
20240402;104354;34.395;20;10011178742;B
20240402;104401;34.385;970;10011179807;S
20240402;104406;34.385;50;10011180714;B
20240402;104407;34.38;10;10011180943;S
20240402;104412;34.38;10;10011181722;S
20240402;104414;34.385;100;10011182253;B
20240402;104416;34.38;10;10011182484;S
20240402;104417;34.385;10;10011182604;B
20240402;104421;34.385;30;10011183172;B
20240402;104422;34.38;20;10011183226;S
20240402;104425;34.38;220;10011183557;S
20240402;104432;34.385;20;10011185031;B
20240402;104439;34.385;10;10011186570;B
20240402;104440;34.38;1130;10011186804;S
20240402;104440;34.38;390;10011186976;S
20240402;104440;34.38;100;10011186977;S
20240402;104440;34.38;500;10011186978;S
20240402;104440;34.38;140;10011186979;S
20240402;104440;34.38;860;10011187079;S
20240402;104440;34.38;60;10011187080;S
20240402;104440;34.375;10;10011187081;S
20240402;104440;34.375;200;10011187082;S
20240402;104440;34.37;10;10011187198;S
20240402;104452;34.37;60;10011189764;B
20240402;104454;34.37;30;10011190043;B
20240402;104455;34.37;480;10011190073;B
20240402;104512;34.365;10;10011193725;S
20240402;104516;34.365;30;10011194505;S
20240402;104516;34.365;30;10011194518;S
20240402;104516;34.365;30;10011194527;S
20240402;104516;34.365;30;10011194535;S
20240402;104516;34.365;30;10011194556;S
20240402;104516;34.365;20;10011194558;S
20240402;104520;34.365;10;10011195064;S
20240402;104520;34.365;10;10011195074;S
20240402;104520;34.365;10;10011195075;S
20240402;104520;34.365;10;10011195078;S
20240402;104520;34.365;10;10011195090;S
20240402;104520;34.365;10;10011195091;S
20240402;104520;34.365;10;10011195101;S
20240402;104520;34.365;10;10011195102;S
20240402;104520;34.37;150;10011195183;B
20240402;104524;34.365;10;10011195677;S
20240402;104531;34.37;10;10011197213;B
20240402;104541;34.365;10;10011198982;S
20240402;104543;34.37;1130;10011199230;B
20240402;104543;34.37;70;10011199231;B
20240402;104544;34.365;220;10011199302;S
20240402;104544;34.365;10470;10011199303;S
20240402;104544;34.365;1310;10011199304;S
20240402;104544;34.365;60;10011199305;S
20240402;104544;34.365;1600;10011199306;S
20240402;104544;34.36;720;10011199307;S
20240402;104544;34.355;20;10011199308;S
20240402;104544;34.355;3150;10011199309;S
20240402;104544;34.35;30;10011199310;S
20240402;104544;34.35;1000;10011199311;S
20240402;104544;34.35;5610;10011199312;S
20240402;104544;34.35;1500;10011199313;S
20240402;104544;34.345;11220;10011199314;S
20240402;104544;34.345;10;10011199315;S
20240402;104544;34.345;30;10011199316;S
20240402;104544;34.34;10;10011199317;S
20240402;104544;34.34;20;10011199318;S
20240402;104544;34.34;20;10011199319;S
20240402;104544;34.34;400;10011199320;S
20240402;104544;34.34;480;10011199321;S
20240402;104544;34.335;10;10011199322;S
20240402;104544;34.335;500;10011199323;S
20240402;104544;34.335;2000;10011199324;S
20240402;104544;34.335;1000;10011199325;S
20240402;104544;34.335;1600;10011199326;S
20240402;104544;34.335;320;10011199327;S
20240402;104544;34.335;10000;10011199328;S
20240402;104544;34.335;4000;10011199329;S
20240402;104544;34.335;12000;10011199330;S
20240402;104544;34.33;41260;10011199331;S
20240402;104544;34.325;9560;10011199332;S
20240402;104544;34.365;150;10011199360;B
20240402;104544;34.355;400;10011199373;S
20240402;104545;34.355;500;10011199417;S
20240402;104546;34.355;10;10011199676;S
20240402;104548;34.36;10;10011199780;B
20240402;104559;34.355;100;10011201658;B
20240402;104600;34.35;250;10011201725;S
20240402;104604;34.36;10;10011202296;B
20240402;104611;34.36;10;10011203224;B
20240402;104611;34.35;160;10011203234;S
20240402;104618;34.35;30;10011204324;S
20240402;104621;34.36;20;10011204829;B
20240402;104622;34.36;10;10011205061;B
20240402;104623;34.35;1500;10011205287;S
20240402;104625;34.35;20;10011205619;S
20240402;104626;34.35;130;10011205685;S
20240402;104627;34.35;1370;10011205955;S
20240402;104633;34.355;120;10011207245;B
20240402;104639;34.355;10;10011208298;B
20240402;104645;34.355;10;10011209165;B
20240402;104655;34.35;10;10011210685;S
20240402;104655;34.35;10;10011210686;S
20240402;104656;34.355;800;10011210834;B
20240402;104656;34.355;10;10011210868;B
20240402;104713;34.355;150;10011214685;B
20240402;104722;34.35;20;10011217228;S
20240402;104722;34.355;20;10011217323;B
20240402;104723;34.355;20;10011217650;B
20240402;104725;34.355;10;10011217944;B
20240402;104729;34.355;30;10011218567;B
20240402;104729;34.35;10;10011218588;S
20240402;104729;34.355;120;10011218639;B
20240402;104737;34.355;200;10011219650;B
20240402;104737;34.355;1130;10011219651;B
20240402;104749;34.355;100;10011221783;S
20240402;104750;34.355;500;10011221863;S
20240402;104753;34.36;10;10011222259;B
20240402;104754;34.36;100;10011222348;B
20240402;104756;34.36;30;10011222593;B
20240402;104759;34.36;30;10011223174;B
20240402;104800;34.355;400;10011223255;S
20240402;104800;34.355;50;10011223256;S
20240402;104800;34.355;300;10011223257;S
20240402;104800;34.35;10;10011223258;S
20240402;104800;34.35;10;10011223259;S
20240402;104800;34.35;10;10011223260;S
20240402;104800;34.35;20;10011223261;S
20240402;104800;34.35;30;10011223262;S
20240402;104800;34.345;10;10011223263;S
20240402;104800;34.345;160;10011223264;S
20240402;104802;34.35;10;10011223968;S
20240402;104803;34.34;20;10011224008;S
20240402;104803;34.34;20;10011224009;S
20240402;104807;34.35;120;10011225140;B
20240402;104813;34.35;10;10011226572;B
20240402;104814;34.34;10;10011226869;B
20240402;104816;34.35;10;10011227114;B
20240402;104816;34.345;30;10011227146;B
20240402;104817;34.345;20;10011227363;B
20240402;104822;34.345;20;10011228250;B
20240402;104825;34.345;310;10011228653;B
20240402;104830;34.345;10;10011229491;B
20240402;104832;34.345;1610;10011229960;B
20240402;104832;34.345;1390;10011229961;B
20240402;104840;34.345;1000;10011231751;B
20240402;104840;34.345;9000;10011231752;B
20240402;104841;34.345;810;10011232213;B
20240402;104845;34.34;3990;10011233112;S
20240402;104845;34.34;1210;10011233113;S
20240402;104845;34.335;10;10011233114;S
20240402;104845;34.335;10;10011233115;S
20240402;104847;34.335;60;10011233567;B
20240402;104849;34.335;4720;10011233828;B
20240402;104849;34.335;14000;10011233829;B
20240402;104849;34.34;1210;10011233830;B
20240402;104849;34.345;2770;10011233831;B
20240402;104849;34.345;10;10011233832;B
20240402;104849;34.35;350;10011233833;B
20240402;104849;34.35;1000;10011233834;B
20240402;104849;34.36;120;10011233835;B
20240402;104856;34.35;10;10011235100;B
20240402;104903;34.35;20;10011236009;B
20240402;104903;34.355;280;10011236010;B
20240402;104909;34.35;10;10011236948;S
20240402;104909;34.34;1010;10011236949;S
20240402;104911;34.34;20;10011237172;S
20240402;104912;34.355;100;10011237424;B
20240402;104926;34.34;30;10011239759;S
20240402;104928;34.34;20;10011240232;S
20240402;104930;34.34;30;10011240937;S
20240402;104931;34.355;30;10011240985;B
20240402;104934;34.355;120;10011241438;B
20240402;104934;34.355;380;10011241439;B
20240402;104936;34.34;100;10011241731;S
20240402;104937;34.34;10;10011241855;S
20240402;104946;34.34;50;10011243277;S
20240402;104952;34.355;620;10011244375;B
20240402;104952;34.355;260;10011244376;B
20240402;104952;34.36;120;10011244377;B
20240402;104955;34.355;30;10011244822;B
20240402;105002;34.355;10;10011246564;B
20240402;105009;34.355;60;10011247879;B
20240402;105015;34.355;60;10011248979;B
20240402;105015;34.355;10;10011248980;B
20240402;105015;34.355;10;10011248981;B
20240402;105015;34.355;10;10011248982;B
20240402;105016;34.36;20;10011249145;B
20240402;105030;34.36;10;10011251809;B
20240402;105034;34.36;140;10011252498;B
20240402;105040;34.355;10;10011253210;S
20240402;105040;34.355;130;10011253211;S
20240402;105042;34.36;10;10011253465;B
20240402;105050;34.36;10;10011254665;B
20240402;105050;34.36;200;10011254786;B
20240402;105051;34.36;150;10011254949;B
20240402;105051;34.36;20;10011254950;B
20240402;105051;34.36;120;10011254951;B
20240402;105110;34.36;420;10011257539;S
20240402;105122;34.355;430;10011259421;S
20240402;105122;34.355;60;10011259422;S
20240402;105122;34.355;10;10011259423;S
20240402;105122;34.355;50;10011259424;S
20240402;105135;34.355;50;10011261397;S
20240402;105135;34.355;10;10011261398;S
20240402;105135;34.355;10;10011261414;B
20240402;105135;34.35;10;10011261432;S
20240402;105135;34.35;10;10011261443;B
20240402;105135;34.355;240;10011261444;B
20240402;105139;34.355;10;10011262353;B
20240402;105144;34.355;110;10011263889;B
20240402;105150;34.355;10;10011265003;B
20240402;105207;34.34;300;10011268264;S
20240402;105207;34.34;50;10011268265;S
20240402;105207;34.34;190;10011268266;S
20240402;105214;34.34;10;10011269772;S
20240402;105215;34.34;100;10011270050;S
20240402;105216;34.34;120;10011270311;S
20240402;105224;34.355;10;10011271774;B
20240402;105225;34.34;20;10011271989;S
20240402;105230;34.355;10;10011272887;B
20240402;105233;34.355;20;10011273443;B
20240402;105233;34.355;420;10011273511;B
20240402;105237;34.355;40;10011274081;B
20240402;105237;34.355;300;10011274082;B
20240402;105237;34.355;590;10011274083;B
20240402;105237;34.355;10;10011274084;B
20240402;105237;34.355;260;10011274085;B
20240402;105241;34.355;10;10011274594;B
20240402;105241;34.355;30;10011274666;B
20240402;105244;34.36;30;10011275103;B
20240402;105245;34.345;10;10011275291;S
20240402;105252;34.355;20;10011276318;B
20240402;105255;34.345;80;10011276696;S
20240402;105259;34.355;80;10011277264;B
20240402;105301;34.345;410;10011277476;S
20240402;105301;34.34;660;10011277477;S
20240402;105301;34.34;1000;10011277478;S
20240402;105301;34.34;10;10011277479;S
20240402;105301;34.34;10;10011277480;S
20240402;105301;34.34;10;10011277481;S
20240402;105301;34.34;300;10011277482;S
20240402;105301;34.34;1070;10011277483;S
20240402;105301;34.335;230;10011277484;S
20240402;105301;34.335;1800;10011277485;S
20240402;105301;34.335;480;10011277486;S
20240402;105301;34.33;10;10011277487;S
20240402;105301;34.33;1170;10011277488;S
20240402;105301;34.33;30;10011277489;S
20240402;105301;34.33;1000;10011277490;S
20240402;105301;34.325;4810;10011277491;S
20240402;105302;34.33;200;10011277699;S
20240402;105309;34.345;10;10011281240;B
20240402;105309;34.345;100;10011281523;B
20240402;105310;34.345;20;10011281936;B
20240402;105311;34.33;10;10011282258;S
20240402;105313;34.345;80;10011283271;B
20240402;105314;34.33;10;10011283578;S
20240402;105317;34.345;270;10011285184;B
20240402;105317;34.345;730;10011285185;B
20240402;105318;34.345;30;10011285326;B
20240402;105319;34.33;260;10011285788;S
20240402;105319;34.33;10;10011285789;S
20240402;105319;34.33;10;10011285790;S
20240402;105319;34.325;1870;10011285791;S
20240402;105327;34.325;1370;10011287935;S
20240402;105328;34.335;10;10011287950;B
20240402;105329;34.335;200;10011288233;B
20240402;105333;34.325;60;10011289624;S
20240402;105335;34.345;30;10011289844;B
20240402;105336;34.34;50;10011290028;B
20240402;105346;34.345;1000;10011292056;B
20240402;105348;34.34;10;10011292368;S
20240402;105348;34.33;10;10011292369;S
20240402;105349;34.34;10;10011292627;B
20240402;105349;34.345;290;10011292628;B
20240402;105404;34.35;20;10011294906;B
20240402;105404;34.35;150;10011294907;B
20240402;105404;34.35;200;10011295023;S
20240402;105407;34.355;10;10011295403;B
20240402;105408;34.355;10;10011295609;B
20240402;105413;34.355;80;10011296204;B
20240402;105415;34.35;210;10011296457;S
20240402;105419;34.35;10;10011296885;B
20240402;105422;34.345;180;10011297523;S
20240402;105424;34.35;240;10011297826;B
20240402;105424;34.35;160;10011297827;B
20240402;105433;34.35;10;10011299330;B
20240402;105440;34.35;20;10011300599;B
20240402;105440;34.35;100;10011300611;B
20240402;105441;34.35;200;10011300990;B
20240402;105443;34.35;10;10011301236;B
20240402;105447;34.35;10;10011302017;S
20240402;105447;34.345;90;10011302018;S
20240402;105450;34.355;30;10011302428;B
20240402;105450;34.36;30;10011302429;B
20240402;105506;34.36;290;10011305150;B
20240402;105518;34.355;10;10011306925;S
20240402;105518;34.355;90;10011306926;S
20240402;105519;34.36;120;10011307024;B
20240402;105520;34.355;10;10011307162;S
20240402;105520;34.355;40;10011307196;S
20240402;105520;34.345;500;10011307197;S
20240402;105520;34.345;200;10011307198;S
20240402;105520;34.345;500;10011307199;S
20240402;105520;34.345;10;10011307200;S
20240402;105525;34.355;200;10011307838;B
20240402;105526;34.355;90;10011307930;B
20240402;105528;34.355;200;10011308312;B
20240402;105531;34.355;10;10011308699;B
20240402;105531;34.355;10;10011308700;B
20240402;105534;34.36;200;10011309104;B
20240402;105534;34.36;90;10011309105;B
20240402;105534;34.36;10;10011309184;B
20240402;105544;34.355;10;10011310625;B
20240402;105544;34.355;110;10011310626;B
20240402;105550;34.345;10;10011311858;S
20240402;105555;34.345;10;10011312485;S
20240402;105555;34.345;980;10011312486;S
20240402;105556;34.345;10;10011312656;B
20240402;105603;34.345;10;10011314367;B
20240402;105605;34.345;20;10011315059;B
20240402;105609;34.345;150;10011316094;B
20240402;105616;34.34;10;10011317252;S
20240402;105630;34.34;50;10011320388;S
20240402;105633;34.345;20;10011321021;B
20240402;105636;34.345;20;10011321799;B
20240402;105637;34.34;10;10011321917;S
20240402;105641;34.345;300;10011322444;B
20240402;105646;34.345;1000;10011323437;B
20240402;105646;34.34;9930;10011323465;S
20240402;105646;34.34;30;10011323466;S
20240402;105646;34.34;50;10011323467;S
20240402;105647;34.345;50;10011323489;B
20240402;105648;34.345;1000;10011323693;B
20240402;105650;34.34;40;10011323964;S
20240402;105659;34.345;50;10011325219;B
20240402;105704;34.345;30;10011325761;B
20240402;105706;34.34;310;10011326127;S
20240402;105706;34.34;590;10011326128;S
20240402;105709;34.34;10;10011326386;S
20240402;105709;34.34;1040;10011326387;S
20240402;105709;34.34;1000;10011326448;B
20240402;105711;34.34;300;10011326698;B
20240402;105719;34.335;10;10011327792;S
20240402;105728;34.335;70;10011328871;S
20240402;105728;34.335;930;10011328872;S
20240402;105730;34.335;880;10011329073;S
20240402;105734;34.335;1000;10011329497;B
20240402;105734;34.335;200;10011329498;B
20240402;105735;34.34;40;10011329661;B
20240402;105740;34.34;50;10011330279;B
20240402;105741;34.33;30;10011330405;S
20240402;105752;34.33;250;10011331777;S
20240402;105757;34.335;10;10011332230;B
20240402;105803;34.33;250;10011333170;S
20240402;105803;34.33;10480;10011333171;S
20240402;105803;34.33;10;10011333178;B
20240402;105810;34.33;420;10011333922;B
20240402;105826;34.33;750;10011335699;B
20240402;105836;34.325;2200;10011337278;S
20240402;105837;34.325;2170;10011337405;S
20240402;105837;34.325;10;10011337406;S
20240402;105837;34.325;300;10011337407;S
20240402;105837;34.325;300;10011337408;S
20240402;105837;34.325;100;10011337409;S
20240402;105837;34.325;100;10011337410;S
20240402;105837;34.325;60;10011337411;S
20240402;105837;34.325;10;10011337412;S
20240402;105837;34.325;870;10011337413;S
20240402;105837;34.325;10;10011337426;B
20240402;105843;34.325;10;10011338222;B
20240402;105843;34.325;4000;10011338223;B
20240402;105857;34.325;10;10011339992;B
20240402;105901;34.32;50;10011340408;S
20240402;105901;34.32;1120;10011340409;S
20240402;105901;34.315;480;10011340410;S
20240402;105901;34.315;1280;10011340411;S
20240402;105901;34.31;1070;10011340412;S
20240402;105901;34.31;200;10011340478;S
20240402;105901;34.31;20;10011340479;S
20240402;105901;34.31;780;10011340480;S
20240402;105907;34.315;200;10011341384;B
20240402;105909;34.315;10;10011341524;B
20240402;105910;34.31;220;10011341675;S
20240402;105910;34.31;500;10011341676;S
20240402;105910;34.31;30;10011341677;S
20240402;105910;34.305;10;10011341678;S
20240402;105910;34.305;3230;10011341679;S
20240402;105912;34.305;1150;10011341917;S
20240402;105912;34.305;10;10011341955;S
20240402;105912;34.305;10;10011341957;S
20240402;105912;34.305;10;10011341968;S
20240402;105912;34.305;10;10011341969;S
20240402;105912;34.305;10;10011341971;S
20240402;105913;34.305;10;10011341982;S
20240402;105913;34.305;10;10011341983;S
20240402;105916;34.31;150;10011342426;B
20240402;105917;34.31;50;10011342490;B
20240402;105918;34.305;220;10011342622;S
20240402;105923;34.31;2720;10011343151;B
20240402;105923;34.31;3780;10011343152;B
20240402;105925;34.31;30;10011343479;B
20240402;105927;34.31;20000;10011343703;B
20240402;105927;34.315;500;10011343704;B
20240402;105927;34.315;2330;10011343705;B
20240402;105927;34.315;1120;10011343706;B
20240402;105927;34.32;14350;10011343707;B
20240402;105927;34.32;1000;10011343708;B
20240402;105927;34.32;2920;10011343709;B
20240402;105927;34.325;1840;10011343710;B
20240402;105933;34.315;10;10011344507;S
20240402;105936;34.325;100;10011344984;B
20240402;105938;34.315;1970;10011345564;S
20240402;105938;34.31;2920;10011345565;S
20240402;105938;34.31;440;10011345566;S
20240402;105944;34.325;270;10011346159;B
20240402;105952;34.325;10;10011347262;B
20240402;105952;34.325;10;10011347263;B
20240402;105956;34.325;30;10011347822;B
20240402;105959;34.325;300;10011348267;B
20240402;110002;34.325;10;10011349022;B
20240402;110002;34.325;10;10011349027;B
20240402;110003;34.32;10;10011349153;S
20240402;110004;34.325;130;10011349252;B
20240402;110004;34.325;450;10011349253;B
20240402;110005;34.325;2920;10011349392;B
20240402;110005;34.325;8740;10011349393;B
20240402;110005;34.325;1020;10011349394;B
20240402;110007;34.33;40;10011350011;B
20240402;110010;34.33;250;10011350494;B
20240402;110016;34.33;1500;10011351570;B
20240402;110018;34.33;500;10011352101;B
20240402;110023;34.325;1200;10011353043;S
20240402;110025;34.33;5800;10011353657;B
20240402;110025;34.33;320;10011353658;B
20240402;110025;34.33;540;10011353659;B
20240402;110026;34.335;10;10011353670;B
20240402;110026;34.335;1000;10011354034;B
20240402;110033;34.33;30;10011355696;S
20240402;110033;34.325;1800;10011355697;S
20240402;110033;34.325;250;10011355698;S
20240402;110035;34.32;800;10011356140;S
20240402;110040;34.315;40;10011357069;S
20240402;110043;34.315;800;10011357854;S
20240402;110045;34.32;30;10011358186;B
20240402;110045;34.32;10;10011358295;B
20240402;110049;34.315;10;10011358976;S
20240402;110049;34.31;10;10011359044;S
20240402;110049;34.31;10;10011359045;S
20240402;110049;34.31;100;10011359046;S
20240402;110049;34.31;680;10011359047;S
20240402;110049;34.32;10;10011359144;B
20240402;110051;34.32;100;10011359560;B
20240402;110056;34.32;100;10011360386;B
20240402;110100;34.32;50;10011361043;B
20240402;110100;34.32;250;10011361044;B
20240402;110102;34.315;140;10011361529;S
20240402;110106;34.315;930;10011362469;S
20240402;110108;34.315;10;10011362854;B
20240402;110122;34.31;10;10011365791;S
20240402;110123;34.315;150;10011365906;B
20240402;110123;34.315;10;10011366062;B
20240402;110132;34.31;10;10011367793;S
20240402;110132;34.315;1500;10011367892;B
20240402;110137;34.315;3000;10011368674;S
20240402;110137;34.32;10;10011368803;B
20240402;110139;34.32;10;10011369053;B
20240402;110149;34.315;1350;10011371429;S
20240402;110152;34.315;20;10011372058;S
20240402;110153;34.32;250;10011372246;B
20240402;110205;34.33;800;10011374634;B
20240402;110205;34.33;250;10011374635;B
20240402;110206;34.32;800;10011374999;S
20240402;110208;34.32;800;10011375500;S
20240402;110209;34.335;10;10011375673;B
20240402;110212;34.335;10;10011376414;B
20240402;110212;34.32;800;10011376575;S
20240402;110213;34.32;2920;10011376603;S
20240402;110213;34.32;7080;10011376604;S
20240402;110214;34.32;800;10011376988;S
20240402;110218;34.32;200;10011377717;S
20240402;110218;34.32;600;10011377718;S
20240402;110220;34.315;800;10011378366;S
20240402;110222;34.325;30;10011378753;B
20240402;110223;34.335;2750;10011379057;B
20240402;110224;34.335;10;10011379125;B
20240402;110225;34.32;60;10011379408;S
20240402;110232;34.32;800;10011380945;S
20240402;110233;34.33;1450;10011381199;B
20240402;110237;34.335;10;10011382507;B
20240402;110241;34.33;30;10011383466;B
20240402;110243;34.33;2880;10011384032;B
20240402;110250;34.33;10;10011385567;B
20240402;110251;34.33;990;10011385692;B
20240402;110251;34.32;2800;10011385744;S
20240402;110251;34.32;300;10011385745;S
20240402;110251;34.33;10;10011385751;B
20240402;110254;34.335;300;10011386414;B
20240402;110254;34.335;700;10011386415;B
20240402;110255;34.335;1960;10011386718;B
20240402;110257;34.32;210;10011387256;S
20240402;110257;34.32;290;10011387257;S
20240402;110306;34.33;4950;10011389456;B
20240402;110314;34.335;300;10011390977;B
20240402;110315;34.335;350;10011391208;B
20240402;110317;34.32;200;10011391799;S
20240402;110324;34.32;2920;10011393136;S
20240402;110324;34.32;100;10011393137;S
20240402;110324;34.32;1360;10011393138;S
20240402;110324;34.32;1110;10011393139;S
20240402;110327;34.32;10;10011393699;B
20240402;110332;34.315;500;10011394961;S
20240402;110335;34.32;100;10011395462;B
20240402;110335;34.32;14400;10011395527;B
20240402;110335;34.32;6780;10011395528;B
20240402;110335;34.32;2820;10011395529;B
20240402;110338;34.32;100;10011396046;S
20240402;110342;34.33;10;10011396985;B
20240402;110356;34.335;300;10011399927;B
20240402;110412;34.32;80;10011403372;S
20240402;110421;34.335;50;10011405090;B
20240402;110429;34.32;40;10011406604;S
20240402;110436;34.33;50;10011407784;B
20240402;110441;34.33;250;10011408482;B
20240402;110443;34.32;880;10011408790;S
20240402;110443;34.33;10;10011408855;B
20240402;110449;34.32;120;10011409992;S
20240402;110449;34.32;350;10011409993;S
20240402;110449;34.32;1070;10011409994;S
20240402;110453;34.315;10;10011410685;S
20240402;110457;34.315;20;10011411452;S
20240402;110458;34.315;40;10011411522;S
20240402;110500;34.315;690;10011412055;S
20240402;110506;34.32;8450;10011413083;B
20240402;110507;34.32;10;10011413432;B
20240402;110507;34.32;9990;10011413433;B
20240402;110509;34.335;50;10011413834;B
20240402;110510;34.33;50;10011413988;B
20240402;110511;34.32;50;10011414126;S
20240402;110522;34.32;50;10011416380;S
20240402;110522;34.32;1660;10011416381;S
20240402;110522;34.32;30;10011416382;S
20240402;110527;34.32;10;10011417355;B
20240402;110532;34.315;10;10011418312;S
20240402;110533;34.32;10;10011418376;B
20240402;110535;34.32;10;10011418892;B
20240402;110539;34.32;8220;10011419847;B
20240402;110541;34.315;1000;10011420176;S
20240402;110543;34.315;50;10011420507;S
20240402;110545;34.32;10;10011420727;B
20240402;110547;34.32;290;10011421065;B
20240402;110549;34.32;500;10011421510;S
20240402;110554;34.33;80;10011422432;B
20240402;110601;34.33;30;10011423535;B
20240402;110611;34.32;40;10011425364;S
20240402;110613;34.33;10;10011425585;B
20240402;110620;34.33;200;10011427086;B
20240402;110654;34.325;480;10011433372;S
20240402;110654;34.32;60;10011433373;S
20240402;110654;34.32;740;10011433374;S
20240402;110654;34.32;830;10011433375;S
20240402;110657;34.32;700;10011433862;B
20240402;110658;34.32;10;10011434161;B
20240402;110701;34.315;170;10011434625;S
20240402;110706;34.32;400;10011435415;B
20240402;110707;34.315;3000;10011435642;S
20240402;110709;34.32;10;10011436028;B
20240402;110712;34.315;300;10011436362;S
20240402;110716;34.32;1770;10011436978;B
20240402;110716;34.32;30;10011436979;B
20240402;110727;34.32;1080;10011438578;S
20240402;110727;34.315;4040;10011438579;S
20240402;110727;34.315;70;10011438580;S
20240402;110727;34.315;10;10011438581;S
20240402;110727;34.315;10;10011438582;S
20240402;110727;34.315;10;10011438583;S
20240402;110727;34.315;10;10011438584;S
20240402;110727;34.315;230;10011438585;S
20240402;110727;34.31;1000;10011438586;S
20240402;110727;34.31;600;10011438587;S
20240402;110727;34.31;370;10011438588;S
20240402;110727;34.31;10;10011438589;S
20240402;110727;34.305;5330;10011438590;S
20240402;110727;34.305;30;10011438591;S
20240402;110727;34.305;10;10011438592;S
20240402;110727;34.305;2630;10011438593;S
20240402;110727;34.305;10;10011438594;S
20240402;110727;34.305;100;10011438595;S
20240402;110727;34.305;1000;10011438596;S
20240402;110727;34.3;4000;10011438597;S
20240402;110727;34.3;10;10011438598;S
20240402;110727;34.3;100;10011438599;S
20240402;110727;34.3;300;10011438600;S
20240402;110727;34.3;3000;10011438601;S
20240402;110727;34.3;110;10011438602;S
20240402;110727;34.3;10;10011438603;S
20240402;110727;34.3;60;10011438604;S
20240402;110727;34.3;10;10011438605;S
20240402;110727;34.3;500;10011438606;S
20240402;110727;34.3;50;10011438607;S
20240402;110727;34.3;10;10011438608;S
20240402;110727;34.3;30;10011438609;S
20240402;110727;34.3;27200;10011438610;S
20240402;110727;34.3;10;10011438611;S
20240402;110727;34.3;50;10011438612;S
20240402;110727;34.3;50;10011438613;S
20240402;110727;34.3;3000;10011438614;S
20240402;110727;34.3;100;10011438615;S
20240402;110727;34.3;40;10011438616;S
20240402;110727;34.3;100;10011438617;S
20240402;110727;34.3;1000;10011438618;S
20240402;110727;34.3;530;10011438619;S
20240402;110727;34.3;10;10011438620;S
20240402;110727;34.295;100;10011438621;S
20240402;110727;34.295;10;10011438622;S
20240402;110727;34.295;500;10011438623;S
20240402;110727;34.295;3200;10011438624;S
20240402;110727;34.29;5360;10011438625;S
20240402;110727;34.295;1350;10011438627;S
20240402;110727;34.295;700;10011438628;S
20240402;110727;34.29;17950;10011438629;S
20240402;110727;34.31;10;10011438648;B
20240402;110738;34.305;20;10011440030;B
20240402;110740;34.3;20;10011440360;S
20240402;110742;34.305;30;10011440631;B
20240402;110754;34.305;6720;10011442369;B
20240402;110757;34.3;9430;10011442778;S
20240402;110759;34.305;10;10011443087;B
20240402;110759;34.305;40;10011443088;B
20240402;110810;34.305;6780;10011444732;B
20240402;110810;34.305;1040;10011444733;B
20240402;110820;34.315;10;10011446125;B
20240402;110828;34.315;10;10011447552;B
20240402;110829;34.31;10;10011447706;S
20240402;110829;34.305;90;10011447707;S
20240402;110831;34.305;10;10011447947;S
20240402;110845;34.31;1450;10011450068;B
20240402;110849;34.305;100;10011450683;S
20240402;110856;34.31;10;10011451600;B
20240402;110901;34.31;20;10011452590;B
20240402;110907;34.31;60;10011453429;B
20240402;110907;34.31;10;10011453471;B
20240402;110909;34.305;50;10011453945;S
20240402;110909;34.305;10;10011453946;S
20240402;110914;34.3;110;10011458260;S
20240402;110925;34.3;440;10011466650;S
20240402;110925;34.3;10;10011466651;S
20240402;110925;34.3;2480;10011466652;S
20240402;110925;34.3;10;10011466653;S
20240402;110936;34.3;100;10011474622;B
20240402;110941;34.3;10;10011477657;B
20240402;110944;34.295;10;10011479961;S
20240402;110948;34.295;150;10011482384;S
20240402;111009;34.295;90;10011496647;S
20240402;111009;34.295;100;10011496648;S
20240402;111009;34.295;180;10011496649;S
20240402;111009;34.29;430;10011496650;S
20240402;111010;34.29;800;10011496800;S
20240402;111016;34.295;50;10011501612;S
20240402;111022;34.3;10;10011505369;B
20240402;111029;34.3;370;10011510296;B
20240402;111029;34.3;230;10011510297;B
20240402;111032;34.3;100;10011512093;B
20240402;111032;34.3;70;10011512094;B
20240402;111041;34.3;10;10011518639;B
20240402;111043;34.3;10;10011520592;B
20240402;111048;34.3;10;10011524683;B
20240402;111051;34.295;450;10011527366;S
20240402;111051;34.295;350;10011527367;S
20240402;111053;34.295;800;10011529201;S
20240402;111054;34.295;800;10011529456;S
20240402;111054;34.295;20;10011529930;S
20240402;111056;34.29;800;10011531293;S
20240402;111057;34.29;10000;10011532405;S
20240402;111057;34.29;290;10011532406;S
20240402;111057;34.29;800;10011532849;S
20240402;111058;34.29;2700;10011533226;S
20240402;111058;34.29;100;10011533227;S
20240402;111058;34.29;20;10011533228;S
20240402;111058;34.29;20;10011533229;S
20240402;111058;34.29;10;10011533230;S
20240402;111058;34.29;20;10011533231;S
20240402;111058;34.29;10;10011533232;S
20240402;111058;34.29;70;10011533233;S
20240402;111058;34.29;10;10011533234;S
20240402;111058;34.29;40;10011533235;S
20240402;111058;34.29;200;10011533236;S
20240402;111058;34.29;100;10011533237;S
20240402;111058;34.29;10;10011533238;S
20240402;111058;34.29;50;10011533239;S
20240402;111058;34.29;10;10011533240;S
20240402;111058;34.285;100;10011533241;S
20240402;111058;34.285;300;10011533242;S
20240402;111058;34.285;200;10011533243;S
20240402;111058;34.285;50;10011533244;S
20240402;111058;34.285;1000;10011533245;S
20240402;111058;34.28;30;10011533246;S
20240402;111058;34.28;100;10011533247;S
20240402;111058;34.28;20;10011533248;S
20240402;111058;34.28;40;10011533249;S
20240402;111058;34.28;100;10011533250;S
20240402;111058;34.28;100;10011533251;S
20240402;111058;34.28;90;10011533252;S
20240402;111058;34.28;10;10011533253;S
20240402;111058;34.28;1030;10011533254;S
20240402;111058;34.275;250;10011533255;S
20240402;111058;34.275;9210;10011533256;S
20240402;111058;34.275;60;10011533257;S
20240402;111058;34.275;150;10011533405;S
20240402;111100;34.275;400;10011535155;S
20240402;111100;34.275;3180;10011535233;S
20240402;111100;34.275;100;10011535234;S
20240402;111100;34.275;150;10011535235;S
20240402;111100;34.275;100;10011535236;S
20240402;111100;34.275;2000;10011535237;S
20240402;111102;34.27;800;10011536385;S
20240402;111103;34.27;800;10011537992;S
20240402;111105;34.27;800;10011539781;S
20240402;111107;34.275;10;10011541071;B
20240402;111109;34.27;430;10011543147;S
20240402;111109;34.27;370;10011543148;S
20240402;111110;34.27;800;10011543423;S
20240402;111112;34.27;800;10011545091;S
20240402;111113;34.27;800;10011546628;S
20240402;111115;34.275;100;10011547938;B
20240402;111120;34.275;10;10011551871;B
20240402;111124;34.275;30;10011555233;B
20240402;111124;34.275;10;10011555447;B
20240402;111126;34.27;10;10011556927;S
20240402;111131;34.27;1000;10011561356;S
20240402;111133;34.27;1210;10011562965;S
20240402;111135;34.275;230;10011564801;B
20240402;111144;34.27;2550;10011572316;S
20240402;111157;34.275;10;10011582355;B
20240402;111157;34.27;50;10011582574;S
20240402;111203;34.275;50;10011587355;B
20240402;111204;34.275;100;10011588892;B
20240402;111207;34.275;10;10011590673;B
20240402;111208;34.27;430;10011591143;S
20240402;111212;34.275;300;10011594109;B
20240402;111218;34.275;10;10011598985;B
20240402;111222;34.27;1000;10011602633;S
20240402;111227;34.275;20;10011606562;B
20240402;111228;34.275;50;10011607050;B
20240402;111236;34.275;5840;10011613866;B
20240402;111236;34.275;1030;10011613867;B
20240402;111236;34.275;100;10011613868;B
20240402;111236;34.275;500;10011613869;B
20240402;111236;34.275;100;10011613870;B
20240402;111236;34.275;430;10011613871;B
20240402;111240;34.27;50;10011617803;S
20240402;111246;34.27;10;10011622919;S
20240402;111248;34.275;30;10011624037;B
20240402;111257;34.275;10;10011631851;B
20240402;111300;34.275;530;10011633615;B
20240402;111300;34.275;6790;10011633616;B
20240402;111300;34.275;1100;10011633617;B
20240402;111304;34.28;10;10011637487;B
20240402;111311;34.275;50;10011642548;S
20240402;111311;34.275;2920;10011642549;S
20240402;111311;34.275;50;10011642550;S
20240402;111311;34.27;20920;10011642551;S
20240402;111311;34.27;150;10011642552;S
20240402;111311;34.27;25910;10011642553;S
20240402;111327;34.275;70;10011653725;B
20240402;111327;34.27;60;10011653856;S
20240402;111327;34.275;100;10011654308;B
20240402;111329;34.27;80;10011655086;S
20240402;111331;34.275;350;10011656839;B
20240402;111331;34.275;10;10011656866;B
20240402;111333;34.27;10;10011657974;S
20240402;111344;34.275;10;10011665507;B
20240402;111346;34.27;20;10011667006;S
20240402;111346;34.275;90;10011667013;B
20240402;111349;34.27;10;10011669223;S
20240402;111350;34.275;10;10011669952;B
20240402;111353;34.27;260;10011672119;S
20240402;111358;34.275;2000;10011675059;B
20240402;111400;34.27;500;10011676443;S
20240402;111407;34.275;14700;10011681017;B
20240402;111407;34.275;1960;10011681018;B
20240402;111407;34.275;1100;10011681019;B
20240402;111407;34.275;10;10011681020;B
20240402;111407;34.275;10;10011681050;S
20240402;111407;34.275;10;10011681135;S
20240402;111409;34.28;10;10011682676;B
20240402;111411;34.275;20;10011683923;S
20240402;111423;34.28;10;10011691913;B
20240402;111425;34.275;1000;10011693043;S
20240402;111426;34.275;100;10011693437;S
20240402;111426;34.28;10;10011693445;B
20240402;111427;34.285;10;10011694694;B
20240402;111432;34.275;1780;10011698202;S
20240402;111432;34.275;540;10011698203;S
20240402;111439;34.28;20;10011703738;B
20240402;111440;34.28;50;10011704283;B
20240402;111441;34.285;40;10011705116;B
20240402;111441;34.285;50;10011705536;B
20240402;111443;34.285;10;10011706865;B
20240402;111443;34.285;50;10011707043;B
20240402;111443;34.285;10;10011707058;B
20240402;111444;34.285;20;10011707510;B
20240402;111444;34.285;30;10011707526;B
20240402;111444;34.285;30;10011707528;B
20240402;111444;34.285;10;10011707529;B
20240402;111444;34.285;30;10011707530;B
20240402;111444;34.285;10;10011707534;B
20240402;111444;34.285;20;10011707535;B
20240402;111444;34.285;30;10011707538;B
20240402;111444;34.285;40;10011707623;B
20240402;111444;34.285;40;10011707729;B
20240402;111444;34.285;20;10011707736;B
20240402;111444;34.285;40;10011707738;B
20240402;111444;34.285;10;10011707817;B
20240402;111444;34.285;40;10011707962;B
20240402;111444;34.285;10;10011707970;B
20240402;111444;34.285;20;10011708139;B
20240402;111444;34.285;10;10011708149;B
20240402;111444;34.285;50;10011708152;B
20240402;111444;34.285;20;10011708155;B
20240402;111444;34.285;60;10011708174;B
20240402;111445;34.285;20;10011708355;B
20240402;111445;34.285;30;10011708384;B
20240402;111445;34.285;30;10011708435;B
20240402;111445;34.285;20;10011708436;B
20240402;111445;34.285;10;10011708439;B
20240402;111445;34.285;10;10011708475;B
20240402;111445;34.285;10;10011708592;B
20240402;111445;34.285;40;10011708663;B
20240402;111445;34.285;20;10011708837;B
20240402;111446;34.285;10;10011709029;B
20240402;111446;34.285;10;10011709042;B
20240402;111446;34.285;50;10011709282;B
20240402;111446;34.285;10;10011709292;B
20240402;111446;34.285;20;10011709314;B
20240402;111446;34.285;50;10011709338;B
20240402;111446;34.285;50;10011709354;B
20240402;111446;34.285;20;10011709356;B
20240402;111446;34.285;20;10011709421;B
20240402;111446;34.285;60;10011709484;B
20240402;111446;34.285;60;10011709495;B
20240402;111446;34.285;50;10011709496;B
20240402;111446;34.285;10;10011709504;B
20240402;111446;34.285;50;10011709527;B
20240402;111446;34.285;10;10011709668;B
20240402;111446;34.285;30;10011709672;B
20240402;111446;34.285;20;10011709717;B
20240402;111446;34.285;30;10011709778;B
20240402;111446;34.285;30;10011709786;B
20240402;111446;34.285;30;10011709847;B
20240402;111446;34.285;20;10011709848;B
20240402;111446;34.285;20;10011709891;B
20240402;111446;34.285;50;10011709929;B
20240402;111446;34.285;50;10011709937;B
20240402;111446;34.285;20;10011709972;B
20240402;111446;34.285;20;10011709978;B
20240402;111447;34.285;30;10011709982;B
20240402;111447;34.285;20;10011710051;B
20240402;111447;34.285;30;10011710052;B
20240402;111447;34.285;30;10011710069;B
20240402;111447;34.285;30;10011710071;B
20240402;111447;34.285;20;10011710072;B
20240402;111447;34.285;40;10011710075;B
20240402;111447;34.285;30;10011710076;B
20240402;111447;34.285;10;10011710092;B
20240402;111447;34.285;20;10011710093;B
20240402;111447;34.285;20;10011710135;B
20240402;111447;34.285;40;10011710333;B
20240402;111447;34.285;30;10011710390;B
20240402;111447;34.285;10;10011710420;B
20240402;111447;34.285;60;10011710454;B
20240402;111447;34.285;10;10011710543;B
20240402;111447;34.285;10;10011710559;B
20240402;111447;34.285;50;10011710560;B
20240402;111447;34.285;30;10011710625;B
20240402;111448;34.285;10;10011710680;B
20240402;111448;34.285;50;10011710693;B
20240402;111448;34.285;30;10011710695;B
20240402;111448;34.285;40;10011710706;B
20240402;111448;34.285;10;10011710708;B
20240402;111448;34.285;20;10011710711;B
20240402;111448;34.285;30;10011710712;B
20240402;111448;34.285;10;10011710731;B
20240402;111448;34.285;20;10011710732;B
20240402;111448;34.285;30;10011710739;B
20240402;111448;34.285;10;10011710808;B
20240402;111448;34.285;20;10011710823;B
20240402;111448;34.28;200;10011710843;S
20240402;111448;34.285;30;10011710988;B
20240402;111448;34.285;50;10011710991;B
20240402;111448;34.285;60;10011710994;B
20240402;111448;34.285;30;10011711001;B
20240402;111448;34.285;40;10011711024;B
20240402;111448;34.285;50;10011711036;B
20240402;111448;34.285;20;10011711040;B
20240402;111448;34.285;20;10011711056;B
20240402;111448;34.285;50;10011711072;B
20240402;111448;34.285;30;10011711073;B
20240402;111448;34.285;30;10011711267;B
20240402;111448;34.285;20;10011711272;B
20240402;111448;34.285;10;10011711294;B
20240402;111449;34.285;40;10011711346;B
20240402;111449;34.285;10;10011711374;B
20240402;111449;34.285;20;10011711386;B
20240402;111449;34.285;20;10011711393;B
20240402;111449;34.285;40;10011711424;B
20240402;111449;34.285;40;10011711475;B
20240402;111449;34.285;10;10011711589;B
20240402;111449;34.285;60;10011711590;B
20240402;111449;34.285;30;10011711595;B
20240402;111449;34.285;250;10011711618;B
20240402;111449;34.285;20;10011711620;B
20240402;111449;34.285;40;10011711629;B
20240402;111449;34.285;20;10011711656;B
20240402;111449;34.285;30;10011711791;B
20240402;111449;34.285;50;10011711801;B
20240402;111449;34.285;30;10011711803;B
20240402;111449;34.285;50;10011711854;B
20240402;111449;34.285;60;10011712133;B
20240402;111450;34.285;20;10011712138;B
20240402;111450;34.285;20;10011712141;B
20240402;111450;34.285;30;10011712148;B
20240402;111450;34.285;20;10011712168;B
20240402;111450;34.285;30;10011712176;B
20240402;111450;34.28;10;10011712206;S
20240402;111450;34.285;60;10011712656;B
20240402;111450;34.285;30;10011712658;B
20240402;111450;34.285;10;10011712949;B
20240402;111451;34.285;10;10011712999;B
20240402;111451;34.285;20;10011713452;B
20240402;111451;34.285;30;10011713535;B
20240402;111451;34.285;20;10011713746;B
20240402;111452;34.285;20;10011713871;B
20240402;111452;34.285;20;10011713883;B
20240402;111452;34.285;50;10011714083;B
20240402;111452;34.285;30;10011714142;B
20240402;111452;34.28;100;10011714183;S
20240402;111452;34.28;2610;10011714296;S
20240402;111452;34.275;9460;10011714297;S
20240402;111452;34.275;1000;10011714298;S
20240402;111452;34.275;1110;10011714299;S
20240402;111452;34.27;3150;10011714300;S
20240402;111452;34.27;300;10011714301;S
20240402;111452;34.27;3430;10011714302;S
20240402;111452;34.265;50;10011714303;S
20240402;111452;34.265;50;10011714304;S
20240402;111452;34.265;10;10011714305;S
20240402;111452;34.265;10;10011714306;S
20240402;111452;34.265;20;10011714307;S
20240402;111452;34.26;10;10011714308;S
20240402;111452;34.26;150;10011714309;S
20240402;111452;34.26;20;10011714310;S
20240402;111452;34.26;9510;10011714311;S
20240402;111452;34.26;250;10011714312;S
20240402;111452;34.26;1330;10011714313;S
20240402;111452;34.255;10;10011714314;S
20240402;111452;34.255;100;10011714315;S
20240402;111452;34.255;40;10011714316;S
20240402;111452;34.255;50;10011714317;S
20240402;111452;34.255;50;10011714318;S
20240402;111452;34.255;500;10011714319;S
20240402;111452;34.255;10;10011714320;S
20240402;111452;34.255;10000;10011714321;S
20240402;111452;34.25;10;10011714322;S
20240402;111452;34.25;400;10011714323;S
20240402;111452;34.25;90;10011714324;S
20240402;111452;34.25;10;10011714325;S
20240402;111452;34.25;10;10011714326;S
20240402;111452;34.25;100;10011714327;S
20240402;111452;34.25;10;10011714328;S
20240402;111452;34.25;3200;10011714329;S
20240402;111452;34.25;100;10011714330;S
20240402;111452;34.25;20;10011714331;S
20240402;111452;34.25;50;10011714332;S
20240402;111452;34.25;500;10011714333;S
20240402;111452;34.25;50;10011714454;B
20240402;111453;34.245;50;10011714867;S
20240402;111453;34.245;100;10011714868;S
20240402;111453;34.245;50;10011714869;S
20240402;111453;34.245;2500;10011714870;S
20240402;111453;34.24;30;10011714871;S
20240402;111453;34.24;120;10011714872;S
20240402;111453;34.24;10;10011714873;S
20240402;111453;34.24;10;10011714874;S
20240402;111453;34.24;2130;10011714875;S
20240402;111453;34.25;40;10011715277;B
20240402;111456;34.25;250;10011716987;B
20240402;111500;34.25;1000;10011720865;B
20240402;111502;34.25;60;10011722209;B
20240402;111509;34.25;20;10011727013;B
20240402;111509;34.25;200;10011727381;B
20240402;111509;34.25;1800;10011727382;B
20240402;111511;34.245;10;10011729060;S
20240402;111512;34.25;500;10011730124;B
20240402;111513;34.25;10;10011730967;B
20240402;111513;34.25;10;10011731006;B
20240402;111514;34.25;30;10011731556;B
20240402;111515;34.25;200;10011732300;B
20240402;111515;34.25;150;10011732447;B
20240402;111529;34.25;20;10011743370;B
20240402;111531;34.25;100;10011745340;B
20240402;111542;34.245;10;10011753588;S
20240402;111542;34.245;300;10011753589;S
20240402;111542;34.245;110;10011753590;S
20240402;111546;34.25;500;10011756955;B
20240402;111548;34.25;50;10011758372;B
20240402;111548;34.25;2330;10011758385;B
20240402;111548;34.245;110;10011758615;S
20240402;111558;34.25;10;10011765936;B
20240402;111611;34.25;10;10011776832;B
20240402;111625;34.25;50;10011787828;B
20240402;111625;34.25;90;10011788048;B
20240402;111625;34.245;110;10011788351;S
20240402;111626;34.245;150;10011789264;S
20240402;111629;34.245;20;10011791200;S
20240402;111629;34.245;190;10011791201;S
20240402;111635;34.25;10;10011796254;B
20240402;111636;34.25;40;10011797158;B
20240402;111637;34.245;10;10011797909;S
20240402;111640;34.25;10;10011800522;B
20240402;111642;34.25;860;10011801358;B
20240402;111642;34.25;1340;10011801359;B
20240402;111652;34.25;40;10011810080;B
20240402;111659;34.245;70;10011815185;S
20240402;111700;34.245;1000;10011815689;S
20240402;111701;34.245;800;10011816444;S
20240402;111701;34.25;10;10011816520;B
20240402;111702;34.25;50;10011817256;B
20240402;111703;34.25;30;10011817777;B
20240402;111704;34.25;50;10011818756;B
20240402;111710;34.245;1260;10011822172;S
20240402;111714;34.25;10;10011824889;B
20240402;111722;34.25;10;10011829960;B
20240402;111722;34.25;20;10011830266;B
20240402;111738;34.245;1100;10011841073;S
20240402;111743;34.25;200;10011844608;B
20240402;111754;34.245;60;10011851930;S
20240402;111754;34.25;500;10011852077;B
20240402;111755;34.25;1440;10011852739;B
20240402;111809;34.245;10;10011862441;S
20240402;111816;34.25;10;10011867255;B
20240402;111819;34.25;10;10011869836;B
20240402;111823;34.25;290;10011873013;B
20240402;111825;34.245;280;10011875014;S
20240402;111826;34.25;900;10011876006;B
20240402;111830;34.25;50;10011879436;B
20240402;111843;34.25;20;10011889449;B
20240402;111843;34.25;10;10011889456;B
20240402;111844;34.25;10;10011890530;B
20240402;111845;34.25;10;10011890818;B
20240402;111846;34.25;10;10011892316;B
20240402;111847;34.25;10;10011892850;B
20240402;111848;34.25;10;10011893219;B
20240402;111853;34.25;500;10011897685;B
20240402;111855;34.245;40;10011898643;S
20240402;111900;34.25;10;10011903575;B
20240402;111913;34.25;30;10011913152;B
20240402;111914;34.25;50;10011914127;B
20240402;111921;34.245;60;10011919711;S
20240402;111925;34.25;10;10011922982;B
20240402;111928;34.25;40;10011925236;B
20240402;111929;34.25;10;10011925966;B
20240402;111942;34.25;300;10011936165;B
20240402;111946;34.25;500;10011939407;B
20240402;111952;34.245;100;10011944565;S
20240402;111959;34.245;60;10011950659;S
20240402;112003;34.25;20;10011953626;B
20240402;112004;34.25;540;10011954584;B
20240402;112004;34.25;6780;10011954585;B
20240402;112004;34.25;150;10011954586;B
20240402;112004;34.25;2530;10011954587;B
20240402;112005;34.245;40;10011955420;S
20240402;112006;34.25;200;10011956149;B
20240402;112012;34.25;10;10011961128;B
20240402;112015;34.245;5000;10011963571;S
20240402;112019;34.245;20;10011966418;S
20240402;112022;34.25;250;10011969344;B
20240402;112023;34.25;580;10011970412;B
20240402;112035;34.245;10;10011979561;S
20240402;112039;34.245;90;10011982467;S
20240402;112039;34.245;200;10011982468;S
20240402;112039;34.245;20;10011982469;S
20240402;112039;34.245;8940;10011982470;S
20240402;112039;34.245;10;10011982471;S
20240402;112044;34.24;500;10011986847;S
20240402;112044;34.24;300;10011986851;S
20240402;112044;34.245;10;10011987036;B
20240402;112048;34.245;500;10011990545;B
20240402;112052;34.24;300;10011993234;S
20240402;112053;34.24;260;10011994015;S
20240402;112104;34.245;10;10012001133;B
20240402;112107;34.245;10;10012003229;B
20240402;112110;34.24;20;10012004922;S
20240402;112112;34.24;100;10012006541;S
20240402;112118;34.245;200;10012010576;B
20240402;112118;34.245;6780;10012010577;B
20240402;112118;34.245;300;10012010578;B
20240402;112118;34.245;500;10012010579;B
20240402;112118;34.245;2220;10012010580;B
20240402;112123;34.245;30;10012013838;B
20240402;112125;34.245;40;10012015562;B
20240402;112133;34.245;140;10012021119;B
20240402;112144;34.24;70;10012027955;S
20240402;112144;34.245;6850;10012028046;B
20240402;112243;34.25;50;10012072404;B
20240402;112244;34.245;20;10012073605;S
20240402;112247;34.25;10;10012075990;B
20240402;112251;34.25;10;10012079271;B
20240402;112259;34.25;40;10012084929;B
20240402;112305;34.245;120;10012089797;S
20240402;112311;34.25;10;10012094211;B
20240402;112329;34.25;10;10012108089;B
20240402;112329;34.25;10;10012108622;B
20240402;112339;34.25;100;10012116712;B
20240402;112344;34.25;120;10012120260;B
20240402;112351;34.245;160;10012126479;S
20240402;112351;34.245;3000;10012126480;S
20240402;112351;34.24;320;10012126481;S
20240402;112351;34.24;1000;10012126482;S
20240402;112351;34.24;30;10012126483;S
20240402;112351;34.24;100;10012126484;S
20240402;112351;34.24;200;10012126485;S
20240402;112351;34.24;10;10012126486;S
20240402;112351;34.24;930;10012126487;S
20240402;112351;34.235;50;10012126488;S
20240402;112351;34.23;10;10012126489;S
20240402;112351;34.23;100;10012126490;S
20240402;112351;34.23;30;10012126491;S
20240402;112351;34.225;50;10012126492;S
20240402;112351;34.225;10;10012126493;S
20240402;112351;34.225;30;10012126494;S
20240402;112351;34.225;10;10012126495;S
20240402;112351;34.225;2400;10012126496;S
20240402;112351;34.22;500;10012126497;S
20240402;112351;34.22;10;10012126498;S
20240402;112351;34.22;10;10012126499;S
20240402;112351;34.22;10;10012126500;S
20240402;112351;34.22;5530;10012126501;S
20240402;112352;34.22;300;10012126592;S
20240402;112357;34.225;50;10012130647;B
20240402;112358;34.22;10;10012131514;S
20240402;112404;34.225;1000;10012135636;B
20240402;112408;34.225;10;10012138775;B
20240402;112413;34.22;160;10012143317;S
20240402;112413;34.22;10;10012143318;S
20240402;112413;34.22;100;10012143319;S
20240402;112414;34.22;40;10012143525;B
20240402;112420;34.22;1000;10012148118;B
20240402;112421;34.22;190;10012149665;B
20240402;112421;34.22;310;10012149666;B
20240402;112425;34.22;600;10012152309;S
20240402;112433;34.225;1450;10012158602;B
20240402;112438;34.23;10;10012163262;B
20240402;112504;34.23;10;10012181210;B
20240402;112513;34.22;10;10012186757;S
20240402;112518;34.22;20;10012190543;S
20240402;112518;34.22;170;10012190544;S
20240402;112521;34.22;60;10012192777;S
20240402;112526;34.22;1390;10012195813;S
20240402;112532;34.225;50;10012200152;B
20240402;112534;34.22;10;10012201422;S
20240402;112538;34.225;10;10012204136;B
20240402;112545;34.22;150;10012209009;S
20240402;112545;34.22;1100;10012209010;S
20240402;112553;34.215;80;10012213927;S
20240402;112557;34.215;40;10012217477;S
20240402;112604;34.22;200;10012222782;B
20240402;112605;34.22;500;10012222869;B
20240402;112610;34.22;20;10012227102;B
20240402;112611;34.22;28330;10012228324;B
20240402;112611;34.22;15000;10012228325;B
20240402;112611;34.22;2920;10012228326;B
20240402;112611;34.22;2210;10012228327;B
20240402;112611;34.22;1110;10012228328;B
20240402;112614;34.22;4390;10012230524;S
20240402;112614;34.22;1110;10012230525;S
20240402;112614;34.22;500;10012230526;S
20240402;112614;34.22;10;10012230554;S
20240402;112614;34.225;240;10012230555;B
20240402;112616;34.225;10;10012231691;B
20240402;112622;34.225;400;10012236866;B
20240402;112624;34.22;1000;10012237647;S
20240402;112631;34.225;870;10012244334;B
20240402;112642;34.22;10;10012252272;S
20240402;112644;34.22;10;10012253500;S
20240402;112644;34.225;500;10012253501;B
20240402;112646;34.225;30;10012255047;B
20240402;112647;34.22;10;10012256170;S
20240402;112654;34.22;10;10012261896;S
20240402;112655;34.225;10;10012262505;B
20240402;112656;34.22;4990;10012262787;S
20240402;112656;34.22;10;10012262788;S
20240402;112656;34.225;1000;10012262817;B
20240402;112701;34.22;150;10012267705;S
20240402;112701;34.22;480;10012267706;S
20240402;112703;34.225;10;10012268344;B
20240402;112710;34.225;30;10012273151;B
20240402;112712;34.22;5350;10012275642;S
20240402;112712;34.22;650;10012275643;S
20240402;112714;34.22;300;10012276747;S
20240402;112714;34.22;500;10012276748;S
20240402;112714;34.22;100;10012276749;S
20240402;112714;34.22;500;10012276750;S
20240402;112714;34.22;870;10012276751;S
20240402;112714;34.22;40;10012276752;S
20240402;112714;34.22;4090;10012276753;S
20240402;112726;34.225;10;10012285936;B
20240402;112726;34.225;500;10012285966;B
20240402;112727;34.22;10;10012286318;S
20240402;112737;34.22;10;10012294298;S
20240402;112738;34.225;10;10012295184;B
20240402;112739;34.225;1380;10012296367;B
20240402;112739;34.225;600;10012296368;B
20240402;112739;34.225;1590;10012296369;B
20240402;112740;34.225;2920;10012296594;S
20240402;112740;34.225;1110;10012296595;S
20240402;112740;34.225;440;10012296596;S
20240402;112740;34.22;5530;10012296597;S
20240402;112740;34.23;10;10012296613;B
20240402;112742;34.23;10;10012298684;B
20240402;112746;34.23;100;10012302083;B
20240402;112753;34.23;60;10012307924;B
20240402;112756;34.23;20;10012310255;B
20240402;112802;34.23;10;10012315191;B
20240402;112807;34.23;60;10012318721;B
