<DATE>;<TIME>;<LAST>;<VOL>;<ID>;<OPER>
20240312;095944;34.615;10;9812958702;S
20240312;095944;34.615;30;9812958703;B
20240312;095944;34.615;20;9812958704;B
20240312;095944;34.615;10;9812958705;S
20240312;095944;34.615;20;9812958706;S
20240312;095944;34.615;10;9812958707;B
20240312;095944;34.615;10;9812958708;S
20240312;095944;34.615;40;9812958709;S
20240312;095944;34.615;160;9812958710;S
20240312;095944;34.615;700;9812958711;B
20240312;095944;34.615;10;9812958712;B
20240312;095944;34.615;160;9812958713;B
20240312;095944;34.615;40;9812958714;B
20240312;095944;34.615;100;9812958715;S
20240312;095944;34.615;90;9812958716;S
20240312;095944;34.615;30;9812958717;S
20240312;095944;34.615;10;9812958718;S
20240312;095944;34.615;20;9812958719;S
20240312;095944;34.615;30;9812958720;S
20240312;095944;34.615;10;9812958721;B
20240312;095944;34.615;30;9812958722;B
20240312;095944;34.615;20;9812958723;B
20240312;095944;34.615;30;9812958724;B
20240312;095944;34.615;10;9812958725;B
20240312;095944;34.615;1000;9812958726;S
20240312;095944;34.615;550;9812958727;S
20240312;095944;34.615;10;9812958728;B
20240312;095944;34.615;160;9812958729;B
20240312;095944;34.615;30;9812958730;B
20240312;095944;34.615;110;9812958731;B
20240312;100000;34.615;1000;9812962281;B
20240312;100000;34.575;320;9812962401;B
20240312;100000;34.575;430;9812962402;B
20240312;100001;34.575;40;9812963153;B
20240312;100001;34.57;30;9812963199;S
20240312;100001;34.57;290;9812963200;S
20240312;100001;34.57;200;9812963301;S
20240312;100001;34.575;10;9812963553;B
20240312;100001;34.57;1350;9812964229;S
20240312;100001;34.565;30;9812964231;S
20240312;100001;34.56;20;9812964234;S
20240312;100001;34.56;40;9812964235;S
20240312;100001;34.56;10;9812964236;S
20240312;100001;34.56;50;9812964237;S
20240312;100001;34.56;240;9812964238;S
20240312;100001;34.56;160;9812964239;S
20240312;100001;34.56;120;9812964240;S
20240312;100001;34.56;580;9812964252;S
20240312;100002;34.555;140;9812965048;S
20240312;100002;34.555;20;9812965049;S
20240312;100002;34.555;30;9812965050;S
20240312;100002;34.555;400;9812965051;S
20240312;100002;34.555;4470;9812965052;S
20240312;100002;34.555;10;9812965424;S
20240312;100003;34.555;520;9812965817;S
20240312;100004;34.55;720;9812966516;S
20240312;100005;34.55;30;9812966587;S
20240312;100005;34.55;250;9812966684;S
20240312;100005;34.55;50;9812966685;S
20240312;100005;34.55;30;9812966794;B
20240312;100005;34.55;30;9812966796;B
20240312;100005;34.545;30;9812966946;S
20240312;100005;34.54;490;9812966957;S
20240312;100005;34.54;500;9812966970;B
20240312;100005;34.535;1000;9812966993;B
20240312;100005;34.535;1000;9812966998;B
20240312;100005;34.535;1000;9812967004;B
20240312;100005;34.52;500;9812967150;B
20240312;100005;34.52;200;9812967153;B
20240312;100005;34.52;10;9812967185;B
20240312;100005;34.52;10;9812967375;B
20240312;100005;34.52;10;9812967377;B
20240312;100005;34.52;50;9812967619;B
20240312;100005;34.515;20;9812967623;S
20240312;100005;34.52;60;9812967624;B
20240312;100005;34.515;30;9812967625;S
20240312;100005;34.52;40;9812967626;B
20240312;100005;34.515;20;9812967787;S
20240312;100005;34.52;30;9812967815;B
20240312;100005;34.52;20;9812967897;B
20240312;100005;34.52;30;9812967901;B
20240312;100005;34.515;40;9812968092;S
20240312;100006;34.52;30;9812968465;B
20240312;100006;34.52;30;9812968495;B
20240312;100006;34.52;10;9812968752;B
20240312;100006;34.52;330;9812968970;B
20240312;100006;34.52;420;9812968971;B
20240312;100006;34.52;100;9812969041;B
20240312;100006;34.515;20;9812969043;S
20240312;100006;34.52;30;9812969046;B
20240312;100006;34.515;10;9812969291;S
20240312;100007;34.52;10;9812969720;B
20240312;100007;34.515;100;9812969722;S
20240312;100007;34.52;30;9812969724;B
20240312;100007;34.52;50;9812969726;B
20240312;100007;34.515;20;9812969728;S
20240312;100007;34.51;10;9812969729;S
20240312;100007;34.52;500;9812969731;B
20240312;100007;34.515;3790;9812969916;S
20240312;100007;34.53;10;9812970200;B
20240312;100007;34.51;10;9812970225;S
20240312;100007;34.51;20;9812970226;S
20240312;100008;34.53;30;9812970638;B
20240312;100008;34.51;10;9812970802;S
20240312;100008;34.51;130;9812970930;S
20240312;100008;34.52;30;9812971112;B
20240312;100008;34.51;30;9812971115;S
20240312;100008;34.52;10;9812971116;B
20240312;100008;34.52;30;9812971121;B
20240312;100010;34.515;500;9812971929;S
20240312;100010;34.515;500;9812971930;S
20240312;100011;34.56;10;9812972334;B
20240312;100011;34.53;260;9812972721;B
20240312;100011;34.53;500;9812972729;B
20240312;100011;34.53;40;9812972730;B
20240312;100011;34.55;10;9812972766;B
20240312;100011;34.53;460;9812972776;S
20240312;100011;34.515;60;9812972777;S
20240312;100011;34.51;310;9812972778;S
20240312;100011;34.51;10;9812972779;S
20240312;100011;34.51;20;9812972780;S
20240312;100011;34.51;20;9812972781;S
20240312;100011;34.51;740;9812972782;S
20240312;100012;34.54;10;9812973035;B
20240312;100014;34.535;90;9812973879;B
20240312;100022;34.51;20;9812975591;S
20240312;100022;34.51;20;9812975621;S
20240312;100027;34.51;10;9812976893;S
20240312;100030;34.51;100;9812977763;S
20240312;100034;34.52;860;9812979410;B
20240312;100034;34.525;10;9812979476;B
20240312;100035;34.51;50;9812979865;S
20240312;100036;34.52;10;9812979991;B
20240312;100038;34.52;30;9812980597;B
20240312;100042;34.52;10;9812981417;B
20240312;100047;34.52;500;9812982572;B
20240312;100049;34.51;1520;9812982898;S
20240312;100051;34.51;60;9812983341;S
20240312;100055;34.51;50;9812984174;S
20240312;100056;34.51;5000;9812984263;S
20240312;100057;34.515;1830;9812984761;B
20240312;100059;34.51;10;9812985261;S
20240312;100103;34.51;1570;9812986184;S
20240312;100120;34.51;1120;9812990089;S
20240312;100126;34.51;1130;9812991309;S
20240312;100127;34.51;480;9812991578;S
20240312;100127;34.515;10;9812991655;B
20240312;100130;34.515;10;9812992149;B
20240312;100131;34.51;700;9812992364;S
20240312;100135;34.51;90;9812993224;S
20240312;100135;34.51;1600;9812993244;S
20240312;100138;34.515;30;9812993631;B
20240312;100139;34.51;730;9812993828;S
20240312;100139;34.51;30;9812993829;S
20240312;100139;34.51;200;9812993830;S
20240312;100140;34.505;10;9812994001;S
20240312;100140;34.505;960;9812994002;S
20240312;100140;34.505;100;9812994003;S
20240312;100140;34.5;290;9812994004;S
20240312;100140;34.5;100;9812994005;S
20240312;100140;34.5;10;9812994006;S
20240312;100140;34.5;50;9812994007;S
20240312;100140;34.5;10;9812994008;S
20240312;100140;34.5;110;9812994009;S
20240312;100140;34.5;10;9812994010;S
20240312;100140;34.5;1000;9812994011;S
20240312;100140;34.5;40;9812994012;S
20240312;100140;34.5;50;9812994013;S
20240312;100140;34.5;10;9812994014;S
20240312;100140;34.5;10;9812994015;S
20240312;100140;34.5;10;9812994016;S
20240312;100140;34.5;20;9812994017;S
20240312;100140;34.5;10;9812994018;S
20240312;100140;34.5;20;9812994019;S
20240312;100140;34.5;10;9812994020;S
20240312;100140;34.5;10;9812994021;S
20240312;100140;34.5;1000;9812994022;S
20240312;100140;34.5;10;9812994023;S
20240312;100140;34.5;30;9812994024;S
20240312;100140;34.5;70;9812994025;S
20240312;100140;34.5;20;9812994026;S
20240312;100140;34.5;50;9812994027;S
20240312;100140;34.5;5000;9812994028;S
20240312;100140;34.5;100;9812994029;S
20240312;100140;34.5;10;9812994030;S
20240312;100140;34.5;40;9812994031;S
20240312;100140;34.5;830;9812994032;S
20240312;100141;34.505;20;9812994108;B
20240312;100141;34.505;230;9812994199;S
20240312;100141;34.505;10;9812994200;S
20240312;100141;34.5;5170;9812994201;S
20240312;100141;34.5;10;9812994202;S
20240312;100141;34.5;10;9812994203;S
20240312;100141;34.5;220;9812994204;S
20240312;100141;34.5;10;9812994205;S
20240312;100141;34.5;10;9812994206;S
20240312;100141;34.5;10;9812994207;S
20240312;100141;34.5;10;9812994208;S
20240312;100141;34.5;50;9812994209;S
20240312;100141;34.5;10;9812994210;S
20240312;100141;34.5;100;9812994211;S
20240312;100141;34.495;150;9812994212;S
20240312;100141;34.51;50;9812994273;B
20240312;100141;34.5;40;9812994334;S
20240312;100141;34.495;50;9812994335;S
20240312;100141;34.495;380;9812994336;S
20240312;100142;34.5;300;9812994451;S
20240312;100142;34.5;400;9812994452;S
20240312;100142;34.5;10;9812994453;S
20240312;100142;34.5;10;9812994454;S
20240312;100142;34.5;20;9812994455;S
20240312;100142;34.5;10;9812994456;S
20240312;100142;34.495;120;9812994457;S
20240312;100149;34.5;10;9812995589;S
20240312;100149;34.5;20;9812995590;S
20240312;100150;34.5;10;9812995719;B
20240312;100157;34.495;360;9812997131;S
20240312;100159;34.495;2150;9812997376;S
20240312;100159;34.495;10;9812997377;S
20240312;100159;34.495;10;9812997378;S
20240312;100159;34.495;10;9812997379;S
20240312;100159;34.495;10;9812997380;S
20240312;100159;34.495;10;9812997381;S
20240312;100159;34.495;30;9812997382;S
20240312;100159;34.49;10;9812997383;S
20240312;100159;34.49;10;9812997384;S
20240312;100159;34.49;10;9812997385;S
20240312;100159;34.485;10;9812997386;S
20240312;100159;34.485;20;9812997387;S
20240312;100200;34.485;480;9812997505;S
20240312;100200;34.485;800;9812997506;S
20240312;100200;34.48;20;9812997507;S
20240312;100200;34.48;50;9812997508;S
20240312;100200;34.48;290;9812997509;S
20240312;100200;34.48;10;9812997510;S
20240312;100200;34.48;10;9812997511;S
20240312;100200;34.48;10;9812997512;S
20240312;100200;34.48;10;9812997513;S
20240312;100200;34.48;50;9812997514;S
20240312;100200;34.48;10;9812997515;S
20240312;100200;34.48;50;9812997516;S
20240312;100200;34.48;10;9812997517;S
20240312;100200;34.48;10;9812997518;S
20240312;100200;34.475;10;9812997519;S
20240312;100200;34.475;40;9812997520;S
20240312;100200;34.475;180;9812997521;B
20240312;100200;34.49;10;9812997528;B
20240312;100200;34.49;20;9812997532;B
20240312;100200;34.48;40;9812997535;S
20240312;100200;34.48;50;9812997563;B
20240312;100200;34.48;200;9812997564;B
20240312;100200;34.48;50;9812997613;B
20240312;100201;34.48;20;9812997670;B
20240312;100201;34.475;20;9812997677;S
20240312;100201;34.475;80;9812997678;S
20240312;100201;34.48;20;9812997679;B
20240312;100201;34.48;10;9812997680;B
20240312;100201;34.48;50;9812997686;B
20240312;100201;34.48;20;9812997704;B
20240312;100201;34.475;920;9812997705;S
20240312;100201;34.475;20;9812997706;S
20240312;100201;34.47;20;9812997707;S
20240312;100201;34.47;10;9812997708;S
20240312;100201;34.47;50;9812997709;S
20240312;100201;34.47;90;9812997710;S
20240312;100201;34.465;10;9812997711;S
20240312;100201;34.465;1000;9812997712;S
20240312;100201;34.465;10;9812997713;S
20240312;100201;34.465;1000;9812997714;S
20240312;100201;34.46;10;9812997715;S
20240312;100201;34.46;10;9812997716;S
20240312;100201;34.46;10;9812997717;S
20240312;100201;34.46;50;9812997718;S
20240312;100201;34.46;480;9812997719;S
20240312;100201;34.455;10;9812997720;S
20240312;100201;34.455;220;9812997721;S
20240312;100201;34.455;10;9812997722;S
20240312;100201;34.455;100;9812997723;S
20240312;100201;34.455;20;9812997724;S
20240312;100201;34.45;210;9812997725;S
20240312;100201;34.45;100;9812997726;S
20240312;100201;34.45;10;9812997727;S
20240312;100201;34.45;20;9812997728;S
20240312;100201;34.45;10;9812997729;S
20240312;100201;34.45;20;9812997730;S
20240312;100201;34.45;10;9812997731;S
20240312;100201;34.45;100;9812997732;S
20240312;100201;34.45;10;9812997733;S
20240312;100201;34.45;3500;9812997734;S
20240312;100201;34.445;1000;9812997735;S
20240312;100201;34.44;220;9812997736;S
20240312;100201;34.44;1000;9812997737;S
20240312;100201;34.44;10;9812997738;S
20240312;100201;34.44;10;9812997739;S
20240312;100201;34.44;100;9812997740;S
20240312;100201;34.44;11590;9812997741;S
20240312;100201;34.43;10;9812997742;S
20240312;100201;34.43;100;9812997743;S
20240312;100201;34.425;10;9812997744;S
20240312;100201;34.425;30;9812997745;S
20240312;100201;34.425;40;9812997746;S
20240312;100201;34.425;20;9812997747;S
20240312;100201;34.42;200;9812997748;S
20240312;100201;34.42;60;9812997749;S
20240312;100201;34.42;300;9812997750;S
20240312;100201;34.42;10;9812997751;S
20240312;100201;34.42;10;9812997752;S
20240312;100201;34.42;100;9812997753;S
20240312;100201;34.42;10;9812997754;S
20240312;100201;34.415;1000;9812997755;S
20240312;100201;34.41;500;9812997756;S
20240312;100201;34.41;10;9812997757;S
20240312;100201;34.41;100;9812997758;S
20240312;100201;34.405;10000;9812997759;S
20240312;100201;34.4;10;9812997760;S
20240312;100201;34.4;70;9812997761;S
20240312;100201;34.4;10;9812997762;S
20240312;100201;34.4;100;9812997763;S
20240312;100201;34.4;50;9812997764;S
20240312;100201;34.4;100;9812997765;S
20240312;100201;34.4;20;9812997766;S
20240312;100201;34.4;10;9812997767;S
20240312;100201;34.4;10;9812997768;S
20240312;100201;34.4;10;9812997769;S
20240312;100201;34.4;30;9812997770;S
20240312;100201;34.4;40;9812997771;S
20240312;100201;34.4;100;9812997772;S
20240312;100201;34.4;100;9812997773;S
20240312;100201;34.4;50;9812997774;S
20240312;100201;34.4;670;9812997775;S
20240312;100201;34.4;10;9812997776;S
20240312;100201;34.4;100;9812997777;S
20240312;100201;34.4;10;9812997778;S
20240312;100201;34.4;10;9812997779;S
20240312;100201;34.395;750;9812997780;S
20240312;100201;34.395;580;9812997781;S
20240312;100201;34.39;10;9812997782;S
20240312;100201;34.39;1450;9812997783;S
20240312;100201;34.39;100;9812997784;S
20240312;100201;34.39;500;9812997785;S
20240312;100201;34.39;10;9812997786;S
20240312;100201;34.385;3000;9812997787;S
20240312;100201;34.38;10;9812997788;S
20240312;100201;34.38;100;9812997789;S
20240312;100201;34.38;10;9812997790;S
20240312;100201;34.38;60;9812997791;S
20240312;100201;34.38;13000;9812997792;S
20240312;100201;34.375;10;9812997793;S
20240312;100201;34.37;100;9812997794;S
20240312;100201;34.365;20;9812997795;S
20240312;100201;34.36;100;9812997796;S
20240312;100201;34.36;10;9812997797;S
20240312;100201;34.35;100;9812997798;S
20240312;100201;34.35;10;9812997799;S
20240312;100201;34.35;10;9812997800;S
20240312;100201;34.35;10;9812997801;S
20240312;100201;34.35;50;9812997802;S
20240312;100201;34.35;10;9812997803;S
20240312;100201;34.35;300;9812997804;S
20240312;100201;34.35;200;9812997805;S
20240312;100201;34.35;3000;9812997806;S
20240312;100201;34.35;100;9812997807;S
20240312;100201;34.35;120;9812997808;S
20240312;100201;34.35;10;9812997809;S
20240312;100201;34.345;50;9812997810;S
20240312;100201;34.345;20;9812997811;S
20240312;100201;34.34;10;9812997812;S
20240312;100201;34.34;100;9812997813;S
20240312;100201;34.335;50;9812997814;S
20240312;100201;34.335;1000;9812997815;S
20240312;100201;34.33;100;9812997816;S
20240312;100201;34.33;10;9812997817;S
20240312;100201;34.325;800;9812997818;S
20240312;100201;34.325;10;9812997819;S
20240312;100201;34.32;100;9812997820;S
20240312;100201;34.32;500;9812997821;S
20240312;100201;34.315;100;9812997822;S
20240312;100201;34.315;10;9812997823;S
20240312;100201;34.315;110;9812997824;S
20240312;100201;34.31;30;9812997825;S
20240312;100201;34.31;500;9812997826;S
20240312;100201;34.31;500;9812997827;S
20240312;100201;34.31;1000;9812997828;S
20240312;100201;34.31;300;9812997829;S
20240312;100201;34.31;100;9812997830;S
20240312;100201;34.31;40;9812997831;S
20240312;100201;34.31;10;9812997832;S
20240312;100201;34.31;4350;9812997833;S
20240312;100201;34.305;8880;9812997834;S
20240312;100201;34.305;26000;9812997835;S
20240312;100201;34.3;100;9812997836;S
20240312;100201;34.3;10;9812997837;S
20240312;100201;34.3;2000;9812997838;S
20240312;100201;34.3;10;9812997839;S
20240312;100201;34.3;100;9812997840;S
20240312;100201;34.3;90;9812997841;S
20240312;100201;34.3;30;9812997842;S
20240312;100201;34.3;50;9812997843;S
20240312;100201;34.3;30;9812997844;S
20240312;100201;34.3;40;9812997845;S
20240312;100201;34.3;10;9812997846;S
20240312;100201;34.3;210;9812997847;S
20240312;100201;34.3;10000;9812997848;S
20240312;100201;34.3;1000;9812997849;S
20240312;100201;34.3;200;9812997850;S
20240312;100201;34.3;10;9812997851;S
20240312;100201;34.3;500;9812997852;S
20240312;100201;34.3;150;9812997853;S
20240312;100201;34.3;10;9812997854;S
20240312;100201;34.3;60;9812997855;S
20240312;100201;34.3;100;9812997856;S
20240312;100201;34.3;10;9812997857;S
20240312;100201;34.3;10;9812997858;S
20240312;100201;34.3;10;9812997859;S
20240312;100201;34.3;5830;9812997860;S
20240312;100201;34.3;60000;9812997861;S
20240312;100201;34.3;270;9812997862;S
20240312;100201;34.355;500;9812997863;S
20240312;100201;34.305;500;9812997864;S
20240312;100201;34.3;2630;9812997865;S
20240312;100201;34.3;500;9812997866;S
20240312;100201;34.295;10;9812997867;S
20240312;100201;34.29;50;9812997868;S
20240312;100201;34.29;10;9812997869;S
20240312;100201;34.29;150;9812997870;S
20240312;100201;34.29;5000;9812997871;S
20240312;100201;34.285;100;9812997872;S
20240312;100201;34.285;10;9812997873;S
20240312;100201;34.285;540;9812997874;S
20240312;100201;34.285;70;9812997875;S
20240312;100201;34.455;560;9812997876;B
20240312;100201;34.36;830;9812997877;S
20240312;100201;34.35;9170;9812997878;B
20240312;100201;34.365;500;9812997879;S
20240312;100201;34.44;480;9812997897;B
20240312;100201;34.445;2900;9812997898;B
20240312;100201;34.475;10;9812997907;B
20240312;100201;34.475;10000;9812997909;B
20240312;100201;34.385;1440;9812997912;S
20240312;100201;34.465;20;9812997916;B
20240312;100201;34.395;100;9812997919;S
20240312;100201;34.395;60;9812997930;S
20240312;100201;34.395;700;9812997933;S
20240312;100201;34.395;2900;9812997934;S
20240312;100201;34.39;4000;9812997935;S
20240312;100201;34.385;7400;9812997936;S
20240312;100201;34.435;10;9812998073;B
20240312;100201;34.44;490;9812998074;B
20240312;100201;34.44;500;9812998075;B
20240312;100201;34.43;150;9812998086;S
20240312;100202;34.425;600;9812998091;B
20240312;100202;34.425;260;9812998092;B
20240312;100202;34.43;240;9812998093;B
20240312;100202;34.43;1000;9812998094;B
20240312;100202;34.43;40;9812998110;B
20240312;100202;34.4;10;9812998111;S
20240312;100202;34.42;10;9812998122;B
20240312;100202;34.425;30;9812998130;B
20240312;100202;34.405;10;9812998131;S
20240312;100202;34.405;10;9812998132;S
20240312;100202;34.395;2980;9812998133;S
20240312;100202;34.395;1020;9812998134;S
20240312;100202;34.39;870;9812998135;S
20240312;100202;34.38;1080;9812998136;S
20240312;100202;34.42;30;9812998138;B
20240312;100202;34.42;830;9812998139;B
20240312;100202;34.425;570;9812998140;B
20240312;100202;34.42;10;9812998147;B
20240312;100202;34.425;40;9812998148;B
20240312;100202;34.395;1280;9812998157;S
20240312;100202;34.425;10;9812998210;B
20240312;100202;34.425;10;9812998231;B
20240312;100202;34.42;10;9812998234;S
20240312;100202;34.425;10;9812998242;B
20240312;100202;34.42;1000;9812998243;S
20240312;100202;34.42;490;9812998245;S
20240312;100202;34.41;40;9812998269;B
20240312;100202;34.425;10;9812998270;B
20240312;100202;34.425;10;9812998285;B
20240312;100203;34.405;50;9812998286;S
20240312;100203;34.42;20;9812998295;B
20240312;100203;34.42;10;9812998298;B
20240312;100203;34.42;20;9812998300;B
20240312;100203;34.425;30;9812998301;B
20240312;100203;34.425;10;9812998303;B
20240312;100203;34.42;40;9812998373;B
20240312;100203;34.41;780;9812998374;S
20240312;100203;34.41;50;9812998375;S
20240312;100203;34.41;200;9812998376;S
20240312;100203;34.41;10;9812998377;S
20240312;100203;34.41;30;9812998378;S
20240312;100203;34.405;2340;9812998379;S
20240312;100203;34.42;10;9812998385;B
20240312;100204;34.41;10;9812998424;S
20240312;100204;34.405;20;9812998425;S
20240312;100205;34.415;3800;9812998555;S
20240312;100205;34.415;10;9812998563;B
20240312;100205;34.415;40;9812998654;B
20240312;100206;34.415;30;9812998709;B
20240312;100206;34.41;570;9812998807;S
20240312;100206;34.405;80;9812998808;S
20240312;100206;34.405;80;9812998809;S
20240312;100206;34.405;2140;9812998810;S
20240312;100206;34.4;10;9812998811;S
20240312;100206;34.4;10;9812998812;S
20240312;100206;34.4;10;9812998813;S
20240312;100206;34.4;10;9812998814;S
20240312;100206;34.4;10;9812998815;S
20240312;100206;34.4;10;9812998816;S
20240312;100206;34.4;50;9812998817;S
20240312;100206;34.4;530;9812998818;S
20240312;100207;34.42;20;9812999042;B
20240312;100209;34.415;10;9812999267;S
20240312;100209;34.41;10;9812999268;S
20240312;100209;34.4;480;9812999269;S
20240312;100211;34.405;400;9812999684;S
20240312;100211;34.4;3990;9812999686;S
20240312;100211;34.4;100;9812999687;S
20240312;100211;34.4;200;9812999688;S
20240312;100211;34.4;100;9812999727;B
20240312;100211;34.4;200;9812999732;B
20240312;100212;34.395;10;9812999797;S
20240312;100212;34.395;10;9812999798;S
20240312;100212;34.395;10;9812999799;S
20240312;100212;34.395;10;9812999800;S
20240312;100214;34.39;30;9813000087;S
20240312;100214;34.39;50;9813000088;S
20240312;100214;34.39;10;9813000089;S
20240312;100214;34.39;10;9813000090;S
20240312;100214;34.39;150;9813000091;S
20240312;100216;34.395;1460;9813000401;B
20240312;100217;34.395;600;9813000673;S
20240312;100218;34.4;1000;9813000812;B
20240312;100219;34.395;10;9813000946;B
20240312;100219;34.395;770;9813000971;B
20240312;100219;34.4;160;9813000972;B
20240312;100221;34.4;29290;9813001141;B
20240312;100221;34.405;1760;9813001142;B
20240312;100221;34.425;10000;9813001143;B
20240312;100221;34.43;50;9813001144;B
20240312;100224;34.445;30;9813001633;B
20240312;100226;34.445;300;9813001913;B
20240312;100226;34.45;390;9813001914;B
20240312;100226;34.45;200;9813001915;B
20240312;100226;34.45;10;9813001916;B
20240312;100226;34.46;100;9813001917;B
20240312;100229;34.425;20;9813002372;S
20240312;100229;34.425;2900;9813002373;S
20240312;100229;34.425;1170;9813002374;S
20240312;100229;34.425;410;9813002375;S
20240312;100237;34.465;10;9813004131;B
20240312;100241;34.465;100;9813004767;B
20240312;100243;34.465;1000;9813005183;B
20240312;100247;34.455;60;9813005861;B
20240312;100247;34.46;40;9813005862;B
20240312;100247;34.46;1000;9813005903;B
20240312;100248;34.46;50;9813005992;B
20240312;100253;34.455;10;9813006727;B
20240312;100256;34.445;1220;9813007311;S
20240312;100256;34.445;150;9813007312;S
20240312;100300;34.445;150;9813008355;S
20240312;100302;34.455;20;9813008796;B
20240312;100305;34.45;10;9813009160;B
20240312;100310;34.45;10;9813009936;B
20240312;100310;34.455;20;9813009937;B
20240312;100311;34.455;30;9813010100;B
20240312;100312;34.455;300;9813010411;B
20240312;100314;34.445;200;9813011006;S
20240312;100314;34.445;100;9813011007;S
20240312;100316;34.445;10;9813011642;B
20240312;100316;34.445;1600;9813011763;B
20240312;100316;34.445;11610;9813011764;B
20240312;100316;34.455;20;9813011765;B
20240312;100316;34.46;6770;9813011766;B
20240312;100316;34.455;100;9813011856;B
20240312;100322;34.455;10;9813012941;B
20240312;100327;34.455;30;9813013631;B
20240312;100327;34.45;200;9813013699;S
20240312;100327;34.46;30;9813013746;B
20240312;100328;34.455;10;9813013826;B
20240312;100332;34.45;1130;9813014457;S
20240312;100332;34.45;200;9813014458;S
20240312;100332;34.445;10;9813014459;S
20240312;100332;34.445;180;9813014460;S
20240312;100333;34.45;700;9813014737;S
20240312;100333;34.44;20;9813014738;S
20240312;100333;34.44;500;9813014739;S
20240312;100333;34.44;10;9813014740;S
20240312;100333;34.44;50;9813014741;S
20240312;100333;34.44;20;9813014742;S
20240312;100333;34.44;200;9813014743;S
20240312;100333;34.44;30;9813014744;S
20240312;100333;34.44;1520;9813014852;S
20240312;100333;34.44;960;9813014965;S
20240312;100333;34.44;560;9813014966;S
20240312;100338;34.445;310;9813016128;S
20240312;100339;34.455;10;9813016217;B
20240312;100339;34.455;40;9813016218;B
20240312;100339;34.455;50;9813016358;S
20240312;100341;34.445;30;9813016691;S
20240312;100350;34.455;50;9813018229;B
20240312;100350;34.455;1350;9813018230;B
20240312;100353;34.455;10;9813018735;B
20240312;100353;34.455;10;9813018736;B
20240312;100353;34.46;10;9813018826;B
20240312;100354;34.46;900;9813018963;B
20240312;100354;34.46;1220;9813018964;B
20240312;100354;34.47;20;9813018965;B
20240312;100354;34.47;80;9813018966;B
20240312;100408;34.47;30;9813020837;B
20240312;100408;34.47;20;9813020858;B
20240312;100408;34.475;11610;9813020859;B
20240312;100408;34.48;580;9813020860;B
20240312;100408;34.48;10;9813020861;B
20240312;100408;34.485;780;9813020862;B
20240312;100413;34.485;50;9813021855;B
20240312;100420;34.48;50;9813022830;S
20240312;100420;34.475;150;9813022831;S
20240312;100430;34.485;50;9813024087;B
20240312;100433;34.485;30;9813024541;B
20240312;100435;34.485;500;9813025018;B
20240312;100439;34.485;60;9813025622;B
20240312;100440;34.48;50;9813026053;S
20240312;100440;34.475;250;9813026054;S
20240312;100440;34.475;1130;9813026055;S
20240312;100440;34.475;1490;9813026056;S
20240312;100440;34.47;1000;9813026057;S
20240312;100440;34.465;780;9813026058;S
20240312;100440;34.45;50;9813026059;S
20240312;100440;34.45;200;9813026060;S
20240312;100440;34.45;50;9813026061;S
20240312;100450;34.475;10;9813027837;B
20240312;100458;34.475;10;9813029138;S
20240312;100458;34.48;10;9813029201;B
20240312;100459;34.48;30;9813029207;B
20240312;100501;34.48;500;9813029517;B
20240312;100501;34.48;770;9813029518;B
20240312;100502;34.485;50;9813029664;B
20240312;100502;34.485;70;9813029665;B
20240312;100502;34.485;110;9813029666;B
20240312;100510;34.48;10;9813030916;B
20240312;100511;34.485;10;9813031037;B
20240312;100514;34.485;200;9813031779;B
20240312;100514;34.485;180;9813031780;B
20240312;100514;34.485;940;9813031781;B
20240312;100515;34.485;20;9813031872;S
20240312;100517;34.485;190;9813032075;S
20240312;100520;34.485;1000;9813032600;S
20240312;100523;34.485;1400;9813033626;S
20240312;100523;34.48;20;9813033713;S
20240312;100527;34.48;10;9813034354;S
20240312;100530;34.485;10;9813034848;B
20240312;100536;34.48;2110;9813035710;S
20240312;100539;34.48;850;9813036538;S
20240312;100539;34.48;10;9813036539;S
20240312;100549;34.48;100;9813038176;B
20240312;100556;34.48;30;9813039693;B
20240312;100600;34.475;2520;9813040190;S
20240312;100605;34.475;40;9813041162;S
20240312;100611;34.475;2960;9813042424;S
20240312;100612;34.48;2000;9813042708;B
20240312;100618;34.475;4470;9813044234;S
20240312;100618;34.475;500;9813044235;S
20240312;100618;34.475;30;9813044236;S
20240312;100620;34.48;10;9813044774;B
20240312;100620;34.48;100;9813044775;B
20240312;100620;34.48;390;9813044776;B
20240312;100620;34.475;970;9813044918;S
20240312;100620;34.475;50;9813044919;S
20240312;100621;34.47;10;9813045034;B
20240312;100622;34.47;10;9813045392;B
20240312;100622;34.47;100;9813045421;B
20240312;100622;34.465;10;9813045442;S
20240312;100622;34.465;1750;9813045443;S
20240312;100623;34.46;20;9813045829;S
20240312;100623;34.46;880;9813045830;S
20240312;100624;34.45;1500;9813046102;S
20240312;100624;34.45;10;9813046103;S
20240312;100624;34.45;2000;9813046104;S
20240312;100624;34.45;10;9813046105;S
20240312;100624;34.45;10;9813046106;S
20240312;100624;34.45;200;9813046107;S
20240312;100624;34.45;50;9813046293;B
20240312;100625;34.445;230;9813046519;S
20240312;100625;34.445;50;9813046520;S
20240312;100625;34.445;30;9813046568;B
20240312;100626;34.44;100;9813046849;S
20240312;100626;34.44;50;9813046850;S
20240312;100626;34.44;100;9813046851;S
20240312;100626;34.44;20;9813046852;S
20240312;100626;34.44;600;9813046853;S
20240312;100626;34.44;30;9813046854;S
20240312;100626;34.44;440;9813046855;S
20240312;100626;34.44;20;9813046902;B
20240312;100626;34.435;3530;9813047046;S
20240312;100635;34.445;10;9813049616;B
20240312;100636;34.445;110;9813049924;B
20240312;100639;34.445;200;9813050512;B
20240312;100649;34.44;20;9813052660;S
20240312;100701;34.445;680;9813055249;B
20240312;100701;34.445;40;9813055250;B
20240312;100704;34.445;210;9813055981;S
20240312;100704;34.445;10;9813055982;S
20240312;100704;34.44;300;9813055983;S
20240312;100704;34.44;30;9813055984;S
20240312;100704;34.44;10;9813055985;S
20240312;100704;34.44;480;9813055986;S
20240312;100704;34.44;170;9813055987;S
20240312;100708;34.445;100;9813056985;S
20240312;100711;34.445;10;9813058480;B
20240312;100711;34.445;20;9813058481;B
20240312;100721;34.44;50;9813061554;S
20240312;100721;34.44;10;9813061555;S
20240312;100722;34.44;20;9813061977;S
20240312;100725;34.44;10;9813062760;S
20240312;100731;34.445;10;9813064238;B
20240312;100732;34.445;20;9813064527;B
20240312;100733;34.44;30;9813064654;S
20240312;100733;34.435;4970;9813064655;S
20240312;100734;34.44;10;9813064941;B
20240312;100736;34.445;10;9813065507;B
20240312;100737;34.445;100;9813065547;B
20240312;100738;34.435;200;9813065735;S
20240312;100739;34.445;150;9813065979;B
20240312;100743;34.44;10;9813067103;B
20240312;100746;34.445;20;9813067693;B
20240312;100752;34.44;10;9813069658;B
20240312;100753;34.435;1000;9813069858;S
20240312;100754;34.435;24300;9813070967;S
20240312;100754;34.435;100;9813070968;S
20240312;100754;34.435;20;9813070969;S
20240312;100754;34.435;20;9813070970;S
20240312;100754;34.435;100;9813070971;S
20240312;100754;34.435;100;9813070972;S
20240312;100754;34.435;1000;9813070973;S
20240312;100754;34.435;100;9813070974;S
20240312;100754;34.435;120;9813070975;S
20240312;100754;34.435;10;9813070976;S
20240312;100754;34.435;60;9813070977;S
20240312;100754;34.435;20;9813070978;S
20240312;100754;34.435;10;9813070979;S
20240312;100754;34.435;10;9813070980;S
20240312;100754;34.435;70;9813070981;S
20240312;100754;34.43;100;9813070982;S
20240312;100754;34.43;10;9813070983;S
20240312;100754;34.43;100;9813070984;S
20240312;100754;34.43;1130;9813070985;S
20240312;100754;34.43;10;9813070986;S
20240312;100754;34.425;20;9813070987;S
20240312;100754;34.425;500;9813070988;S
20240312;100754;34.425;300;9813070989;S
20240312;100754;34.42;100;9813071045;S
20240312;100754;34.42;10;9813071132;S
20240312;100755;34.42;50;9813071259;S
20240312;100755;34.42;10;9813071260;S
20240312;100755;34.42;4900;9813071727;B
20240312;100755;34.42;10;9813071780;B
20240312;100801;34.415;2220;9813072894;S
20240312;100801;34.415;100;9813072895;S
20240312;100801;34.415;30;9813072896;S
20240312;100802;34.415;20;9813073381;B
20240312;100807;34.41;10;9813075307;S
20240312;100808;34.415;60;9813075734;B
20240312;100810;34.415;10;9813076262;B
20240312;100813;34.41;40;9813076976;S
20240312;100813;34.41;660;9813076977;S
20240312;100815;34.41;450;9813077256;S
20240312;100815;34.41;100;9813077257;S
20240312;100815;34.41;10;9813077258;S
20240312;100818;34.41;40;9813078293;B
20240312;100818;34.41;10;9813078294;B
20240312;100819;34.41;10;9813078605;B
20240312;100822;34.41;10;9813079467;B
20240312;100822;34.405;30;9813079510;S
20240312;100822;34.405;20;9813079614;S
20240312;100825;34.41;60;9813080349;B
20240312;100825;34.41;10;9813080381;B
20240312;100825;34.405;80;9813080384;S
20240312;100828;34.41;1130;9813080913;B
20240312;100828;34.41;1130;9813081022;B
20240312;100829;34.41;1130;9813081134;B
20240312;100829;34.405;210;9813081159;S
20240312;100829;34.41;1130;9813081197;B
20240312;100829;34.41;1130;9813081260;B
20240312;100830;34.405;300;9813081352;S
20240312;100848;34.41;10;9813085914;B
20240312;100848;34.41;100;9813086012;B
20240312;100852;34.41;1080;9813086966;B
20240312;100852;34.405;200;9813086990;S
20240312;100858;34.41;10;9813088175;B
20240312;100858;34.41;470;9813088176;B
20240312;100904;34.415;100;9813089182;B
20240312;100905;34.415;40;9813089198;B
20240312;100906;34.415;30;9813089430;B
20240312;100906;34.415;40;9813089562;B
20240312;100907;34.415;30;9813089604;B
20240312;100910;34.415;20;9813090154;B
20240312;100914;34.415;2740;9813090851;B
20240312;100914;34.415;2160;9813090852;B
20240312;100914;34.415;4900;9813090865;B
20240312;100917;34.42;10;9813091386;B
20240312;100918;34.41;1320;9813091645;S
20240312;100918;34.41;10;9813091646;S
20240312;100918;34.41;100;9813091647;S
20240312;100918;34.41;500;9813091648;S
20240312;100918;34.41;2900;9813091649;S
20240312;100918;34.405;100;9813091650;S
20240312;100918;34.405;500;9813091651;S
20240312;100918;34.405;100;9813091652;S
20240312;100918;34.405;500;9813091653;S
20240312;100918;34.405;10;9813091654;S
20240312;100918;34.405;1200;9813091655;S
20240312;100918;34.425;20;9813091674;B
20240312;100923;34.41;260;9813092585;B
20240312;100924;34.415;10;9813092719;B
20240312;100924;34.415;50;9813092756;B
20240312;100934;34.42;1130;9813094254;B
20240312;100934;34.42;1130;9813094312;B
20240312;100939;34.41;1130;9813095322;S
20240312;100939;34.41;370;9813095323;S
20240312;100943;34.41;30;9813096253;S
20240312;100943;34.41;1130;9813096254;S
20240312;100943;34.41;1260;9813096255;S
20240312;100943;34.405;2900;9813096256;S
20240312;100943;34.4;10;9813096257;S
20240312;100943;34.4;50;9813096258;S
20240312;100943;34.4;300;9813096259;S
20240312;100943;34.4;10;9813096260;S
20240312;100943;34.4;10;9813096261;S
20240312;100943;34.4;1000;9813096262;S
20240312;100943;34.4;120;9813096263;S
20240312;100943;34.4;110;9813096264;S
20240312;100943;34.4;30;9813096265;S
20240312;100943;34.4;30;9813096266;S
20240312;100943;34.4;200;9813096267;S
20240312;100943;34.4;210;9813096268;S
20240312;100946;34.41;20;9813096743;S
20240312;100946;34.405;1480;9813096744;S
20240312;100946;34.42;10;9813096759;B
20240312;100946;34.42;40;9813096760;B
20240312;100951;34.42;10;9813097322;B
20240312;100953;34.42;480;9813097543;B
20240312;100953;34.42;20;9813097544;B
20240312;100953;34.42;10;9813097655;B
20240312;100956;34.42;200;9813098000;B
20240312;100956;34.425;100;9813098001;B
20240312;100956;34.405;10;9813098007;S
20240312;101002;34.42;70;9813099296;S
20240312;101008;34.42;130;9813100392;S
20240312;101015;34.43;20;9813101573;B
20240312;101015;34.43;1110;9813101574;B
20240312;101015;34.43;1130;9813101690;B
20240312;101018;34.43;2900;9813102378;B
20240312;101018;34.43;1240;9813102379;B
20240312;101020;34.425;300;9813102756;S
20240312;101020;34.42;190;9813102757;S
20240312;101020;34.42;30;9813102758;S
20240312;101020;34.42;340;9813102759;S
20240312;101020;34.42;480;9813102760;S
20240312;101020;34.42;1260;9813102761;S
20240312;101020;34.42;4400;9813102762;B
20240312;101021;34.43;1130;9813103053;B
20240312;101021;34.43;1130;9813103211;B
20240312;101021;34.43;480;9813103342;B
20240312;101021;34.43;650;9813103343;B
20240312;101031;34.43;20;9813105448;B
20240312;101031;34.43;10;9813105533;B
20240312;101033;34.43;30;9813106101;B
20240312;101035;34.43;500;9813106624;B
20240312;101040;34.43;400;9813107588;B
20240312;101045;34.43;40;9813108774;B
20240312;101046;34.43;100;9813108800;B
20240312;101046;34.43;20;9813108858;B
20240312;101048;34.43;10;9813109302;B
20240312;101054;34.43;10;9813110379;B
20240312;101057;34.43;20;9813111155;B
20240312;101100;34.425;10;9813111645;S
20240312;101102;34.425;70;9813111917;S
20240312;101106;34.43;900;9813112589;B
20240312;101110;34.43;1490;9813113270;S
20240312;101113;34.435;20;9813113744;B
20240312;101117;34.435;10;9813114868;B
20240312;101119;34.43;90;9813115254;S
20240312;101119;34.435;10;9813115288;B
20240312;101120;34.435;10;9813115414;B
20240312;101120;34.43;160;9813115449;S
20240312;101121;34.435;200;9813115653;B
20240312;101122;34.435;20;9813115712;B
20240312;101125;34.435;300;9813116170;B
20240312;101127;34.435;10;9813116565;B
20240312;101130;34.435;100;9813116983;B
20240312;101131;34.43;30;9813117095;S
20240312;101131;34.43;40;9813117096;S
20240312;101134;34.43;10;9813117497;S
20240312;101135;34.435;500;9813117580;B
20240312;101136;34.435;280;9813117710;B
20240312;101140;34.435;20;9813118113;B
20240312;101141;34.435;100;9813118292;B
20240312;101141;34.435;200;9813118307;B
20240312;101142;34.435;10;9813118363;B
20240312;101142;34.435;10;9813118456;B
20240312;101144;34.435;10000;9813118617;B
20240312;101146;34.43;100;9813118766;S
20240312;101146;34.43;500;9813118836;S
20240312;101146;34.425;150;9813118837;S
20240312;101149;34.425;10;9813119268;S
20240312;101159;34.435;100;9813120692;B
20240312;101207;34.435;4900;9813121694;B
20240312;101208;34.435;240;9813121798;B
20240312;101211;34.435;10000;9813122251;B
20240312;101211;34.435;6140;9813122252;B
20240312;101211;34.435;7760;9813122253;B
20240312;101211;34.435;15160;9813122254;B
20240312;101211;34.435;3000;9813122255;B
20240312;101212;34.435;30;9813122415;B
20240312;101214;34.435;140;9813122750;B
20240312;101215;34.435;10;9813122845;B
20240312;101219;34.435;10;9813123346;B
20240312;101221;34.435;910;9813123660;B
20240312;101223;34.43;150;9813123970;S
20240312;101224;34.435;10;9813124095;B
20240312;101225;34.435;100;9813124167;B
20240312;101227;34.43;50;9813124434;S
20240312;101227;34.43;10;9813124435;S
20240312;101227;34.43;500;9813124436;S
20240312;101227;34.43;940;9813124437;S
20240312;101229;34.43;500;9813124714;S
20240312;101229;34.425;190;9813124715;S
20240312;101229;34.425;10;9813124716;S
20240312;101229;34.425;1130;9813124717;S
20240312;101229;34.42;320;9813124718;S
20240312;101229;34.42;370;9813124719;S
20240312;101229;34.42;10;9813124720;S
20240312;101229;34.415;480;9813124721;S
20240312;101229;34.415;2900;9813124722;S
20240312;101229;34.415;1490;9813124723;S
20240312;101229;34.41;10;9813124724;S
20240312;101229;34.41;20;9813124725;S
20240312;101229;34.41;100;9813124726;S
20240312;101229;34.41;2470;9813124727;S
20240312;101229;34.41;1000;9813124728;S
20240312;101229;34.405;1000;9813124729;S
20240312;101229;34.405;700;9813124730;S
20240312;101229;34.405;2900;9813124731;S
20240312;101229;34.405;11610;9813124732;S
20240312;101229;34.4;10;9813124733;S
20240312;101229;34.4;10;9813124734;S
20240312;101229;34.4;200;9813124735;S
20240312;101229;34.4;500;9813124736;S
20240312;101229;34.4;10;9813124737;S
20240312;101229;34.4;10;9813124738;S
20240312;101229;34.4;370;9813124739;S
20240312;101229;34.4;50;9813124740;S
20240312;101229;34.4;100;9813124741;S
20240312;101229;34.4;10;9813124742;S
20240312;101229;34.4;100;9813124743;S
20240312;101229;34.4;200;9813124744;S
20240312;101229;34.4;10;9813124745;S
20240312;101229;34.4;100;9813124746;S
20240312;101229;34.4;10;9813124747;S
20240312;101229;34.4;500;9813124748;S
20240312;101229;34.4;10;9813124749;S
20240312;101229;34.4;100;9813124750;S
20240312;101229;34.4;400;9813124751;S
20240312;101229;34.4;90;9813124752;B
20240312;101230;34.415;140;9813124858;B
20240312;101230;34.425;380;9813124951;B
20240312;101230;34.425;100;9813124952;B
20240312;101230;34.43;1130;9813124965;B
20240312;101231;34.43;1130;9813125020;B
20240312;101246;34.435;30;9813127352;B
20240312;101248;34.435;100;9813127789;B
20240312;101249;34.43;300;9813127872;S
20240312;101249;34.42;200;9813127873;S
20240312;101313;34.425;10;9813132634;B
20240312;101320;34.42;1100;9813133543;S
20240312;101323;34.435;9650;9813133869;B
20240312;101332;34.435;500;9813135436;B
20240312;101344;34.43;100;9813136907;B
20240312;101344;34.43;20;9813136919;B
20240312;101346;34.43;200;9813137148;B
20240312;101348;34.42;90;9813137468;S
20240312;101349;34.43;100;9813137517;B
20240312;101354;34.43;190;9813138080;B
20240312;101354;34.43;20;9813138082;B
20240312;101400;34.43;20;9813138788;B
20240312;101407;34.43;30;9813139723;B
20240312;101412;34.42;100;9813140686;S
20240312;101415;34.43;20;9813141020;B
20240312;101439;34.42;530;9813144100;S
20240312;101439;34.42;500;9813144101;S
20240312;101439;34.415;900;9813144102;S
20240312;101439;34.415;10;9813144103;S
20240312;101439;34.415;10;9813144104;S
20240312;101439;34.415;550;9813144105;S
20240312;101451;34.43;150;9813145637;B
20240312;101455;34.43;10;9813146101;B
20240312;101507;34.43;50;9813148003;B
20240312;101507;34.43;20;9813148029;B
20240312;101517;34.43;10;9813150153;B
20240312;101523;34.43;30;9813151133;B
20240312;101526;34.43;1930;9813151812;B
20240312;101526;34.43;430;9813151813;B
20240312;101526;34.43;20;9813151814;B
20240312;101526;34.43;10;9813151815;B
20240312;101526;34.43;20;9813151816;B
20240312;101526;34.43;7570;9813151817;B
20240312;101529;34.435;300;9813152190;B
20240312;101530;34.43;10;9813152329;S
20240312;101530;34.435;50;9813152455;B
20240312;101530;34.435;10;9813152458;B
20240312;101535;34.435;20;9813153518;B
20240312;101535;34.435;740;9813153583;B
20240312;101536;34.43;10;9813153657;S
20240312;101536;34.42;10;9813153711;S
20240312;101544;34.42;280;9813155227;S
20240312;101546;34.43;10;9813155746;B
20240312;101547;34.43;10;9813155829;B
20240312;101550;34.43;10;9813156440;B
20240312;101550;34.43;50;9813156441;B
20240312;101554;34.42;30;9813157110;S
20240312;101603;34.42;370;9813158704;S
20240312;101603;34.43;1000;9813158788;B
20240312;101603;34.43;40;9813158801;B
20240312;101604;34.425;110;9813158817;S
20240312;101604;34.425;10;9813158881;S
20240312;101605;34.43;10;9813159138;B
20240312;101610;34.43;50;9813159788;B
20240312;101618;34.43;1130;9813161251;B
20240312;101618;34.43;10;9813161321;B
20240312;101618;34.43;1120;9813161322;B
20240312;101630;34.425;10;9813163910;S
20240312;101630;34.425;20;9813163911;S
20240312;101631;34.43;10;9813164029;B
20240312;101633;34.425;540;9813164454;S
20240312;101641;34.43;200;9813166413;B
20240312;101645;34.43;1670;9813166985;B
20240312;101645;34.43;20;9813166986;B
20240312;101645;34.43;2000;9813166987;B
20240312;101646;34.43;20;9813167242;B
20240312;101648;34.43;10;9813167614;B
20240312;101653;34.43;10;9813168323;B
20240312;101655;34.43;2860;9813168652;B
20240312;101655;34.435;30;9813168750;B
20240312;101655;34.43;20;9813168779;B
20240312;101658;34.43;10;9813169152;B
20240312;101703;34.43;10;9813169900;S
20240312;101704;34.43;20;9813169989;S
20240312;101711;34.43;100;9813170877;S
20240312;101711;34.435;40;9813170992;B
20240312;101713;34.435;5000;9813171143;B
20240312;101713;34.435;700;9813171144;B
20240312;101713;34.435;4900;9813171186;B
20240312;101713;34.435;4900;9813171190;B
20240312;101713;34.435;1000;9813171199;B
20240312;101716;34.435;10;9813171746;B
20240312;101716;34.43;180;9813171812;S
20240312;101718;34.435;800;9813172000;B
20240312;101726;34.435;100;9813173080;B
20240312;101727;34.435;30;9813173290;B
20240312;101730;34.435;1950;9813173985;B
20240312;101730;34.435;2400;9813173991;B
20240312;101735;34.435;20;9813174528;B
20240312;101743;34.43;370;9813176386;S
20240312;101743;34.43;50;9813176387;S
20240312;101744;34.425;10;9813176571;S
20240312;101744;34.425;10;9813176572;S
20240312;101744;34.425;280;9813176573;S
20240312;101746;34.43;10;9813176991;B
20240312;101807;34.425;30;9813181874;S
20240312;101807;34.42;10;9813181875;S
20240312;101807;34.42;1130;9813181876;S
20240312;101807;34.42;700;9813181877;S
20240312;101807;34.43;30;9813181961;B
20240312;101810;34.43;100;9813182527;B
20240312;101830;34.43;30;9813185887;B
20240312;101832;34.43;50;9813186068;B
20240312;101859;34.425;10;9813189890;B
20240312;101859;34.43;80;9813189891;B
20240312;101907;34.43;780;9813190780;B
20240312;101907;34.43;50;9813190781;B
20240312;101907;34.43;100;9813190782;B
20240312;101907;34.43;30;9813190783;B
20240312;101913;34.435;360;9813191364;B
20240312;101915;34.435;10;9813191466;B
20240312;101919;34.435;30;9813192069;B
20240312;101932;34.435;10;9813193741;B
20240312;101936;34.435;40;9813194195;B
20240312;101940;34.435;10;9813194648;B
20240312;101946;34.435;10;9813195332;B
20240312;101947;34.435;10;9813195394;B
20240312;101952;34.435;100;9813196085;B
20240312;101953;34.435;10;9813196240;B
20240312;102004;34.435;20;9813197466;B
20240312;102005;34.435;20;9813197515;B
20240312;102012;34.435;600;9813198650;B
20240312;102012;34.435;700;9813198718;B
20240312;102018;34.435;10;9813199471;B
20240312;102021;34.435;2000;9813201852;B
20240312;102025;34.435;2000;9813203278;B
20240312;102025;34.43;1000;9813203317;S
20240312;102025;34.435;10;9813203326;B
20240312;102031;34.435;80;9813206156;B
20240312;102034;34.43;40;9813207626;S
20240312;102041;34.43;500;9813209943;S
20240312;102041;34.43;20;9813209944;S
20240312;102041;34.43;100;9813209945;S
20240312;102041;34.43;10;9813209946;S
20240312;102041;34.43;50;9813209947;S
20240312;102041;34.43;20;9813209948;S
20240312;102041;34.43;10;9813209949;S
20240312;102041;34.43;10;9813209950;S
20240312;102041;34.43;10;9813209951;S
20240312;102041;34.43;40;9813209952;S
20240312;102041;34.43;30;9813209953;S
20240312;102041;34.43;20;9813209954;S
20240312;102041;34.43;10;9813209955;S
20240312;102041;34.43;10;9813209956;S
20240312;102041;34.43;10;9813209957;S
20240312;102041;34.43;30;9813209958;S
20240312;102041;34.43;40;9813209959;S
20240312;102041;34.43;10;9813209960;S
20240312;102041;34.43;10;9813209961;S
20240312;102041;34.43;10;9813209962;S
20240312;102041;34.43;250;9813209963;S
20240312;102042;34.43;340;9813211063;S
20240312;102045;34.435;260;9813211937;B
20240312;102045;34.435;250;9813211938;B
20240312;102045;34.435;530;9813211939;B
20240312;102045;34.435;20;9813211940;B
20240312;102045;34.435;20;9813211941;B
20240312;102045;34.435;10;9813211942;B
20240312;102045;34.435;10;9813211943;B
20240312;102045;34.435;580;9813211944;B
20240312;102045;34.435;10;9813211945;B
20240312;102045;34.435;10;9813211946;B
20240312;102045;34.435;10;9813211947;B
20240312;102045;34.435;10;9813211948;B
20240312;102045;34.435;10;9813211949;B
20240312;102045;34.435;10;9813211956;S
20240312;102049;34.435;10;9813213382;S
20240312;102053;34.44;10;9813214774;B
20240312;102053;34.445;190;9813214775;B
20240312;102053;34.435;10;9813214808;S
20240312;102053;34.45;20;9813214843;B
20240312;102053;34.45;30;9813214844;B
20240312;102054;34.435;20;9813215102;S
20240312;102055;34.435;500;9813215124;B
20240312;102101;34.435;50;9813217849;B
20240312;102101;34.435;10;9813217850;B
20240312;102101;34.435;10;9813217851;B
20240312;102105;34.44;1000;9813218389;B
20240312;102107;34.435;10;9813218810;S
20240312;102114;34.44;310;9813220968;B
20240312;102116;34.44;100;9813221502;B
20240312;102128;34.435;10;9813224062;S
20240312;102131;34.44;10;9813226305;B
20240312;102133;34.44;340;9813226573;B
20240312;102134;34.44;20;9813226945;B
20240312;102135;34.44;10;9813226982;B
20240312;102142;34.44;910;9813228177;B
20240312;102146;34.44;300;9813230157;B
20240312;102147;34.44;500;9813230187;B
20240312;102147;34.44;10;9813230188;B
20240312;102147;34.44;10;9813230189;B
20240312;102147;34.44;10;9813230190;B
20240312;102147;34.44;10;9813230191;B
20240312;102147;34.45;1000;9813230198;B
20240312;102148;34.445;10;9813230301;S
20240312;102148;34.455;5000;9813230305;B
20240312;102148;34.46;1000;9813230385;B
20240312;102148;34.46;4000;9813230386;B
20240312;102152;34.46;1830;9813232278;B
20240312;102152;34.465;1300;9813232279;B
20240312;102152;34.47;1000;9813232280;B
20240312;102152;34.48;410;9813232281;B
20240312;102152;34.48;460;9813232282;B
20240312;102203;34.48;100;9813235490;B
20240312;102214;34.48;30;9813238289;B
20240312;102219;34.48;10;9813240032;B
20240312;102220;34.48;20;9813240512;B
20240312;102242;34.48;240;9813246032;B
20240312;102242;34.48;70;9813246033;B
20240312;102242;34.48;10;9813246034;B
20240312;102242;34.48;10;9813246035;B
20240312;102242;34.48;10;9813246036;B
20240312;102242;34.48;10;9813246037;B
20240312;102242;34.48;10;9813246038;B
20240312;102242;34.48;10;9813246039;B
20240312;102242;34.48;10;9813246040;B
20240312;102242;34.48;10;9813246041;B
20240312;102242;34.48;280;9813246042;S
20240312;102246;34.48;330;9813247405;S
20240312;102246;34.48;30;9813247406;S
20240312;102247;34.475;10;9813248086;B
20240312;102258;34.47;1130;9813251818;S
20240312;102315;34.47;10;9813257551;B
20240312;102318;34.47;10;9813258000;B
20240312;102321;34.465;30;9813259118;S
20240312;102330;34.47;90;9813262081;B
20240312;102330;34.47;110;9813262082;B
20240312;102334;34.47;10;9813262990;B
20240312;102337;34.47;10;9813263233;B
20240312;102343;34.47;20;9813263776;B
20240312;102345;34.475;10;9813265428;B
20240312;102402;34.47;10;9813270945;B
20240312;102406;34.465;10;9813271637;S
20240312;102413;34.47;1000;9813274316;B
20240312;102421;34.47;120;9813277080;B
20240312;102423;34.47;40;9813277279;B
20240312;102424;34.47;10;9813278254;S
20240312;102425;34.475;30;9813278745;B
20240312;102425;34.465;10;9813278746;S
20240312;102432;34.47;40;9813280466;B
20240312;102433;34.475;30;9813281099;B
20240312;102438;34.47;10;9813282006;B
20240312;102444;34.47;20;9813284883;B
20240312;102444;34.47;10;9813284981;B
20240312;102444;34.47;990;9813284982;B
20240312;102446;34.465;110;9813285197;S
20240312;102446;34.465;10;9813285198;S
20240312;102446;34.46;480;9813285199;S
20240312;102447;34.465;10;9813285750;B
20240312;102447;34.465;10;9813285759;B
20240312;102447;34.47;10;9813285760;B
20240312;102447;34.47;10;9813285781;B
20240312;102448;34.47;10;9813285851;B
20240312;102448;34.47;10;9813285910;B
20240312;102448;34.47;10;9813285911;B
20240312;102448;34.47;10;9813285912;B
20240312;102448;34.47;10;9813286060;B
20240312;102449;34.47;10;9813286709;B
20240312;102449;34.47;10;9813286714;B
20240312;102449;34.47;10;9813286716;B
20240312;102449;34.47;10;9813286717;B
20240312;102449;34.47;10;9813286718;B
20240312;102449;34.47;10;9813286719;B
20240312;102449;34.47;10;9813286720;B
20240312;102449;34.47;10;9813286727;B
20240312;102449;34.47;10;9813286730;B
20240312;102449;34.47;10;9813286731;B
20240312;102449;34.47;10;9813286732;B
20240312;102449;34.47;10;9813286735;B
20240312;102449;34.47;10;9813286739;B
20240312;102449;34.47;10;9813286740;B
20240312;102449;34.47;10;9813286741;B
20240312;102449;34.47;10;9813286744;B
20240312;102449;34.47;10;9813286791;B
20240312;102449;34.47;10;9813286794;B
20240312;102450;34.47;10;9813287277;B
20240312;102450;34.47;10;9813287329;B
20240312;102452;34.46;520;9813287826;S
20240312;102452;34.46;20;9813287827;S
20240312;102508;34.46;10;9813292212;B
20240312;102508;34.465;90;9813292213;B
20240312;102509;34.47;10;9813292749;B
20240312;102510;34.465;10;9813293150;B
20240312;102511;34.47;10;9813293416;B
20240312;102511;34.47;20;9813293445;B
20240312;102512;34.47;10;9813293477;B
20240312;102518;34.465;10;9813294519;B
20240312;102519;34.47;10;9813294586;B
20240312;102519;34.47;10;9813294637;B
20240312;102520;34.47;10;9813294723;B
20240312;102520;34.465;20;9813294747;B
20240312;102521;34.47;20;9813294827;B
20240312;102521;34.47;10;9813294870;B
20240312;102521;34.47;10;9813294871;B
20240312;102522;34.47;10;9813294983;B
20240312;102522;34.47;10;9813295008;B
20240312;102524;34.465;10;9813295487;B
20240312;102524;34.47;10;9813295497;B
20240312;102525;34.47;60;9813295684;B
20240312;102526;34.47;10;9813295868;B
20240312;102526;34.47;10;9813295980;B
20240312;102527;34.465;10;9813296084;B
20240312;102527;34.47;10;9813296117;B
20240312;102527;34.47;10;9813296118;B
20240312;102527;34.47;30;9813296119;B
20240312;102528;34.47;10;9813296126;B
20240312;102531;34.47;50;9813296625;B
20240312;102531;34.47;10;9813296662;B
20240312;102532;34.47;10;9813296677;B
20240312;102532;34.47;10;9813296702;B
20240312;102532;34.47;10;9813296746;S
20240312;102532;34.47;10;9813296764;S
20240312;102532;34.47;40;9813296776;S
20240312;102532;34.47;10;9813296777;S
20240312;102532;34.47;10;9813296778;S
20240312;102533;34.47;10;9813296791;S
20240312;102533;34.47;10;9813296792;S
20240312;102533;34.47;10;9813296798;S
20240312;102533;34.47;10;9813296804;S
20240312;102533;34.47;10;9813296806;S
20240312;102533;34.47;10;9813296881;S
20240312;102533;34.47;10;9813296902;S
20240312;102533;34.47;10;9813296944;S
20240312;102537;34.47;10;9813297506;S
20240312;102537;34.47;10;9813297507;S
20240312;102537;34.47;10;9813297508;S
20240312;102537;34.47;10;9813297509;S
20240312;102537;34.47;10;9813297510;S
20240312;102537;34.47;40;9813297511;S
20240312;102537;34.47;10;9813297512;S
20240312;102544;34.465;90;9813300104;B
20240312;102550;34.465;10;9813301770;B
20240312;102601;34.465;10;9813305225;B
20240312;102607;34.46;140;9813307181;S
20240312;102609;34.455;30;9813307841;S
20240312;102610;34.46;10;9813307873;B
20240312;102629;34.455;30;9813313401;S
20240312;102629;34.455;420;9813313412;S
20240312;102629;34.455;10;9813313413;S
20240312;102629;34.455;10;9813313414;S
20240312;102629;34.455;10;9813313415;S
20240312;102629;34.455;10;9813313416;S
20240312;102629;34.455;10;9813313417;S
20240312;102629;34.45;50;9813313418;S
20240312;102629;34.45;10;9813313419;S
20240312;102629;34.45;500;9813313420;S
20240312;102629;34.45;1000;9813313421;S
20240312;102629;34.45;1130;9813313422;S
20240312;102629;34.45;1140;9813313423;S
20240312;102629;34.45;200;9813313424;S
20240312;102629;34.445;5500;9813313425;S
20240312;102630;34.455;10;9813314219;S
20240312;102630;34.445;20;9813314220;S
20240312;102631;34.45;30;9813314277;S
20240312;102632;34.45;30;9813314846;S
20240312;102638;34.455;100;9813316067;B
20240312;102659;34.455;10;9813322166;B
20240312;102706;34.45;400;9813324092;S
20240312;102725;34.46;200;9813329174;B
20240312;102738;34.46;10;9813332427;B
20240312;102751;34.46;150;9813336743;B
20240312;102755;34.46;10;9813337490;B
20240312;102757;34.455;20;9813337624;S
20240312;102757;34.455;30;9813337625;S
20240312;102757;34.45;540;9813337626;S
20240312;102757;34.45;20;9813337627;S
20240312;102757;34.45;20;9813337628;S
20240312;102757;34.45;370;9813337629;S
20240312;102757;34.455;30;9813337631;B
20240312;102757;34.455;30;9813337632;B
20240312;102757;34.455;30;9813337648;B
20240312;102757;34.455;30;9813337659;B
20240312;102757;34.455;30;9813337786;B
20240312;102757;34.455;30;9813337787;B
20240312;102757;34.455;30;9813337792;B
20240312;102757;34.455;30;9813337806;B
20240312;102757;34.455;20;9813337808;B
20240312;102814;34.46;300;9813342537;B
20240312;102818;34.46;10;9813343867;B
20240312;102819;34.46;320;9813343997;B
20240312;102819;34.465;70;9813343998;B
20240312;102819;34.465;110;9813343999;B
20240312;102825;34.465;20;9813344486;B
20240312;102825;34.465;1000;9813344512;B
20240312;102839;34.465;90;9813345601;B
20240312;102903;34.46;10;9813347868;S
20240312;102914;34.465;10;9813349427;B
20240312;102914;34.465;10;9813349428;B
20240312;102914;34.465;10;9813349429;B
20240312;102914;34.465;50;9813349430;B
20240312;102914;34.465;10;9813349431;B
20240312;102914;34.465;10;9813349432;B
20240312;102917;34.46;20;9813349805;S
20240312;102917;34.46;10;9813349806;S
20240312;102917;34.46;10;9813349807;S
20240312;102917;34.46;10;9813349808;S
20240312;102917;34.46;50;9813349809;S
20240312;102917;34.46;20;9813349810;S
20240312;102917;34.46;10;9813349811;S
20240312;102940;34.465;10;9813352205;B
20240312;102940;34.465;10;9813352206;B
20240312;102940;34.465;10;9813352207;B
20240312;102940;34.465;10;9813352208;B
20240312;102940;34.465;10;9813352209;B
20240312;102940;34.465;10;9813352210;B
20240312;102940;34.465;20;9813352211;B
20240312;102940;34.465;10;9813352212;B
20240312;102940;34.465;10;9813352213;B
20240312;102940;34.465;10;9813352214;B
20240312;102940;34.465;10;9813352215;B
20240312;102940;34.465;10;9813352216;B
20240312;102940;34.465;10;9813352217;B
20240312;102940;34.465;10;9813352218;B
20240312;102940;34.465;10;9813352219;B
20240312;102940;34.465;20;9813352220;B
20240312;102940;34.465;10;9813352221;B
20240312;102940;34.465;10;9813352222;B
20240312;102940;34.465;10;9813352223;B
20240312;102940;34.465;10;9813352224;B
20240312;102940;34.465;10;9813352225;B
20240312;102940;34.465;10;9813352226;B
20240312;102940;34.465;10;9813352227;B
20240312;102940;34.465;10;9813352228;B
20240312;102940;34.465;10;9813352229;B
20240312;102940;34.465;10;9813352230;B
20240312;102940;34.465;10;9813352231;B
20240312;102940;34.465;10;9813352232;B
20240312;102940;34.465;40;9813352233;B
20240312;102940;34.465;20;9813352234;B
20240312;102940;34.465;10;9813352235;B
20240312;102940;34.465;10;9813352236;B
20240312;102940;34.465;70;9813352237;B
20240312;102940;34.465;20;9813352238;B
20240312;102940;34.465;20;9813352239;B
20240312;102940;34.465;30;9813352240;B
20240312;102940;34.465;10;9813352241;B
20240312;102940;34.465;40;9813352242;B
20240312;102940;34.465;10;9813352243;B
20240312;102940;34.465;20;9813352244;B
20240312;102940;34.465;10;9813352245;B
20240312;102940;34.47;1000;9813352246;B
20240312;102940;34.47;30;9813352247;B
20240312;102940;34.47;360;9813352248;B
20240312;102947;34.465;280;9813353226;B
20240312;102947;34.465;120;9813353227;B
20240312;102949;34.465;10;9813353432;B
20240312;102955;34.465;10;9813353994;B
20240312;102955;34.465;100;9813354014;B
20240312;102958;34.46;10;9813354274;S
20240312;102958;34.46;10;9813354275;S
20240312;103002;34.465;10;9813354735;B
20240312;103004;34.465;30;9813354936;B
20240312;103004;34.465;40;9813354937;B
20240312;103007;34.47;30;9813355231;B
20240312;103016;34.47;40;9813356186;B
20240312;103025;34.47;10;9813357012;B
20240312;103031;34.47;250;9813357728;B
20240312;103036;34.47;10;9813358177;B
20240312;103042;34.465;20;9813358814;S
20240312;103044;34.47;50;9813359021;B
20240312;103044;34.47;60;9813359022;B
20240312;103044;34.47;70;9813359023;B
20240312;103044;34.47;60;9813359024;B
20240312;103044;34.47;20;9813359025;B
20240312;103044;34.47;510;9813359026;B
20240312;103052;34.47;10;9813359772;B
20240312;103054;34.47;20;9813360124;B
20240312;103054;34.47;20;9813360125;B
20240312;103054;34.47;10;9813360126;B
20240312;103054;34.47;30;9813360127;B
20240312;103054;34.47;20;9813360128;B
20240312;103056;34.47;10;9813360477;B
20240312;103104;34.47;10;9813361609;B
20240312;103105;34.47;10;9813361663;B
20240312;103108;34.475;30;9813362260;B
20240312;103109;34.465;130;9813362311;S
20240312;103109;34.465;20;9813362326;S
20240312;103110;34.47;10;9813362352;B
20240312;103110;34.47;30;9813362389;B
20240312;103112;34.465;10;9813362589;S
20240312;103116;34.47;10;9813363085;B
20240312;103127;34.47;20;9813364302;B
20240312;103138;34.47;20;9813365515;B
20240312;103138;34.47;20;9813365557;B
20240312;103142;34.47;10;9813365893;B
20240312;103149;34.47;10;9813366625;B
20240312;103200;34.465;750;9813367817;S
20240312;103200;34.465;100;9813367818;S
20240312;103200;34.465;20;9813367819;S
20240312;103200;34.465;50;9813367872;S
20240312;103209;34.46;30;9813368798;S
20240312;103209;34.46;10;9813368799;S
20240312;103209;34.46;10;9813368800;S
20240312;103209;34.46;50;9813368801;S
20240312;103209;34.46;20;9813368802;S
20240312;103209;34.46;70;9813368803;S
20240312;103209;34.46;20;9813368804;S
20240312;103209;34.46;10;9813368805;S
20240312;103209;34.46;100;9813368806;S
20240312;103209;34.46;10;9813368807;S
20240312;103209;34.46;10;9813368808;S
20240312;103209;34.46;20;9813368809;S
20240312;103209;34.46;10;9813368810;S
20240312;103209;34.46;10;9813368811;S
20240312;103209;34.46;10;9813368812;S
20240312;103209;34.46;10;9813368813;S
20240312;103209;34.46;20;9813368814;S
20240312;103209;34.46;20;9813368815;S
20240312;103209;34.46;10;9813368816;S
20240312;103209;34.46;10;9813368817;S
20240312;103209;34.46;10;9813368818;S
20240312;103209;34.46;20;9813368819;S
20240312;103209;34.46;10;9813368820;S
20240312;103209;34.46;10;9813368821;S
20240312;103209;34.46;20;9813368822;S
20240312;103209;34.46;10;9813368823;S
20240312;103209;34.46;10;9813368824;S
20240312;103209;34.46;10;9813368825;S
20240312;103209;34.46;10;9813368826;S
20240312;103209;34.46;10;9813368827;S
20240312;103209;34.46;100;9813368828;S
20240312;103209;34.46;300;9813368829;S
20240312;103212;34.455;70;9813369167;S
20240312;103212;34.45;20;9813369168;S
20240312;103212;34.45;100;9813369169;S
20240312;103212;34.45;100;9813369170;S
20240312;103212;34.45;10;9813369171;S
20240312;103212;34.45;50;9813369172;S
20240312;103212;34.45;210;9813369173;S
20240312;103215;34.46;480;9813369515;B
20240312;103215;34.46;960;9813369516;B
20240312;103222;34.455;80;9813370190;B
20240312;103222;34.46;120;9813370191;B
20240312;103230;34.45;260;9813370954;S
20240312;103238;34.46;30;9813371738;B
20240312;103238;34.46;100;9813371739;B
20240312;103254;34.47;150;9813373684;B
20240312;103258;34.46;40;9813374315;S
20240312;103302;34.47;10;9813374610;B
20240312;103401;34.47;90;9813380081;B
20240312;103401;34.47;800;9813380082;B
20240312;103401;34.47;1010;9813380083;B
20240312;103403;34.475;290;9813380196;B
20240312;103407;34.47;10;9813380500;S
20240312;103410;34.475;250;9813380964;B
20240312;103412;34.47;20;9813381497;S
20240312;103415;34.47;750;9813381725;S
20240312;103423;34.475;10;9813382506;B
20240312;103424;34.47;30;9813382530;S
20240312;103433;34.47;400;9813383554;S
20240312;103434;34.475;10;9813383585;B
20240312;103437;34.47;4940;9813383844;S
20240312;103437;34.47;190;9813383845;S
20240312;103522;34.46;30;9813387953;S
20240312;103522;34.46;10;9813387954;S
20240312;103522;34.46;10;9813387955;S
20240312;103522;34.46;10;9813387956;S
20240312;103522;34.46;10;9813387957;S
20240312;103522;34.46;80;9813387958;S
20240312;103528;34.465;70;9813388398;B
20240312;103534;34.45;70;9813389098;S
20240312;103539;34.45;200;9813389786;S
20240312;103551;34.465;10;9813391071;B
20240312;103558;34.465;10;9813391657;B
20240312;103602;34.46;15000;9813391954;S
20240312;103602;34.46;11950;9813391955;S
20240312;103602;34.46;3390;9813391956;S
20240312;103602;34.46;2120;9813391957;S
20240312;103605;34.46;10;9813392207;B
20240312;103607;34.46;20;9813392353;B
20240312;103617;34.455;10;9813393280;B
20240312;103621;34.455;20;9813393755;B
20240312;103621;34.45;100;9813393756;S
20240312;103621;34.45;140;9813393757;S
20240312;103710;34.455;40;9813398021;B
20240312;103717;34.45;10;9813398639;S
20240312;103717;34.45;80;9813398640;S
20240312;103717;34.445;20;9813398641;S
20240312;103717;34.44;40;9813398642;S
20240312;103733;34.44;900;9813400129;S
20240312;103733;34.44;1610;9813400137;S
20240312;103733;34.44;650;9813400167;S
20240312;103733;34.44;320;9813400247;S
20240312;103733;34.44;640;9813400284;S
20240312;103734;34.44;170;9813400345;S
20240312;103734;34.44;320;9813400446;S
20240312;103735;34.45;100;9813400537;B
20240312;103737;34.44;160;9813400785;S
20240312;103740;34.44;160;9813401103;S
20240312;103741;34.45;20;9813401180;B
20240312;103742;34.45;100;9813401234;B
20240312;103744;34.44;810;9813401538;S
20240312;103744;34.44;1610;9813401599;S
20240312;103747;34.44;2070;9813401934;S
20240312;103747;34.44;50;9813401935;S
20240312;103747;34.44;10;9813401936;S
20240312;103747;34.44;100;9813401937;S
20240312;103747;34.44;720;9813401938;S
20240312;103747;34.44;10;9813401939;S
20240312;103747;34.435;10;9813401940;S
20240312;103747;34.435;30;9813401941;S
20240312;103752;34.43;70;9813402362;S
20240312;103752;34.43;60;9813402363;S
20240312;103813;34.43;20;9813403797;S
20240312;103814;34.43;20;9813403955;S
20240312;103814;34.43;200;9813403956;S
20240312;103814;34.425;20;9813403957;S
20240312;103814;34.425;10;9813403958;S
20240312;103814;34.425;200;9813403959;S
20240312;103814;34.425;70;9813403960;S
20240312;103814;34.425;20;9813403961;S
20240312;103814;34.425;100;9813403962;S
20240312;103814;34.425;10;9813403963;S
20240312;103814;34.425;740;9813403964;S
20240312;103814;34.425;220;9813403965;S
20240312;103814;34.42;500;9813404074;S
20240312;103814;34.42;20;9813404075;S
20240312;103814;34.42;100;9813404076;S
20240312;103814;34.42;10;9813404077;S
20240312;103814;34.42;100;9813404078;S
20240312;103814;34.42;400;9813404079;S
20240312;103814;34.42;10;9813404080;S
20240312;103814;34.415;10;9813404100;S
20240312;103814;34.415;460;9813404101;S
20240312;103814;34.42;1610;9813404183;S
20240312;103814;34.42;160;9813404218;S
20240312;103814;34.42;100;9813404258;S
20240312;103814;34.42;100;9813404320;S
20240312;103815;34.42;490;9813404390;S
20240312;103815;34.42;100;9813404427;S
20240312;103815;34.42;480;9813404461;S
20240312;103815;34.42;140;9813404503;S
20240312;103815;34.415;180;9813404504;S
20240312;103815;34.415;360;9813404549;S
20240312;103815;34.415;10;9813404550;S
20240312;103815;34.415;110;9813404613;S
20240312;103816;34.415;500;9813404686;S
20240312;103816;34.415;110;9813404780;S
20240312;103818;34.415;160;9813404928;S
20240312;103818;34.415;30;9813404948;S
20240312;103818;34.415;1450;9813405001;S
20240312;103818;34.415;640;9813405038;S
20240312;103818;34.415;810;9813405111;S
20240312;103818;34.415;160;9813405129;S
20240312;103819;34.415;320;9813405315;S
20240312;103822;34.415;160;9813405660;S
20240312;103826;34.43;100;9813406089;B
20240312;103829;34.43;2800;9813406383;B
20240312;103829;34.43;940;9813406384;B
20240312;103829;34.43;1000;9813406385;B
20240312;103830;34.43;160;9813406426;S
20240312;103830;34.43;160;9813406473;S
20240312;103836;34.43;650;9813407492;S
20240312;103841;34.43;10;9813408195;S
20240312;103841;34.43;20;9813408196;S
20240312;103841;34.43;30;9813408197;S
20240312;103843;34.43;160;9813408416;S
20240312;103843;34.43;1610;9813408461;S
20240312;103845;34.43;100;9813408642;S
20240312;103845;34.43;10;9813408706;S
20240312;103846;34.43;100;9813408795;S
20240312;103851;34.435;60;9813409543;B
20240312;103856;34.43;170;9813410215;S
20240312;103901;34.43;10;9813411129;S
20240312;103901;34.43;570;9813411130;S
20240312;103901;34.43;100;9813411131;S
20240312;103901;34.43;210;9813411132;S
20240312;103901;34.43;10;9813411133;S
20240312;103901;34.43;10;9813411134;S
20240312;103901;34.43;10;9813411135;S
20240312;103901;34.43;10;9813411136;S
20240312;103901;34.43;10;9813411137;S
20240312;103901;34.43;10;9813411138;S
20240312;103901;34.43;10;9813411141;B
20240312;103901;34.43;10;9813411155;B
20240312;103926;34.43;10;9813413764;B
20240312;103940;34.42;20;9813415223;S
20240312;104000;34.425;10;9813417710;B
20240312;104008;34.43;10;9813418446;B
20240312;104012;34.43;10;9813419198;B
20240312;104014;34.425;90;9813419744;S
20240312;104014;34.42;80;9813419745;S
20240312;104014;34.42;10;9813419746;S
20240312;104014;34.42;10;9813419747;S
20240312;104014;34.42;10;9813419748;S
20240312;104014;34.42;10;9813419749;S
20240312;104014;34.42;1000;9813419750;S
20240312;104014;34.42;10;9813419751;S
20240312;104014;34.42;10;9813419752;S
20240312;104014;34.42;50;9813419753;S
20240312;104014;34.42;10;9813419754;S
20240312;104014;34.42;10;9813419755;S
20240312;104014;34.42;10;9813419756;S
20240312;104014;34.42;10;9813419757;S
20240312;104014;34.42;200;9813419758;S
20240312;104015;34.42;300;9813419889;S
20240312;104015;34.42;60;9813419890;S
20240312;104015;34.42;10;9813419891;S
20240312;104015;34.42;70;9813419892;S
20240312;104015;34.42;10;9813419893;S
20240312;104015;34.42;20;9813419894;S
20240312;104015;34.42;10;9813419895;S
20240312;104015;34.42;20;9813419896;S
20240312;104015;34.42;10;9813419897;S
20240312;104015;34.42;10;9813419898;S
20240312;104015;34.42;130;9813419899;S
20240312;104015;34.42;30;9813419900;S
20240312;104015;34.42;40;9813419901;S
20240312;104015;34.42;40;9813419902;S
20240312;104015;34.42;10;9813419903;S
20240312;104015;34.42;10;9813419904;S
20240312;104015;34.42;10;9813419905;S
20240312;104015;34.42;10;9813419906;S
20240312;104015;34.42;10;9813419907;S
20240312;104015;34.42;20;9813419908;S
20240312;104015;34.42;10;9813419909;S
20240312;104015;34.42;10;9813419910;S
20240312;104015;34.42;20;9813419911;S
20240312;104015;34.42;10;9813419912;S
20240312;104015;34.42;10;9813419913;S
20240312;104015;34.42;20;9813419914;S
20240312;104015;34.42;20;9813419915;S
20240312;104015;34.42;10;9813419916;S
20240312;104015;34.42;10;9813419917;S
20240312;104015;34.42;10;9813419918;S
20240312;104015;34.42;10;9813419919;S
20240312;104015;34.415;550;9813419920;S
20240312;104015;34.415;1530;9813419977;S
20240312;104015;34.415;100;9813420054;S
20240312;104015;34.415;200;9813420084;S
20240312;104015;34.415;100;9813420118;S
20240312;104015;34.415;110;9813420147;S
20240312;104015;34.415;100;9813420191;S
20240312;104015;34.415;200;9813420226;S
20240312;104015;34.415;710;9813420261;S
20240312;104015;34.415;310;9813420333;S
20240312;104015;34.415;100;9813420351;S
20240312;104015;34.415;100;9813420388;S
20240312;104015;34.415;100;9813420415;S
20240312;104015;34.415;100;9813420460;S
20240312;104016;34.415;410;9813420513;S
20240312;104016;34.415;400;9813420547;S
20240312;104016;34.415;410;9813420676;S
20240312;104016;34.415;20;9813420738;S
20240312;104016;34.415;20;9813420739;S
20240312;104016;34.415;100;9813420740;S
20240312;104016;34.415;50;9813420741;S
20240312;104016;34.41;10;9813420800;S
20240312;104016;34.41;10;9813420801;S
20240312;104016;34.41;100;9813420802;S
20240312;104016;34.41;1000;9813420803;S
20240312;104016;34.41;10;9813420804;S
20240312;104016;34.41;100;9813420805;S
20240312;104016;34.41;200;9813420806;S
20240312;104016;34.41;100;9813420807;S
20240312;104016;34.41;10;9813420808;S
20240312;104016;34.41;900;9813420809;S
20240312;104017;34.41;1290;9813421059;S
20240312;104021;34.41;10;9813421731;S
20240312;104022;34.41;30;9813421858;S
20240312;104025;34.41;850;9813422436;S
20240312;104028;34.41;1600;9813422818;S
20240312;104031;34.415;500;9813423283;B
20240312;104033;34.41;40;9813423523;S
20240312;104034;34.41;280;9813423674;S
20240312;104034;34.41;150;9813423675;S
20240312;104034;34.41;10;9813423676;S
20240312;104034;34.41;1000;9813423677;S
20240312;104034;34.41;100;9813423678;S
20240312;104034;34.41;160;9813423679;S
20240312;104038;34.41;20;9813424215;S
20240312;104041;34.415;80;9813424963;B
20240312;104056;34.41;10;9813427003;S
20240312;104058;34.415;10;9813427243;B
20240312;104101;34.415;100;9813427558;B
20240312;104104;34.415;10;9813427829;B
20240312;104105;34.41;110;9813427992;S
20240312;104105;34.41;10;9813427993;S
20240312;104105;34.41;30;9813427994;S
20240312;104105;34.41;20;9813427995;S
20240312;104105;34.405;10;9813427996;S
20240312;104105;34.405;10;9813427997;S
20240312;104105;34.405;50;9813427998;S
20240312;104105;34.405;60;9813427999;S
20240312;104108;34.41;100;9813428602;B
20240312;104112;34.41;750;9813428943;B
20240312;104114;34.41;80;9813429136;B
20240312;104116;34.41;70;9813429393;B
20240312;104118;34.405;440;9813430292;S
20240312;104118;34.405;20;9813430293;S
20240312;104118;34.405;20;9813430294;S
20240312;104118;34.405;1520;9813430295;S
20240312;104128;34.41;200;9813432112;B
20240312;104132;34.41;10;9813432586;B
20240312;104138;34.41;20;9813433148;B
20240312;104139;34.405;300;9813433256;S
20240312;104144;34.41;200;9813433728;B
20240312;104146;34.41;140;9813434089;B
20240312;104146;34.405;400;9813434095;S
20240312;104148;34.41;10;9813434213;B
20240312;104151;34.41;20;9813434563;B
20240312;104201;34.41;950;9813435660;B
20240312;104201;34.41;50;9813435661;B
20240312;104203;34.405;10;9813436224;S
20240312;104203;34.405;10;9813436225;S
20240312;104203;34.405;10;9813436227;S
20240312;104203;34.405;10;9813436229;S
20240312;104203;34.405;10;9813436230;S
20240312;104203;34.405;10;9813436231;S
20240312;104203;34.405;10;9813436232;S
20240312;104203;34.405;10;9813436236;S
20240312;104203;34.405;10;9813436242;S
20240312;104203;34.405;10;9813436243;S
20240312;104203;34.405;10;9813436244;S
20240312;104204;34.405;10;9813436327;S
20240312;104204;34.405;10;9813436329;S
20240312;104204;34.405;10;9813436344;S
20240312;104204;34.405;10;9813436345;S
20240312;104204;34.405;10;9813436348;S
20240312;104204;34.405;10;9813436353;S
20240312;104205;34.405;10;9813436390;S
20240312;104205;34.405;10;9813436391;S
20240312;104205;34.405;10;9813436457;S
20240312;104205;34.405;10;9813436460;S
20240312;104205;34.405;10;9813436461;S
20240312;104205;34.405;10;9813436462;S
20240312;104206;34.405;10;9813436463;S
20240312;104206;34.405;10;9813436471;S
20240312;104206;34.405;10;9813436472;S
20240312;104206;34.405;10;9813436482;S
20240312;104206;34.405;10;9813436483;S
20240312;104206;34.405;10;9813436484;S
20240312;104206;34.405;10;9813436485;S
20240312;104206;34.405;10;9813436486;S
20240312;104206;34.405;10;9813436487;S
20240312;104206;34.405;10;9813436488;S
20240312;104206;34.405;10;9813436489;S
20240312;104206;34.405;10;9813436492;S
20240312;104206;34.405;10;9813436493;S
20240312;104206;34.405;10;9813436494;S
20240312;104206;34.405;10;9813436495;S
20240312;104206;34.405;10;9813436496;S
20240312;104206;34.405;10;9813436497;S
20240312;104206;34.405;10;9813436499;S
20240312;104206;34.405;10;9813436501;S
20240312;104206;34.405;10;9813436504;S
20240312;104206;34.405;10;9813436505;S
20240312;104206;34.405;10;9813436506;S
20240312;104206;34.405;10;9813436507;S
20240312;104206;34.405;10;9813436510;S
20240312;104206;34.405;10;9813436514;S
20240312;104206;34.405;10;9813436522;S
20240312;104206;34.405;10;9813436529;S
20240312;104206;34.405;10;9813436531;S
20240312;104206;34.405;10;9813436535;S
20240312;104206;34.405;10;9813436543;S
20240312;104206;34.405;10;9813436547;S
20240312;104206;34.405;30;9813436572;S
20240312;104206;34.405;10;9813436573;S
20240312;104207;34.405;10;9813436635;S
20240312;104207;34.405;10;9813436700;S
20240312;104207;34.405;10;9813436705;S
20240312;104207;34.405;10;9813436707;S
20240312;104207;34.405;10;9813436713;S
20240312;104207;34.405;10;9813436714;S
20240312;104207;34.405;10;9813436716;S
20240312;104207;34.405;10;9813436717;S
20240312;104207;34.405;10;9813436718;S
20240312;104207;34.405;10;9813436719;S
20240312;104207;34.405;10;9813436721;S
20240312;104207;34.405;10;9813436723;S
20240312;104207;34.405;10;9813436724;S
20240312;104207;34.405;10;9813436726;S
20240312;104207;34.405;10;9813436727;S
20240312;104208;34.405;10;9813436728;S
20240312;104208;34.405;10;9813436730;S
20240312;104208;34.405;10;9813436731;S
20240312;104208;34.405;10;9813436735;S
20240312;104208;34.41;50;9813436737;B
20240312;104208;34.41;20;9813436738;B
20240312;104208;34.415;30;9813436739;B
20240312;104208;34.405;10;9813436741;S
20240312;104208;34.405;10;9813436748;S
20240312;104208;34.405;10;9813436751;S
20240312;104208;34.405;10;9813436761;S
20240312;104208;34.405;10;9813436766;S
20240312;104208;34.405;10;9813436767;S
20240312;104208;34.405;10;9813436770;S
20240312;104208;34.405;10;9813436781;S
20240312;104208;34.405;10;9813436784;S
20240312;104208;34.405;10;9813436790;S
20240312;104208;34.405;10;9813436794;S
20240312;104237;34.41;50;9813440021;S
20240312;104242;34.405;10;9813440526;S
20240312;104242;34.405;10;9813440584;S
20240312;104242;34.405;10;9813440585;S
20240312;104242;34.405;10;9813440586;S
20240312;104242;34.405;20;9813440587;S
20240312;104242;34.405;10;9813440588;S
20240312;104242;34.405;10;9813440590;S
20240312;104242;34.405;10;9813440591;S
20240312;104242;34.405;10;9813440592;S
20240312;104242;34.405;10;9813440593;S
20240312;104242;34.405;10;9813440594;S
20240312;104242;34.405;10;9813440595;S
20240312;104242;34.405;10;9813440596;S
20240312;104242;34.405;10;9813440597;S
20240312;104242;34.405;10;9813440618;S
20240312;104243;34.405;10;9813440680;S
20240312;104244;34.405;10;9813440728;S
20240312;104244;34.405;10;9813440732;S
20240312;104244;34.405;10;9813440733;S
20240312;104244;34.405;70;9813440734;S
20240312;104244;34.405;30;9813440735;S
20240312;104244;34.405;10;9813440756;S
20240312;104244;34.405;10;9813440757;S
20240312;104244;34.405;20;9813440760;S
20240312;104244;34.405;20;9813440761;S
20240312;104244;34.405;140;9813440762;S
20240312;104244;34.405;60;9813440763;S
20240312;104244;34.405;70;9813440765;S
20240312;104244;34.405;150;9813440766;S
20240312;104244;34.405;10;9813440767;S
20240312;104244;34.405;330;9813440768;S
20240312;104244;34.405;10;9813440769;S
20240312;104244;34.405;10;9813440771;S
20240312;104244;34.405;20;9813440779;S
20240312;104245;34.405;10;9813440803;S
20240312;104245;34.415;130;9813440812;B
20240312;104245;34.405;10;9813440834;S
20240312;104246;34.405;10;9813440876;S
20240312;104246;34.405;140;9813440879;S
20240312;104246;34.405;10;9813440880;S
20240312;104246;34.405;10;9813440881;S
20240312;104246;34.405;190;9813440888;S
20240312;104246;34.405;40;9813440895;S
20240312;104246;34.405;10;9813440896;S
20240312;104246;34.405;40;9813440898;S
20240312;104246;34.405;10;9813440899;S
20240312;104246;34.405;30;9813440900;S
20240312;104246;34.405;10;9813440902;S
20240312;104246;34.405;10;9813440903;S
20240312;104246;34.405;10;9813440906;S
20240312;104246;34.405;10;9813440908;S
20240312;104246;34.405;40;9813440909;S
20240312;104246;34.405;10;9813440910;S
20240312;104246;34.405;20;9813440911;S
20240312;104246;34.415;50;9813440912;B
20240312;104246;34.405;10;9813440913;S
20240312;104246;34.405;10;9813440943;S
20240312;104247;34.405;10;9813440964;S
20240312;104247;34.405;10;9813441015;S
20240312;104247;34.405;30;9813441073;S
20240312;104248;34.405;20;9813441087;S
20240312;104248;34.405;10;9813441094;S
20240312;104248;34.405;10;9813441095;S
20240312;104248;34.405;10;9813441107;S
20240312;104248;34.405;20;9813441108;S
20240312;104248;34.405;20;9813441109;S
20240312;104248;34.405;40;9813441111;S
20240312;104248;34.405;10;9813441112;S
20240312;104248;34.405;20;9813441114;S
20240312;104248;34.405;10;9813441115;S
20240312;104248;34.405;10;9813441116;S
20240312;104253;34.405;1460;9813441654;S
20240312;104307;34.41;10;9813443095;S
20240312;104307;34.405;23410;9813443096;S
20240312;104307;34.405;100;9813443097;S
20240312;104307;34.405;100;9813443098;S
20240312;104307;34.405;100;9813443099;S
20240312;104307;34.405;100;9813443100;S
20240312;104307;34.405;250;9813443101;S
20240312;104307;34.405;10;9813443102;S
20240312;104307;34.405;10;9813443103;S
20240312;104307;34.405;10;9813443104;S
20240312;104307;34.405;10;9813443105;S
20240312;104307;34.405;10;9813443106;S
20240312;104307;34.405;10;9813443107;S
20240312;104307;34.405;20;9813443108;S
20240312;104307;34.405;10;9813443109;S
20240312;104307;34.405;10;9813443110;S
20240312;104307;34.405;10;9813443111;S
20240312;104307;34.405;940;9813443112;S
20240312;104307;34.4;15850;9813443113;S
20240312;104307;34.4;100;9813443114;S
20240312;104307;34.4;100;9813443115;S
20240312;104307;34.4;200;9813443116;S
20240312;104307;34.4;20;9813443117;S
20240312;104307;34.4;10;9813443118;S
20240312;104307;34.4;1700;9813443119;S
20240312;104307;34.4;500;9813443120;S
20240312;104307;34.4;10;9813443121;S
20240312;104307;34.4;1000;9813443122;S
20240312;104307;34.4;50;9813443123;S
20240312;104307;34.4;10;9813443124;S
20240312;104307;34.4;10;9813443125;S
20240312;104307;34.4;50;9813443126;S
20240312;104307;34.4;20;9813443127;S
20240312;104307;34.4;10;9813443128;S
20240312;104307;34.4;15240;9813443129;S
20240312;104307;34.4;40;9813443139;S
20240312;104307;34.41;50;9813443141;B
20240312;104308;34.4;10;9813443250;S
20240312;104309;34.415;40;9813443286;B
20240312;104311;34.4;10;9813443462;S
20240312;104316;34.41;20;9813444007;B
20240312;104325;34.41;50;9813445012;S
20240312;104328;34.415;200;9813445358;B
20240312;104329;34.415;10;9813445483;B
20240312;104339;34.4;10;9813446954;S
20240312;104344;34.4;250;9813447594;S
20240312;104345;34.4;80;9813447696;S
20240312;104354;34.4;90;9813448776;S
20240312;104354;34.4;100;9813448777;S
20240312;104354;34.4;10;9813448778;S
20240312;104354;34.4;300;9813448779;S
20240312;104359;34.4;100;9813449186;S
20240312;104359;34.4;200;9813449187;S
20240312;104359;34.4;100;9813449188;S
20240312;104359;34.4;10;9813449189;S
20240312;104359;34.4;20;9813449190;S
20240312;104359;34.4;60;9813449191;S
20240312;104359;34.4;40;9813449192;S
20240312;104359;34.4;50;9813449193;S
20240312;104359;34.4;100;9813449194;S
20240312;104359;34.4;30;9813449195;S
20240312;104359;34.4;50;9813449196;S
20240312;104359;34.4;20;9813449197;S
20240312;104359;34.4;200;9813449198;S
20240312;104359;34.4;20;9813449199;S
20240312;104402;34.405;10;9813449536;B
20240312;104402;34.41;180;9813449537;B
20240312;104418;34.4;150;9813451548;S
20240312;104422;34.405;10;9813451880;B
20240312;104423;34.405;10;9813451984;B
20240312;104423;34.405;880;9813451985;B
20240312;104423;34.41;110;9813451986;B
20240312;104424;34.41;10;9813452036;B
20240312;104439;34.4;140;9813454044;S
20240312;104439;34.4;2500;9813454045;S
20240312;104439;34.4;100;9813454046;S
20240312;104439;34.4;260;9813454047;B
20240312;104452;34.41;20;9813455371;B
20240312;104459;34.41;30;9813456010;B
20240312;104459;34.41;20;9813456011;B
20240312;104502;34.41;500;9813456328;B
20240312;104514;34.41;290;9813457385;B
20240312;104538;34.41;150;9813459964;B
20240312;104538;34.41;40;9813459969;S
20240312;104540;34.405;100;9813460228;S
20240312;104551;34.405;150;9813461411;S
20240312;104555;34.41;60;9813461815;B
20240312;104602;34.41;10;9813462466;B
20240312;104609;34.405;10;9813463363;B
20240312;104613;34.41;10;9813463762;B
20240312;104619;34.41;60;9813464514;B
20240312;104633;34.4;240;9813466082;S
20240312;104633;34.4;1000;9813466083;S
20240312;104633;34.4;10;9813466084;S
20240312;104633;34.4;10;9813466085;S
20240312;104633;34.4;20;9813466086;S
20240312;104633;34.4;2720;9813466087;S
20240312;104655;34.4;340;9813468135;S
20240312;104706;34.4;2000;9813469393;S
20240312;104710;34.4;70;9813469650;S
20240312;104715;34.405;10;9813469994;B
20240312;104720;34.41;10;9813470481;B
20240312;104722;34.41;10;9813470780;B
20240312;104723;34.41;10;9813470836;B
20240312;104723;34.41;10;9813470837;B
20240312;104723;34.415;240;9813470838;B
20240312;104723;34.415;10;9813470839;B
20240312;104723;34.415;10;9813470840;B
20240312;104723;34.415;10;9813470841;B
20240312;104723;34.415;10;9813470842;B
20240312;104723;34.415;10;9813470843;B
20240312;104723;34.415;10;9813470844;B
20240312;104723;34.415;10;9813470845;B
20240312;104723;34.415;10;9813470846;B
20240312;104723;34.415;10;9813470847;B
20240312;104723;34.415;10;9813470848;B
20240312;104723;34.415;540;9813470849;B
20240312;104734;34.4;70;9813471903;S
20240312;104736;34.41;60;9813472076;B
20240312;104742;34.41;10;9813472664;B
20240312;104748;34.41;10;9813473186;B
20240312;104749;34.41;10;9813473263;B
20240312;104820;34.405;500;9813476835;B
20240312;104823;34.405;10;9813477102;B
20240312;104825;34.405;100;9813477327;B
20240312;104827;34.405;2000;9813477463;B
20240312;104829;34.4;20;9813477594;S
20240312;104830;34.4;330;9813477648;S
20240312;104835;34.4;30;9813478051;S
20240312;104840;34.405;500;9813478430;B
20240312;104840;34.405;1000;9813478431;B
20240312;104846;34.405;10;9813479137;B
20240312;104855;34.4;4420;9813479912;S
20240312;104855;34.4;25390;9813479913;S
20240312;104855;34.4;10;9813479914;S
20240312;104855;34.4;10;9813479915;S
20240312;104855;34.4;10;9813479916;S
20240312;104855;34.4;10;9813479917;S
20240312;104855;34.4;50;9813479918;S
20240312;104855;34.4;10;9813479919;S
20240312;104855;34.4;30;9813479920;S
20240312;104855;34.4;10;9813479921;S
20240312;104855;34.4;10;9813479922;S
20240312;104855;34.4;10;9813479923;S
20240312;104855;34.4;10;9813479924;S
20240312;104855;34.4;10;9813479925;S
20240312;104855;34.4;10;9813479926;S
20240312;104855;34.4;10;9813479927;S
20240312;104855;34.4;10;9813479928;S
20240312;104855;34.4;10;9813479929;S
20240312;104855;34.4;10;9813479930;S
20240312;104855;34.4;10;9813479931;S
20240312;104855;34.4;10;9813479932;S
20240312;104855;34.4;10;9813479933;S
20240312;104855;34.4;10;9813479934;S
20240312;104855;34.4;10;9813479935;S
20240312;104855;34.4;10;9813479936;S
20240312;104855;34.4;10;9813479937;S
20240312;104855;34.4;10;9813479938;S
20240312;104855;34.4;10;9813479939;S
20240312;104855;34.4;40;9813479940;S
20240312;104856;34.4;10;9813480039;S
20240312;104857;34.405;1000;9813480090;B
20240312;104908;34.4;10;9813481454;S
20240312;104908;34.4;40;9813481455;S
20240312;104910;34.4;100;9813481676;S
20240312;104912;34.405;330;9813481809;B
20240312;104914;34.4;10;9813481976;S
20240312;104917;34.4;10;9813482263;S
20240312;104917;34.4;10;9813482264;S
20240312;104917;34.4;10;9813482265;S
20240312;104917;34.4;10;9813482266;S
20240312;104917;34.4;10;9813482267;S
20240312;104917;34.4;10;9813482268;S
20240312;104917;34.4;10;9813482269;S
20240312;104917;34.4;10;9813482270;S
20240312;104917;34.4;10;9813482271;S
20240312;104917;34.395;10;9813482272;S
20240312;104917;34.4;10;9813482274;B
20240312;104917;34.4;10;9813482275;B
20240312;104917;34.4;10;9813482276;B
20240312;104917;34.4;10;9813482277;B
20240312;104917;34.4;10;9813482278;B
20240312;104917;34.4;10;9813482279;B
20240312;104917;34.4;10;9813482280;B
20240312;104917;34.4;10;9813482282;B
20240312;104917;34.4;10;9813482283;B
20240312;104917;34.4;10;9813482284;B
20240312;104917;34.4;10;9813482285;B
20240312;104917;34.395;100;9813482291;S
20240312;104917;34.395;50;9813482295;S
20240312;104917;34.4;10;9813482297;B
20240312;104917;34.4;10;9813482306;B
20240312;104917;34.4;10;9813482309;B
20240312;104917;34.4;10;9813482310;B
20240312;104917;34.4;10;9813482316;B
20240312;104917;34.4;10;9813482322;B
20240312;104917;34.4;10;9813482324;B
20240312;104917;34.4;10;9813482337;B
20240312;104917;34.4;10;9813482345;B
20240312;104917;34.4;10;9813482347;B
20240312;104917;34.4;10;9813482351;B
20240312;104917;34.4;10;9813482352;B
20240312;104921;34.4;10;9813482791;B
20240312;104927;34.395;170;9813483279;S
20240312;104927;34.395;50;9813483280;S
20240312;104927;34.395;20;9813483281;S
20240312;104927;34.395;10;9813483282;S
20240312;104927;34.395;1000;9813483283;S
20240312;104927;34.395;20;9813483284;S
20240312;104927;34.395;100;9813483285;S
20240312;104927;34.395;100;9813483286;S
20240312;104927;34.395;50;9813483287;S
20240312;104927;34.395;40;9813483288;S
20240312;104927;34.395;30;9813483289;S
20240312;104927;34.395;100;9813483290;B
20240312;104927;34.39;10;9813483303;S
20240312;104927;34.39;100;9813483304;S
20240312;104927;34.39;10;9813483305;S
20240312;104927;34.39;2000;9813483306;S
20240312;104927;34.39;50;9813483307;S
20240312;104927;34.39;100;9813483308;S
20240312;104927;34.39;100;9813483309;S
20240312;104927;34.39;100;9813483310;S
20240312;104927;34.39;10;9813483311;S
20240312;104927;34.39;10;9813483312;S
20240312;104927;34.39;10;9813483313;S
20240312;104927;34.39;500;9813483314;S
20240312;104927;34.39;100;9813483315;S
20240312;104927;34.385;20;9813483316;S
20240312;104927;34.385;20;9813483317;S
20240312;104927;34.385;10;9813483318;S
20240312;104927;34.385;200;9813483319;S
20240312;104927;34.385;50;9813483320;S
20240312;104927;34.385;1000;9813483321;S
20240312;104927;34.385;500;9813483322;S
20240312;104927;34.385;100;9813483323;S
20240312;104927;34.39;10;9813483329;B
20240312;104930;34.385;50;9813483542;S
20240312;104930;34.385;10;9813483543;S
20240312;104930;34.385;10;9813483544;S
20240312;104930;34.38;10;9813483545;S
20240312;104930;34.38;200;9813483546;S
20240312;104930;34.38;100;9813483547;S
20240312;104930;34.38;100;9813483548;S
20240312;104930;34.38;14520;9813483549;S
20240312;104930;34.38;10;9813483622;S
20240312;104931;34.38;10;9813483651;S
20240312;104931;34.385;10;9813483656;B
20240312;104931;34.38;20;9813483693;S
20240312;104932;34.38;10;9813483741;S
20240312;104932;34.38;10;9813483754;S
20240312;104934;34.385;10;9813483949;B
20240312;104937;34.385;70;9813484181;B
20240312;104937;34.38;10;9813484182;S
20240312;104937;34.38;80;9813484183;S
20240312;104939;34.38;50;9813484358;S
20240312;104940;34.385;10;9813484445;B
20240312;104941;34.385;10;9813484514;B
20240312;104941;34.38;10;9813484545;S
20240312;104941;34.38;10;9813484546;S
20240312;104941;34.38;10;9813484547;S
20240312;104941;34.38;10;9813484548;S
20240312;104941;34.38;17860;9813484563;S
20240312;104941;34.38;500;9813484564;S
20240312;104941;34.38;200;9813484565;S
20240312;104941;34.38;10;9813484566;S
20240312;104941;34.38;50;9813484567;S
20240312;104941;34.38;30;9813484568;S
20240312;104941;34.38;100;9813484569;S
20240312;104941;34.38;10;9813484570;S
20240312;104941;34.38;10;9813484571;S
20240312;104941;34.38;100;9813484572;S
20240312;104941;34.38;100;9813484573;S
20240312;104941;34.38;100;9813484574;S
20240312;104941;34.38;10;9813484575;S
20240312;104941;34.38;10;9813484576;S
20240312;104941;34.38;500;9813484577;S
20240312;104941;34.38;10;9813484578;S
20240312;104941;34.38;100;9813484579;S
20240312;104941;34.38;300;9813484580;S
20240312;104944;34.38;550;9813484785;S
20240312;104945;34.38;10;9813484982;S
20240312;104948;34.38;10;9813485270;S
20240312;104948;34.38;10;9813485271;S
20240312;104948;34.38;10;9813485272;S
20240312;104949;34.38;100;9813485359;S
20240312;104949;34.38;10;9813485395;S
20240312;104949;34.38;90;9813485396;S
20240312;104949;34.38;100;9813485429;S
20240312;104949;34.38;10;9813485430;S
20240312;104949;34.38;40;9813485474;S
20240312;104949;34.38;10;9813485475;S
20240312;104949;34.38;10;9813485476;S
20240312;104949;34.38;10;9813485477;S
20240312;104949;34.38;10;9813485478;S
20240312;104949;34.38;10;9813485479;S
20240312;104949;34.38;10;9813485480;S
20240312;104949;34.38;10;9813485481;S
20240312;104949;34.38;10;9813485488;S
20240312;104950;34.38;10;9813485498;S
20240312;104950;34.38;10;9813485504;S
20240312;104950;34.38;10;9813485505;S
20240312;104950;34.38;10;9813485515;S
20240312;104950;34.38;10;9813485516;S
20240312;104950;34.375;60;9813485517;S
20240312;104950;34.375;20;9813485518;S
20240312;104950;34.375;30;9813485519;S
20240312;104950;34.375;10;9813485520;S
20240312;104950;34.38;10;9813485526;B
20240312;104950;34.38;10;9813485531;B
20240312;104950;34.38;10;9813485535;S
20240312;104950;34.38;10;9813485552;S
20240312;104950;34.38;10;9813485558;S
20240312;104950;34.38;10;9813485560;S
20240312;104951;34.38;10;9813485616;S
20240312;104951;34.38;10;9813485617;S
20240312;104951;34.38;10;9813485618;S
20240312;104951;34.38;10;9813485619;S
20240312;104951;34.375;40;9813485620;S
20240312;104951;34.375;30;9813485621;S
20240312;104951;34.38;10;9813485626;S
20240312;104951;34.38;10;9813485627;S
20240312;104951;34.38;10;9813485628;S
20240312;104953;34.385;110;9813485821;B
20240312;104956;34.385;400;9813486220;B
20240312;104956;34.385;600;9813486221;B
20240312;104956;34.385;500;9813486225;B
20240312;104956;34.385;400;9813486226;B
20240312;104956;34.385;600;9813486227;B
20240312;105003;34.385;200;9813486935;B
20240312;105008;34.385;10;9813487504;B
20240312;105011;34.385;160;9813487811;B
20240312;105014;34.385;20;9813488183;B
20240312;105014;34.385;30;9813488207;B
20240312;105016;34.385;400;9813488565;B
20240312;105016;34.385;200;9813488566;B
20240312;105016;34.385;500;9813488567;B
20240312;105018;34.385;70;9813488886;B
20240312;105018;34.385;200;9813488891;B
20240312;105020;34.38;200;9813489210;S
20240312;105020;34.38;700;9813489211;S
20240312;105020;34.38;2940;9813489212;S
20240312;105020;34.375;770;9813489213;S
20240312;105020;34.375;10;9813489214;S
20240312;105020;34.375;100;9813489215;S
20240312;105020;34.375;140;9813489216;S
20240312;105020;34.375;20;9813489217;S
20240312;105020;34.37;80;9813489218;S
20240312;105020;34.37;50;9813489219;S
20240312;105020;34.37;10;9813489220;S
20240312;105020;34.37;10;9813489221;S
20240312;105020;34.37;50;9813489222;S
20240312;105020;34.37;100;9813489223;S
20240312;105020;34.37;20;9813489224;S
20240312;105020;34.37;650;9813489225;S
20240312;105020;34.37;10;9813489226;S
20240312;105020;34.37;700;9813489227;S
20240312;105020;34.37;100;9813489228;S
20240312;105020;34.37;100;9813489229;S
20240312;105020;34.37;100;9813489230;S
20240312;105020;34.37;1130;9813489231;S
20240312;105020;34.365;20;9813489232;S
20240312;105020;34.365;240;9813489233;S
20240312;105020;34.365;100;9813489234;S
20240312;105020;34.365;10;9813489235;S
20240312;105020;34.365;100;9813489236;S
20240312;105020;34.365;20;9813489237;S
20240312;105020;34.36;100;9813489238;S
20240312;105020;34.36;10;9813489239;S
20240312;105020;34.36;100;9813489240;S
20240312;105020;34.36;10;9813489241;S
20240312;105020;34.36;100;9813489242;S
20240312;105020;34.36;10;9813489243;S
20240312;105020;34.355;50;9813489244;S
20240312;105020;34.355;100;9813489245;S
20240312;105020;34.355;10;9813489246;S
20240312;105020;34.355;10;9813489247;S
20240312;105020;34.355;10;9813489248;S
20240312;105020;34.355;10;9813489249;S
20240312;105020;34.355;480;9813489250;S
20240312;105020;34.35;60;9813489251;S
20240312;105020;34.35;40;9813489252;S
20240312;105020;34.35;10;9813489253;S
20240312;105020;34.35;10;9813489254;S
20240312;105020;34.35;10;9813489255;S
20240312;105020;34.35;100;9813489256;S
20240312;105020;34.35;10;9813489257;S
20240312;105020;34.35;90;9813489258;S
20240312;105020;34.35;1000;9813489259;S
20240312;105020;34.35;100;9813489260;S
20240312;105020;34.35;10;9813489261;S
20240312;105020;34.35;200;9813489262;S
20240312;105020;34.35;30;9813489263;S
20240312;105020;34.35;100;9813489264;S
20240312;105020;34.35;50;9813489265;S
20240312;105020;34.35;10;9813489266;S
20240312;105020;34.35;60;9813489267;S
20240312;105020;34.35;50;9813489268;S
20240312;105020;34.35;2000;9813489269;S
20240312;105020;34.345;10;9813489270;S
20240312;105020;34.345;100;9813489271;S
20240312;105020;34.345;10;9813489272;S
20240312;105020;34.345;70;9813489273;S
20240312;105020;34.345;10;9813489274;S
20240312;105020;34.345;11630;9813489275;S
20240312;105020;34.34;30;9813489276;S
20240312;105020;34.34;70;9813489277;S
20240312;105020;34.34;40;9813489278;S
20240312;105020;34.34;100;9813489279;S
20240312;105020;34.34;10;9813489280;S
20240312;105020;34.34;10;9813489281;S
20240312;105020;34.34;550;9813489282;S
20240312;105020;34.365;10;9813489285;B
20240312;105020;34.375;400;9813489308;S
20240312;105021;34.38;1000;9813489376;B
20240312;105021;34.38;100;9813489432;B
20240312;105026;34.38;20;9813490092;B
20240312;105028;34.375;20;9813490234;S
20240312;105035;34.38;10;9813491063;B
20240312;105039;34.38;10;9813491619;B
20240312;105039;34.38;70;9813491712;B
20240312;105041;34.38;40;9813491916;B
20240312;105041;34.38;60;9813491949;B
20240312;105041;34.38;270;9813491976;B
20240312;105041;34.38;180;9813491977;B
20240312;105042;34.375;170;9813492030;S
20240312;105042;34.375;1570;9813492080;S
20240312;105042;34.375;20;9813492081;S
20240312;105042;34.375;10;9813492082;S
20240312;105042;34.375;10;9813492083;S
20240312;105042;34.37;240;9813492084;S
20240312;105042;34.37;10;9813492085;S
20240312;105042;34.365;470;9813492086;S
20240312;105044;34.375;20;9813492456;B
20240312;105044;34.375;50;9813492465;B
20240312;105047;34.375;20;9813492731;B
20240312;105049;34.375;20;9813493087;B
20240312;105058;34.375;10;9813493983;B
20240312;105112;34.38;460;9813495496;B
20240312;105112;34.39;480;9813495497;B
20240312;105112;34.39;30;9813495498;B
20240312;105112;34.395;1030;9813495499;B
20240312;105123;34.38;300;9813496731;S
20240312;105123;34.38;700;9813496732;S
20240312;105123;34.375;20;9813496743;S
20240312;105128;34.385;30;9813497307;B
20240312;105129;34.385;30;9813497442;B
20240312;105141;34.39;30;9813498824;B
20240312;105141;34.39;270;9813498825;B
20240312;105152;34.385;10;9813500027;B
20240312;105154;34.385;30;9813500211;B
20240312;105155;34.39;30;9813500369;B
20240312;105200;34.39;150;9813501085;B
20240312;105204;34.39;10;9813501519;B
20240312;105206;34.385;10;9813501620;S
20240312;105206;34.385;870;9813501621;S
20240312;105206;34.38;2120;9813501622;S
20240312;105211;34.385;10;9813502159;S
20240312;105211;34.385;10;9813502161;S
20240312;105211;34.385;10;9813502162;S
20240312;105211;34.385;10;9813502164;S
20240312;105214;34.39;40;9813502491;B
20240312;105214;34.39;10;9813502492;B
20240312;105215;34.385;100;9813502695;S
20240312;105221;34.39;400;9813503448;B
20240312;105225;34.39;100;9813503865;B
20240312;105234;34.39;10;9813505015;B
20240312;105243;34.39;500;9813506096;B
20240312;105246;34.39;3480;9813506443;B
20240312;105246;34.39;20;9813506444;B
20240312;105246;34.395;4000;9813506445;B
20240312;105246;34.4;10;9813506446;B
20240312;105246;34.4;2490;9813506447;B
20240312;105253;34.395;1700;9813507136;S
20240312;105253;34.395;870;9813507137;S
20240312;105253;34.39;2900;9813507138;S
20240312;105253;34.39;410;9813507139;S
20240312;105259;34.405;20;9813507646;B
20240312;105259;34.405;20;9813507647;B
20240312;105307;34.395;10;9813508393;S
20240312;105308;34.4;20;9813508467;B
20240312;105312;34.4;430;9813508932;B
20240312;105312;34.405;70;9813508933;B
20240312;105312;34.405;40;9813508975;B
20240312;105313;34.395;10;9813509076;S
20240312;105320;34.405;20;9813509742;B
20240312;105320;34.405;1000;9813509743;B
20240312;105320;34.405;100;9813509744;B
20240312;105321;34.405;500;9813509863;B
20240312;105329;34.4;10;9813510670;B
20240312;105329;34.4;10;9813510671;B
20240312;105332;34.395;10;9813510948;S
20240312;105335;34.395;30;9813511245;S
20240312;105339;34.405;4870;9813511557;B
20240312;105339;34.405;10;9813511558;B
20240312;105339;34.41;10;9813511623;B
20240312;105339;34.41;16890;9813511624;B
20240312;105339;34.41;450;9813511625;B
20240312;105339;34.41;10;9813511627;B
20240312;105340;34.41;10700;9813511657;B
20240312;105340;34.405;10;9813511713;S
20240312;105340;34.41;20;9813511714;B
20240312;105340;34.41;20;9813511715;B
20240312;105340;34.41;20;9813511716;B
20240312;105341;34.41;30;9813511730;B
20240312;105341;34.41;20;9813511731;B
20240312;105342;34.41;10;9813511854;B
20240312;105342;34.41;70;9813511855;B
20240312;105342;34.41;3500;9813511857;B
20240312;105343;34.41;10;9813511989;B
20240312;105343;34.405;20;9813511993;S
20240312;105344;34.41;220;9813512036;B
20240312;105344;34.41;200;9813512037;B
20240312;105344;34.41;10;9813512045;B
20240312;105346;34.41;340;9813512258;B
20240312;105346;34.41;10;9813512259;B
20240312;105350;34.41;70;9813512555;B
20240312;105350;34.41;300;9813512610;B
20240312;105350;34.41;10;9813512641;B
20240312;105351;34.41;500;9813512684;B
20240312;105351;34.41;310;9813512685;B
20240312;105352;34.41;10;9813512772;B
20240312;105353;34.405;1000;9813512832;S
20240312;105353;34.41;10;9813512833;B
20240312;105353;34.41;20;9813512863;B
20240312;105353;34.41;10;9813512864;B
20240312;105354;34.41;100;9813512870;B
20240312;105356;34.41;10;9813513210;B
20240312;105356;34.41;10;9813513211;B
20240312;105357;34.41;1000;9813513263;B
20240312;105358;34.41;50;9813513299;B
20240312;105358;34.41;180;9813513300;B
20240312;105358;34.41;70;9813513319;B
20240312;105358;34.41;800;9813513340;B
20240312;105359;34.41;60;9813513424;B
20240312;105359;34.41;70;9813513431;B
20240312;105359;34.41;10;9813513432;B
20240312;105401;34.41;10;9813513956;B
20240312;105401;34.41;10;9813513957;B
20240312;105401;34.41;40;9813513958;B
20240312;105401;34.41;350;9813514031;B
20240312;105403;34.41;10;9813514221;B
20240312;105403;34.41;10;9813514222;B
20240312;105406;34.41;100;9813514558;B
20240312;105406;34.41;20;9813514630;B
20240312;105408;34.41;90;9813514792;B
20240312;105408;34.41;10;9813514793;B
20240312;105408;34.41;10;9813514794;B
20240312;105410;34.41;30;9813514978;B
20240312;105410;34.41;30;9813514979;B
20240312;105410;34.41;430;9813514980;B
20240312;105410;34.41;220;9813514984;B
20240312;105410;34.41;220;9813514985;B
20240312;105410;34.41;20;9813515025;B
20240312;105410;34.41;10;9813515026;B
20240312;105412;34.41;110;9813515123;B
20240312;105412;34.41;120;9813515124;B
20240312;105412;34.41;10;9813515125;B
20240312;105418;34.41;10;9813515938;B
20240312;105418;34.41;190;9813515939;B
20240312;105418;34.41;840;9813515940;B
20240312;105423;34.41;10;9813516625;B
20240312;105423;34.41;10;9813516626;B
20240312;105423;34.41;40;9813516681;B
20240312;105423;34.41;10;9813516713;B
20240312;105425;34.41;220;9813516834;B
20240312;105425;34.41;60;9813516835;B
20240312;105426;34.41;10;9813517000;B
20240312;105438;34.41;10620;9813518038;B
20240312;105445;34.41;400;9813518803;B
20240312;105449;34.41;2500;9813519100;B
20240312;105449;34.41;10;9813519124;B
20240312;105451;34.41;110;9813519280;B
20240312;105451;34.41;10;9813519281;B
