<DATE>;<TIME>;<LAST>;<VOL>;<ID>;<OPER>
20240305;095938;34.765;10;9754475414;B
20240305;095938;34.765;10;9754475415;B
20240305;095938;34.765;400;9754475416;B
20240305;095938;34.765;400;9754475417;B
20240305;095938;34.765;190;9754475418;B
20240305;095938;34.765;1000;9754475419;B
20240305;095938;34.765;500;9754475420;B
20240305;095938;34.765;10;9754475421;B
20240305;095938;34.765;10;9754475422;B
20240305;095938;34.765;20;9754475423;B
20240305;095938;34.765;20;9754475424;S
20240305;095938;34.765;30;9754475425;B
20240305;095938;34.765;10;9754475426;S
20240305;095938;34.765;60;9754475427;B
20240305;095938;34.765;320;9754475428;S
20240305;095938;34.765;50;9754475429;S
20240305;095938;34.765;20;9754475430;S
20240305;095938;34.765;30;9754475431;S
20240305;095938;34.765;180;9754475432;S
20240305;095938;34.765;10;9754475433;B
20240305;095938;34.765;40;9754475434;B
20240305;095938;34.765;10;9754475435;B
20240305;095938;34.765;20;9754475436;S
20240305;095938;34.765;20;9754475437;S
20240305;095938;34.765;10;9754475438;S
20240305;095938;34.765;10;9754475439;S
20240305;095938;34.765;10;9754475440;S
20240305;095938;34.765;10;9754475441;S
20240305;095938;34.765;60;9754475442;S
20240305;095938;34.765;10;9754475443;S
20240305;095938;34.765;20;9754475444;S
20240305;095938;34.765;10;9754475445;S
20240305;095938;34.765;10;9754475446;S
20240305;095938;34.765;10;9754475447;S
20240305;095938;34.765;30;9754475448;S
20240305;095938;34.765;10;9754475449;S
20240305;095938;34.765;200;9754475450;S
20240305;095938;34.765;330;9754475451;S
20240305;095938;34.765;170;9754475452;S
20240305;095938;34.765;40;9754475453;S
20240305;100000;34.77;30;9754480399;B
20240305;100000;34.77;440;9754480400;B
20240305;100000;34.77;200;9754480401;B
20240305;100000;34.77;160;9754480402;B
20240305;100000;34.8;390;9754480775;B
20240305;100000;34.84;70;9754480900;B
20240305;100000;34.84;50;9754480932;B
20240305;100000;34.845;10;9754481038;B
20240305;100000;34.84;50;9754481087;S
20240305;100002;34.81;20;9754482199;B
20240305;100005;34.8;10;9754484081;B
20240305;100005;34.77;30;9754484082;S
20240305;100005;34.8;330;9754484335;B
20240305;100005;34.77;10;9754484336;S
20240305;100005;34.8;10;9754484465;B
20240305;100005;34.77;250;9754484467;S
20240305;100005;34.8;10;9754484501;B
20240305;100005;34.77;10;9754484861;S
20240305;100006;34.77;10;9754485285;S
20240305;100006;34.77;1130;9754485349;S
20240305;100006;34.765;10;9754485350;S
20240305;100006;34.765;20;9754485351;S
20240305;100006;34.765;300;9754485352;S
20240305;100006;34.765;10;9754485353;S
20240305;100006;34.765;280;9754485354;S
20240305;100006;34.765;10;9754485404;S
20240305;100006;34.765;10;9754485405;S
20240305;100006;34.8;30;9754485406;B
20240305;100006;34.8;10;9754485569;B
20240305;100006;34.8;250;9754485721;B
20240305;100006;34.765;50;9754485722;S
20240305;100006;34.8;30;9754485912;B
20240305;100006;34.8;300;9754486076;B
20240305;100007;34.8;10;9754486375;B
20240305;100007;34.8;10;9754486425;B
20240305;100007;34.765;10;9754486935;S
20240305;100007;34.8;10;9754487063;B
20240305;100007;34.8;30;9754487172;B
20240305;100007;34.77;740;9754487355;B
20240305;100007;34.77;960;9754487356;B
20240305;100007;34.765;10;9754487366;S
20240305;100009;34.77;10;9754487936;B
20240305;100009;34.77;10;9754488117;B
20240305;100010;34.77;10;9754488390;B
20240305;100010;34.77;80;9754488541;B
20240305;100011;34.765;290;9754489288;S
20240305;100011;34.765;340;9754489319;S
20240305;100011;34.765;90;9754489320;S
20240305;100011;34.765;1700;9754489321;S
20240305;100011;34.76;10;9754489322;S
20240305;100011;34.76;20;9754489323;S
20240305;100012;34.77;900;9754489406;B
20240305;100012;34.77;10;9754489407;B
20240305;100012;34.785;590;9754489408;B
20240305;100012;34.785;70;9754489424;B
20240305;100012;34.785;1340;9754489549;B
20240305;100012;34.8;1160;9754489550;B
20240305;100016;34.815;20;9754490972;B
20240305;100016;34.82;240;9754490973;B
20240305;100016;34.825;2240;9754490974;B
20240305;100016;34.82;700;9754491094;B
20240305;100017;34.825;130;9754491506;B
20240305;100025;34.78;40;9754493833;S
20240305;100025;34.765;2770;9754493834;S
20240305;100025;34.765;8720;9754493845;S
20240305;100025;34.765;60;9754493851;B
20240305;100025;34.765;50;9754493852;B
20240305;100025;34.765;1170;9754493853;B
20240305;100031;34.8;10;9754496406;B
20240305;100038;34.8;20;9754498722;B
20240305;100047;34.8;10;9754501656;B
20240305;100050;34.775;10;9754502415;S
20240305;100050;34.775;560;9754502416;S
20240305;100050;34.77;960;9754502417;S
20240305;100051;34.77;40;9754502610;S
20240305;100051;34.765;10;9754502614;S
20240305;100051;34.76;10;9754502615;S
20240305;100051;34.76;1460;9754502616;S
20240305;100059;34.75;250;9754504620;S
20240305;100059;34.75;200;9754504621;S
20240305;100059;34.745;400;9754504622;S
20240305;100059;34.75;1240;9754504623;S
20240305;100059;34.75;60;9754504701;S
20240305;100059;34.74;10;9754504702;S
20240305;100059;34.73;100;9754504703;S
20240305;100059;34.725;10;9754504704;S
20240305;100059;34.725;10;9754504705;S
20240305;100059;34.725;5000;9754504706;S
20240305;100059;34.725;2000;9754504707;S
20240305;100059;34.735;50;9754504711;S
20240305;100059;34.735;10;9754504765;B
20240305;100100;34.735;980;9754504965;B
20240305;100101;34.73;200;9754505078;S
20240305;100101;34.73;510;9754505126;S
20240305;100101;34.73;810;9754505177;S
20240305;100101;34.735;10;9754505193;B
20240305;100101;34.735;10;9754505194;B
20240305;100101;34.73;20;9754505259;S
20240305;100101;34.735;10;9754505265;B
20240305;100101;34.735;10;9754505315;B
20240305;100101;34.735;20;9754505348;B
20240305;100103;34.73;160;9754505726;S
20240305;100103;34.735;270;9754505860;B
20240305;100103;34.73;420;9754505941;S
20240305;100103;34.725;230;9754505942;S
20240305;100105;34.73;320;9754506227;S
20240305;100107;34.73;480;9754506764;S
20240305;100107;34.73;30;9754506811;S
20240305;100109;34.73;160;9754507336;S
20240305;100109;34.735;610;9754507341;B
20240305;100110;34.735;10;9754507692;B
20240305;100114;34.735;30;9754508453;B
20240305;100116;34.725;490;9754508892;S
20240305;100116;34.72;2580;9754508893;S
20240305;100117;34.725;160;9754509092;S
20240305;100119;34.725;900;9754509523;S
20240305;100119;34.725;10;9754509524;S
20240305;100119;34.725;10;9754509525;S
20240305;100119;34.725;200;9754509539;B
20240305;100125;34.715;50;9754510691;S
20240305;100125;34.715;50;9754510692;S
20240305;100125;34.71;10;9754510701;S
20240305;100125;34.71;100;9754510702;S
20240305;100125;34.71;500;9754510703;S
20240305;100125;34.71;1350;9754510704;S
20240305;100125;34.71;1040;9754510705;S
20240305;100126;34.71;230;9754510868;S
20240305;100133;34.735;480;9754511899;B
20240305;100133;34.735;100;9754511900;B
20240305;100133;34.745;500;9754511901;B
20240305;100133;34.75;400;9754511902;B
20240305;100133;34.755;1360;9754511903;B
20240305;100136;34.735;110;9754512402;S
20240305;100141;34.735;100;9754513319;S
20240305;100152;34.75;10;9754515609;S
20240305;100152;34.735;1790;9754515610;S
20240305;100152;34.735;10;9754515611;S
20240305;100152;34.725;1200;9754515612;S
20240305;100157;34.78;20;9754516471;B
20240305;100157;34.78;80;9754516472;B
20240305;100157;34.785;800;9754516473;B
20240305;100203;34.745;80;9754517703;S
20240305;100203;34.735;100;9754517704;S
20240305;100203;34.735;470;9754517705;S
20240305;100203;34.735;930;9754517706;S
20240305;100204;34.775;80;9754517818;B
20240305;100204;34.775;120;9754517819;B
20240305;100216;34.75;360;9754519771;S
20240305;100220;34.75;980;9754520383;S
20240305;100220;34.745;470;9754520384;S
20240305;100220;34.745;1000;9754520385;S
20240305;100220;34.735;140;9754520386;S
20240305;100220;34.735;2000;9754520387;S
20240305;100220;34.73;160;9754520388;S
20240305;100220;34.73;250;9754520389;S
20240305;100223;34.735;670;9754520954;S
20240305;100223;34.735;830;9754520955;S
20240305;100226;34.73;320;9754521379;S
20240305;100234;34.755;10;9754522911;B
20240305;100236;34.745;330;9754523172;S
20240305;100236;34.745;20;9754523173;S
20240305;100236;34.74;1000;9754523174;S
20240305;100236;34.735;10;9754523175;S
20240305;100236;34.73;3640;9754523176;S
20240305;100236;34.73;650;9754523177;S
20240305;100241;34.745;10;9754524047;B
20240305;100245;34.735;100;9754524703;S
20240305;100246;34.735;10;9754524862;S
20240305;100247;34.735;60;9754524999;S
20240305;100247;34.735;80;9754525000;S
20240305;100247;34.735;1060;9754525001;S
20240305;100248;34.75;90;9754525159;B
20240305;100250;34.74;80;9754525425;S
20240305;100250;34.735;20;9754525426;S
20240305;100250;34.735;50;9754525473;S
20240305;100250;34.73;40;9754525474;S
20240305;100250;34.725;10;9754525475;S
20240305;100250;34.725;990;9754525515;S
20240305;100250;34.72;430;9754525516;S
20240305;100252;34.735;90;9754525942;B
20240305;100252;34.74;470;9754525943;B
20240305;100252;34.75;590;9754525944;B
20240305;100258;34.74;40;9754527019;S
20240305;100258;34.74;30;9754527020;S
20240305;100258;34.74;640;9754527044;S
20240305;100259;34.745;20;9754527216;S
20240305;100259;34.74;140;9754527217;S
20240305;100301;34.745;30;9754527901;S
20240305;100305;34.745;10;9754528815;B
20240305;100305;34.75;30;9754528816;B
20240305;100306;34.74;50;9754529781;S
20240305;100306;34.75;20;9754529960;B
20240305;100307;34.75;5000;9754530186;B
20240305;100309;34.74;80;9754530446;S
20240305;100309;34.74;210;9754530663;S
20240305;100310;34.74;490;9754530710;S
20240305;100310;34.74;160;9754530739;S
20240305;100311;34.74;480;9754530995;S
20240305;100314;34.75;50;9754531654;B
20240305;100316;34.74;160;9754534059;S
20240305;100317;34.75;60;9754535511;B
20240305;100318;34.75;200;9754535535;B
20240305;100318;34.74;2560;9754535640;S
20240305;100318;34.735;1000;9754535641;S
20240305;100318;34.73;1000;9754535642;S
20240305;100318;34.725;2880;9754535643;S
20240305;100318;34.72;470;9754535644;S
20240305;100318;34.72;90;9754535645;S
20240305;100320;34.745;140;9754536033;B
20240305;100320;34.725;140;9754536165;S
20240305;100320;34.72;190;9754536166;S
20240305;100329;34.725;20;9754538035;S
20240305;100331;34.725;20;9754538301;S
20240305;100339;34.75;10;9754539857;B
20240305;100339;34.74;40;9754539884;S
20240305;100339;34.73;510;9754539885;S
20240305;100339;34.725;290;9754539886;S
20240305;100339;34.725;100;9754539887;S
20240305;100339;34.725;2580;9754539888;S
20240305;100339;34.725;1000;9754539889;S
20240305;100339;34.72;2480;9754539890;S
20240305;100343;34.725;540;9754540638;S
20240305;100343;34.725;2720;9754540639;S
20240305;100343;34.72;140;9754540640;S
20240305;100347;34.72;100;9754541334;S
20240305;100347;34.72;3000;9754541389;S
20240305;100347;34.72;1550;9754541494;S
20240305;100348;34.73;230;9754541702;S
20240305;100348;34.725;250;9754541703;S
20240305;100348;34.725;650;9754541749;S
20240305;100354;34.72;160;9754542720;S
20240305;100356;34.72;10;9754543159;S
20240305;100358;34.72;30;9754543710;S
20240305;100404;34.72;1130;9754544722;S
20240305;100404;34.72;30;9754544750;S
20240305;100405;34.72;320;9754544867;S
20240305;100406;34.735;10;9754545168;B
20240305;100409;34.73;10;9754545631;S
20240305;100414;34.73;30;9754546510;S
20240305;100415;34.745;330;9754546599;B
20240305;100418;34.73;690;9754547271;S
20240305;100420;34.74;250;9754547681;B
20240305;100421;34.74;100;9754547774;B
20240305;100426;34.73;270;9754548690;S
20240305;100426;34.73;50;9754548691;S
20240305;100426;34.73;500;9754548692;S
20240305;100426;34.725;2520;9754548693;S
20240305;100426;34.72;770;9754548694;S
20240305;100426;34.72;2500;9754548695;S
20240305;100426;34.72;1000;9754548696;S
20240305;100426;34.72;720;9754548697;S
20240305;100426;34.72;1000;9754548698;S
20240305;100426;34.715;10;9754548699;S
20240305;100426;34.715;250;9754548700;S
20240305;100426;34.715;110;9754548701;S
20240305;100426;34.71;200;9754548702;S
20240305;100426;34.71;10;9754548703;S
20240305;100426;34.71;90;9754548704;S
20240305;100427;34.73;300;9754548946;B
20240305;100433;34.71;10;9754549900;S
20240305;100440;34.72;70;9754551202;S
20240305;100440;34.72;490;9754551203;S
20240305;100440;34.72;890;9754551204;S
20240305;100440;34.73;170;9754551205;B
20240305;100442;34.715;10;9754551503;S
20240305;100443;34.715;160;9754551693;S
20240305;100450;34.735;20;9754553221;B
20240305;100452;34.715;10;9754553671;S
20240305;100456;34.715;500;9754554396;S
20240305;100458;34.715;10;9754554740;S
20240305;100505;34.735;110;9754555901;B
20240305;100516;34.72;70;9754557869;S
20240305;100516;34.715;130;9754557870;S
20240305;100533;34.72;20;9754561395;S
20240305;100539;34.735;10;9754562403;B
20240305;100540;34.735;20;9754562625;B
20240305;100543;34.72;2860;9754563196;S
20240305;100543;34.72;10;9754563197;S
20240305;100543;34.72;90;9754563198;S
20240305;100543;34.72;500;9754563199;S
20240305;100543;34.715;500;9754563200;S
20240305;100543;34.715;90;9754563201;S
20240305;100543;34.715;2420;9754563202;S
20240305;100543;34.715;50;9754563203;S
20240305;100543;34.715;10;9754563204;S
20240305;100543;34.71;2900;9754563205;S
20240305;100543;34.71;470;9754563206;S
20240305;100543;34.71;20;9754563207;S
20240305;100543;34.71;30;9754563208;S
20240305;100543;34.705;10;9754563209;S
20240305;100543;34.705;10;9754563210;S
20240305;100543;34.705;10;9754563211;S
20240305;100543;34.705;20;9754563212;S
20240305;100543;34.705;960;9754563357;S
20240305;100543;34.705;20;9754563358;S
20240305;100543;34.705;10;9754563359;S
20240305;100543;34.705;100;9754563360;S
20240305;100543;34.705;10;9754563361;S
20240305;100543;34.705;50;9754563362;S
20240305;100547;34.705;10;9754563929;S
20240305;100547;34.705;50;9754563930;S
20240305;100547;34.705;30;9754563931;S
20240305;100547;34.705;10;9754563932;S
20240305;100557;34.705;20;9754565772;S
20240305;100557;34.705;20;9754565773;S
20240305;100557;34.7;440;9754565776;S
20240305;100557;34.7;60;9754565825;S
20240305;100557;34.7;10;9754565826;S
20240305;100557;34.7;50;9754565827;S
20240305;100557;34.7;40;9754565828;S
20240305;100557;34.72;100;9754565914;B
20240305;100607;34.705;110;9754567761;S
20240305;100607;34.705;1000;9754567762;S
20240305;100607;34.705;10;9754567763;S
20240305;100607;34.705;10;9754567857;B
20240305;100608;34.705;20;9754568036;B
20240305;100609;34.7;60;9754568232;S
20240305;100609;34.7;10;9754568233;S
20240305;100609;34.7;10;9754568234;S
20240305;100609;34.7;10;9754568235;S
20240305;100609;34.7;200;9754568236;S
20240305;100609;34.7;120;9754568237;S
20240305;100609;34.7;10;9754568238;S
20240305;100609;34.7;100;9754568239;S
20240305;100609;34.7;980;9754568240;S
20240305;100613;34.7;20;9754569291;S
20240305;100613;34.7;10;9754569292;S
20240305;100613;34.7;40;9754569293;S
20240305;100613;34.7;20;9754569294;S
20240305;100613;34.7;720;9754569295;S
20240305;100613;34.7;10;9754569296;S
20240305;100613;34.7;3000;9754569297;S
20240305;100613;34.695;50;9754569298;S
20240305;100613;34.695;10;9754569299;S
20240305;100613;34.695;470;9754569300;S
20240305;100613;34.69;650;9754569301;S
20240305;100615;34.695;10;9754569794;S
20240305;100615;34.695;10;9754569795;S
20240305;100615;34.695;10;9754569796;S
20240305;100615;34.695;10;9754569797;S
20240305;100615;34.69;30;9754569798;S
20240305;100615;34.69;10;9754569799;S
20240305;100615;34.685;10;9754569800;S
20240305;100615;34.685;190;9754569801;S
20240305;100616;34.7;10;9754569898;B
20240305;100620;34.695;460;9754570661;B
20240305;100620;34.7;2850;9754570662;B
20240305;100620;34.7;2880;9754570663;B
20240305;100625;34.7;30;9754571606;S
20240305;100629;34.7;3780;9754572506;S
20240305;100629;34.7;1000;9754572507;S
20240305;100629;34.695;560;9754572508;S
20240305;100629;34.695;460;9754572509;S
20240305;100629;34.69;200;9754572510;S
20240305;100630;34.705;30;9754572881;B
20240305;100632;34.705;20;9754573058;B
20240305;100634;34.695;10;9754573476;S
20240305;100636;34.705;30;9754573909;B
20240305;100638;34.695;110;9754574232;S
20240305;100638;34.695;300;9754574233;S
20240305;100638;34.69;10;9754574268;S
20240305;100651;34.695;10;9754576904;B
20240305;100651;34.7;60;9754576905;B
20240305;100655;34.7;1000;9754577749;B
20240305;100659;34.69;10;9754578244;S
20240305;100659;34.69;390;9754578245;S
20240305;100706;34.69;500;9754579832;S
20240305;100706;34.69;2260;9754579833;S
20240305;100706;34.69;1000;9754579834;S
20240305;100706;34.69;5240;9754579835;B
20240305;100707;34.705;200;9754580004;B
20240305;100708;34.69;10;9754580193;S
20240305;100708;34.69;110;9754580194;B
20240305;100708;34.685;10;9754580234;S
20240305;100708;34.705;10;9754580245;B
20240305;100710;34.685;20;9754580705;S
20240305;100710;34.685;100;9754580706;S
20240305;100710;34.685;980;9754580707;S
20240305;100710;34.685;150;9754580708;S
20240305;100710;34.685;250;9754580709;S
20240305;100712;34.685;10;9754581284;S
20240305;100712;34.685;10;9754581353;S
20240305;100717;34.69;20;9754582051;S
20240305;100717;34.69;1300;9754582052;S
20240305;100720;34.685;10;9754582638;S
20240305;100721;34.68;30;9754582723;S
20240305;100721;34.68;10;9754582724;S
20240305;100721;34.68;10;9754582725;S
20240305;100721;34.68;10;9754582726;S
20240305;100721;34.68;10;9754582727;S
20240305;100721;34.68;430;9754582728;S
20240305;100721;34.695;50;9754582950;B
20240305;100726;34.69;10;9754584267;S
20240305;100733;34.69;10;9754585528;B
20240305;100733;34.69;440;9754585562;B
20240305;100733;34.695;560;9754585563;B
20240305;100733;34.685;10;9754585592;S
20240305;100734;34.685;30;9754585803;S
20240305;100735;34.69;10;9754586027;B
20240305;100735;34.695;10;9754586028;B
20240305;100740;34.69;10;9754586798;B
20240305;100746;34.685;10;9754587847;S
20240305;100750;34.69;30;9754588412;B
20240305;100752;34.69;500;9754588947;B
20240305;100755;34.69;10;9754589399;B
20240305;100759;34.685;110;9754590035;S
20240305;100759;34.685;20;9754590036;S
20240305;100759;34.68;80;9754590037;S
20240305;100759;34.68;10;9754590038;S
20240305;100759;34.68;50;9754590039;S
20240305;100759;34.68;30;9754590040;S
20240305;100800;34.68;20;9754590131;S
20240305;100800;34.675;70;9754590132;S
20240305;100800;34.675;10;9754590133;S
20240305;100800;34.675;300;9754590134;S
20240305;100800;34.685;100;9754590178;B
20240305;100800;34.685;330;9754590230;B
20240305;100800;34.69;2520;9754590231;B
20240305;100800;34.675;1700;9754590306;S
20240305;100800;34.675;200;9754590307;S
20240305;100800;34.675;2110;9754590308;S
20240305;100800;34.67;10;9754590309;S
20240305;100800;34.67;10;9754590310;S
20240305;100800;34.67;2880;9754590311;S
20240305;100800;34.665;2500;9754590313;S
20240305;100800;34.665;10;9754590314;S
20240305;100800;34.665;20;9754590315;S
20240305;100800;34.665;300;9754590316;S
20240305;100800;34.665;300;9754590317;S
20240305;100800;34.665;20;9754590318;S
20240305;100800;34.665;10;9754590319;S
20240305;100800;34.665;80;9754590320;S
20240305;100801;34.66;20;9754590321;S
20240305;100801;34.66;10;9754590322;S
20240305;100801;34.66;500;9754590323;S
20240305;100801;34.665;30;9754590342;B
20240305;100801;34.665;10;9754590384;B
20240305;100801;34.655;300;9754590403;S
20240305;100801;34.655;20;9754590404;S
20240305;100801;34.655;140;9754590405;S
20240305;100801;34.65;10;9754590406;S
20240305;100801;34.65;100;9754590407;S
20240305;100801;34.65;10;9754590408;S
20240305;100801;34.65;50;9754590409;S
20240305;100801;34.65;60;9754590410;S
20240305;100801;34.65;10;9754590411;S
20240305;100801;34.65;800;9754590412;S
20240305;100801;34.665;300;9754590413;B
20240305;100801;34.65;200;9754590414;S
20240305;100801;34.65;10;9754590415;S
20240305;100801;34.65;40;9754590416;S
20240305;100801;34.665;10;9754590418;B
20240305;100801;34.66;10;9754590419;S
20240305;100801;34.65;210;9754590439;S
20240305;100801;34.65;10;9754590440;S
20240305;100801;34.65;580;9754590441;S
20240305;100801;34.66;8740;9754590446;S
20240305;100801;34.66;20;9754590468;S
20240305;100801;34.665;10;9754590469;B
20240305;100801;34.66;80;9754590474;S
20240305;100801;34.66;2500;9754590495;S
20240305;100801;34.665;10;9754590511;B
20240305;100802;34.665;30;9754590607;B
20240305;100802;34.66;200;9754590630;S
20240305;100802;34.66;200;9754590656;S
20240305;100802;34.66;1000;9754590662;S
20240305;100802;34.665;500;9754590678;B
20240305;100802;34.665;300;9754590679;B
20240305;100802;34.66;20;9754590704;S
20240305;100803;34.665;410;9754590765;B
20240305;100803;34.665;480;9754590766;B
20240305;100803;34.665;520;9754590767;B
20240305;100803;34.67;2880;9754590768;B
20240305;100803;34.67;8640;9754590769;B
20240305;100803;34.67;2880;9754590770;B
20240305;100803;34.675;8190;9754590771;B
20240305;100804;34.66;840;9754591108;S
20240305;100807;34.66;50;9754591726;S
20240305;100808;34.66;3000;9754591851;S
20240305;100809;34.67;10;9754592110;B
20240305;100813;34.67;200;9754592681;B
20240305;100813;34.67;30;9754592707;B
20240305;100815;34.67;10;9754593060;B
20240305;100815;34.665;10;9754593079;S
20240305;100815;34.66;30;9754593133;S
20240305;100816;34.66;10;9754593215;S
20240305;100816;34.665;30;9754593324;B
20240305;100817;34.66;410;9754593580;S
20240305;100818;34.66;450;9754593620;S
20240305;100818;34.66;720;9754593621;S
20240305;100818;34.66;10;9754593622;S
20240305;100818;34.66;10;9754593623;S
20240305;100818;34.655;10;9754593624;S
20240305;100818;34.655;10;9754593625;S
20240305;100818;34.655;10;9754593626;S
20240305;100818;34.655;550;9754593627;S
20240305;100818;34.65;420;9754593628;S
20240305;100818;34.65;10;9754593629;S
20240305;100818;34.65;30;9754593630;S
20240305;100818;34.65;2560;9754593631;S
20240305;100818;34.65;10;9754593632;S
20240305;100818;34.65;150;9754593633;S
20240305;100818;34.65;10;9754593634;S
20240305;100818;34.65;1000;9754593635;B
20240305;100818;34.65;300;9754593636;B
20240305;100818;34.65;100;9754593637;B
20240305;100818;34.65;100;9754593638;B
20240305;100818;34.65;300;9754593639;B
20240305;100818;34.65;200;9754593640;B
20240305;100818;34.65;20;9754593746;B
20240305;100819;34.65;300;9754593776;B
20240305;100819;34.65;200;9754593777;B
20240305;100822;34.65;10;9754594482;B
20240305;100822;34.65;10;9754594547;B
20240305;100823;34.65;500;9754594706;B
20240305;100823;34.65;400;9754594713;B
20240305;100826;34.645;2500;9754595122;S
20240305;100827;34.65;190;9754595250;B
20240305;100827;34.65;30;9754595351;B
20240305;100827;34.65;30;9754595386;B
20240305;100828;34.645;1230;9754595588;S
20240305;100829;34.645;150;9754595611;S
20240305;100829;34.65;20;9754595678;B
20240305;100830;34.65;10;9754595793;B
20240305;100830;34.65;500;9754595833;B
20240305;100833;34.65;100;9754596273;B
20240305;100834;34.65;10;9754596487;B
20240305;100838;34.65;150;9754596967;B
20240305;100839;34.65;1560;9754597155;B
20240305;100839;34.65;540;9754597156;B
20240305;100839;34.65;17000;9754597157;B
20240305;100839;34.655;2720;9754597158;B
20240305;100839;34.66;410;9754597159;B
20240305;100839;34.66;1000;9754597160;B
20240305;100839;34.66;450;9754597161;B
20240305;100839;34.66;2880;9754597162;B
20240305;100843;34.665;10;9754598775;B
20240305;100846;34.665;10;9754599309;B
20240305;100847;34.665;10;9754599480;B
20240305;100853;34.665;200;9754600511;B
20240305;100855;34.665;10;9754600695;S
20240305;100855;34.665;10;9754600718;S
20240305;100901;34.67;60;9754601734;B
20240305;100903;34.67;250;9754601952;B
20240305;100904;34.67;10;9754602233;B
20240305;100907;34.67;30;9754602810;B
20240305;100908;34.67;1650;9754602943;B
20240305;100908;34.67;80;9754602944;B
20240305;100908;34.67;2880;9754602945;B
20240305;100908;34.67;550;9754602946;B
20240305;100908;34.67;25000;9754602947;B
20240305;100908;34.67;11530;9754602948;B
20240305;100908;34.675;18310;9754602949;B
20240305;100908;34.665;50;9754602990;S
20240305;100908;34.665;2740;9754602991;S
20240305;100908;34.665;210;9754602992;S
20240305;100912;34.665;40;9754603648;S
20240305;100914;34.67;10;9754603918;B
20240305;100914;34.67;200;9754603996;B
20240305;100919;34.67;60;9754604826;B
20240305;100921;34.67;50;9754604988;B
20240305;100922;34.67;20;9754605376;B
20240305;100926;34.67;10;9754605971;B
20240305;100926;34.665;30;9754606064;S
20240305;100927;34.67;2530;9754606264;B
20240305;100927;34.67;100;9754606265;B
20240305;100927;34.67;10;9754606266;B
20240305;100927;34.67;20;9754606267;B
20240305;100930;34.675;50;9754606654;B
20240305;100932;34.67;110;9754606913;S
20240305;100935;34.675;5000;9754607451;B
20240305;100937;34.675;50;9754607745;B
20240305;100938;34.675;30;9754608013;B
20240305;100939;34.675;150;9754608225;B
20240305;100943;34.67;30;9754608763;S
20240305;100944;34.675;20;9754608882;B
20240305;100944;34.675;500;9754608934;B
20240305;100945;34.675;30;9754609019;B
20240305;100947;34.67;90;9754609239;S
20240305;100947;34.67;110;9754609255;S
20240305;100947;34.67;2180;9754609256;S
20240305;100947;34.67;830;9754609257;S
20240305;100949;34.67;10;9754609532;S
20240305;100950;34.675;70;9754609702;B
20240305;100952;34.675;50;9754610147;B
20240305;100954;34.675;10;9754610383;B
20240305;100955;34.67;10;9754610459;S
20240305;101000;34.675;160;9754611369;B
20240305;101001;34.67;30;9754611602;S
20240305;101004;34.67;20;9754612193;S
20240305;101004;34.67;50;9754612210;S
20240305;101012;34.67;10;9754614235;S
20240305;101014;34.675;20;9754614821;B
20240305;101014;34.675;100;9754614832;B
20240305;101017;34.675;40;9754615459;B
20240305;101017;34.675;150;9754615503;B
20240305;101017;34.67;2840;9754615506;S
20240305;101022;34.675;40;9754616498;B
20240305;101023;34.67;10;9754616613;S
20240305;101026;34.67;2000;9754617381;S
20240305;101029;34.67;1640;9754617798;S
20240305;101030;34.67;10;9754617953;S
20240305;101031;34.67;30;9754618125;S
20240305;101032;34.675;10;9754618318;B
20240305;101032;34.67;20;9754618319;S
20240305;101033;34.675;100;9754618437;B
20240305;101033;34.67;30;9754618438;S
20240305;101034;34.67;80;9754618569;S
20240305;101035;34.675;5110;9754618842;B
20240305;101048;34.675;50;9754621288;B
20240305;101051;34.675;10;9754621676;B
20240305;101056;34.675;100;9754622554;B
20240305;101057;34.67;10;9754622819;S
20240305;101104;34.675;10000;9754624063;B
20240305;101109;34.675;100;9754624919;B
20240305;101111;34.67;100;9754625424;S
20240305;101112;34.67;200;9754625539;S
20240305;101113;34.675;100;9754625594;B
20240305;101114;34.67;720;9754625825;S
20240305;101115;34.675;20;9754625891;B
20240305;101115;34.675;10;9754625896;B
20240305;101115;34.675;50000;9754625984;B
20240305;101116;34.675;180;9754626201;B
20240305;101118;34.675;100;9754626542;B
20240305;101122;34.67;500;9754626972;S
20240305;101129;34.675;200;9754628461;B
20240305;101130;34.675;100;9754628475;B
20240305;101130;34.67;4000;9754628580;S
20240305;101133;34.675;80;9754629117;B
20240305;101139;34.67;20;9754630008;S
20240305;101140;34.67;10;9754630112;S
20240305;101145;34.675;170;9754630819;B
20240305;101146;34.67;6820;9754630993;S
20240305;101146;34.67;90;9754630994;S
20240305;101146;34.67;30;9754630995;S
20240305;101146;34.67;100;9754630996;S
20240305;101146;34.67;500;9754630997;S
20240305;101146;34.67;30;9754630998;S
20240305;101146;34.67;500;9754630999;S
20240305;101146;34.67;1090;9754631000;S
20240305;101146;34.67;10;9754631001;S
20240305;101146;34.67;60;9754631002;S
20240305;101146;34.67;770;9754631003;S
20240305;101147;34.67;300;9754631078;S
20240305;101149;34.675;10;9754631382;B
20240305;101151;34.675;20;9754631613;B
20240305;101156;34.67;310;9754632382;S
20240305;101156;34.67;540;9754632383;S
20240305;101157;34.67;240;9754632495;S
20240305;101200;34.675;10;9754632807;B
20240305;101203;34.675;10;9754633335;B
20240305;101203;34.67;10;9754633388;S
20240305;101215;34.67;20;9754635467;S
20240305;101217;34.675;10;9754635747;B
20240305;101221;34.67;10;9754636346;S
20240305;101226;34.675;200;9754637378;B
20240305;101227;34.67;30;9754637463;S
20240305;101227;34.67;10;9754637471;S
20240305;101228;34.675;500;9754637697;B
20240305;101235;34.67;50;9754638602;S
20240305;101236;34.675;50;9754638782;B
20240305;101239;34.675;170;9754639145;B
20240305;101244;34.675;30;9754639883;B
20240305;101247;34.67;910;9754640275;S
20240305;101247;34.67;20;9754640276;S
20240305;101247;34.67;2070;9754640277;S
20240305;101252;34.67;10;9754640915;S
20240305;101253;34.675;30;9754641072;B
20240305;101256;34.67;10;9754641513;S
20240305;101256;34.675;170;9754641555;B
20240305;101312;34.67;90;9754643704;S
20240305;101312;34.67;20;9754643705;S
20240305;101312;34.67;80;9754643706;S
20240305;101312;34.67;1110;9754643707;S
20240305;101313;34.67;5210;9754643822;S
20240305;101314;34.675;130;9754643983;B
20240305;101315;34.675;10;9754644098;B
20240305;101325;34.675;10;9754645523;B
20240305;101326;34.675;100;9754645624;B
20240305;101332;34.675;120;9754646509;B
20240305;101336;34.675;150;9754647166;B
20240305;101342;34.67;1000;9754647974;S
20240305;101342;34.67;1000;9754647975;S
20240305;101342;34.67;60;9754647976;S
20240305;101342;34.67;940;9754647977;S
20240305;101346;34.675;310;9754648568;B
20240305;101352;34.67;10;9754649305;S
20240305;101352;34.67;1870;9754649379;S
20240305;101352;34.67;1010;9754649380;S
20240305;101356;34.675;50;9754649955;B
20240305;101356;34.675;50;9754649956;B
20240305;101356;34.675;12320;9754649958;B
20240305;101401;34.675;570;9754650367;B
20240305;101401;34.675;500;9754650408;B
20240305;101401;34.67;30;9754650478;S
20240305;101402;34.67;20;9754650536;S
20240305;101403;34.675;80;9754650690;B
20240305;101404;34.67;950;9754650838;S
20240305;101404;34.67;10;9754650839;S
20240305;101404;34.67;10;9754650840;S
20240305;101406;34.675;30;9754651148;B
20240305;101412;34.675;10;9754651948;B
20240305;101418;34.67;20;9754652878;S
20240305;101418;34.67;20;9754652879;S
20240305;101418;34.67;30;9754652880;S
20240305;101418;34.665;30;9754652881;S
20240305;101418;34.665;10;9754652882;S
20240305;101418;34.665;10;9754652883;S
20240305;101418;34.665;190;9754652884;S
20240305;101418;34.665;100;9754652885;S
20240305;101418;34.665;90;9754652886;S
20240305;101418;34.665;150;9754652887;S
20240305;101420;34.67;11530;9754653286;B
20240305;101420;34.67;970;9754653287;B
20240305;101422;34.665;30;9754653765;S
20240305;101422;34.665;270;9754653766;S
20240305;101422;34.665;1310;9754653767;S
20240305;101423;34.67;50;9754653947;B
20240305;101424;34.67;90;9754654060;B
20240305;101427;34.665;320;9754654454;S
20240305;101428;34.67;10;9754654607;B
20240305;101428;34.665;160;9754654653;S
20240305;101428;34.665;60;9754654680;S
20240305;101428;34.665;260;9754654681;S
20240305;101428;34.665;80;9754654732;S
20240305;101428;34.665;1320;9754654733;S
20240305;101428;34.66;600;9754654734;S
20240305;101431;34.67;10;9754655112;B
20240305;101442;34.66;330;9754657049;S
20240305;101442;34.66;160;9754657069;S
20240305;101446;34.66;160;9754657669;S
20240305;101446;34.66;800;9754657720;S
20240305;101446;34.66;170;9754657757;S
20240305;101449;34.665;50;9754658272;B
20240305;101450;34.665;10;9754658404;B
20240305;101451;34.665;10;9754658531;B
20240305;101454;34.66;1610;9754658918;S
20240305;101454;34.66;10000;9754658950;S
20240305;101458;34.66;800;9754659636;S
20240305;101504;34.66;1600;9754660794;S
20240305;101504;34.66;20;9754660895;S
20240305;101504;34.66;50;9754661004;S
20240305;101506;34.66;80;9754661703;S
20240305;101508;34.66;20;9754661933;S
20240305;101508;34.66;90;9754662135;S
20240305;101509;34.66;960;9754662420;S
20240305;101509;34.66;860;9754662467;S
20240305;101510;34.66;10;9754662703;S
20240305;101510;34.66;70;9754662926;S
20240305;101514;34.66;90;9754664038;S
20240305;101515;34.66;10;9754664337;S
20240305;101516;34.66;3000;9754664750;S
20240305;101516;34.66;70;9754664751;S
20240305;101516;34.66;10;9754664799;S
20240305;101520;34.66;20;9754665900;S
20240305;101522;34.66;60;9754666345;S
20240305;101523;34.66;10;9754666617;S
20240305;101530;34.665;210;9754668514;B
20240305;101530;34.665;30;9754668515;B
20240305;101530;34.665;2640;9754668516;B
20240305;101531;34.665;100;9754668773;B
20240305;101535;34.665;30;9754669478;B
20240305;101539;34.66;90;9754670595;S
20240305;101540;34.66;10;9754670605;S
20240305;101540;34.66;50;9754670754;S
20240305;101544;34.66;50;9754671615;S
20240305;101551;34.66;10;9754673099;S
20240305;101552;34.66;1570;9754673526;S
20240305;101552;34.66;2000;9754673527;S
20240305;101552;34.66;1000;9754673528;S
20240305;101552;34.66;10;9754673529;S
20240305;101552;34.66;20;9754673530;S
20240305;101552;34.66;150;9754673531;S
20240305;101552;34.66;600;9754673532;S
20240305;101552;34.66;100;9754673533;S
20240305;101552;34.66;10;9754673534;S
20240305;101553;34.66;20;9754673605;S
20240305;101553;34.66;350;9754673606;S
20240305;101554;34.66;150;9754673750;S
20240305;101554;34.66;100;9754673751;S
20240305;101554;34.66;400;9754673752;S
20240305;101554;34.655;10;9754673753;S
20240305;101554;34.655;150;9754673754;S
20240305;101554;34.65;30;9754673755;S
20240305;101554;34.65;50;9754673756;S
20240305;101554;34.65;1000;9754673757;S
20240305;101554;34.65;40;9754673758;S
20240305;101554;34.65;10;9754673759;S
20240305;101554;34.65;140;9754673760;S
20240305;101554;34.65;10;9754673761;S
20240305;101554;34.65;10;9754673762;S
20240305;101554;34.65;20;9754673763;S
20240305;101554;34.65;10;9754673764;S
20240305;101554;34.65;770;9754673765;S
20240305;101555;34.655;100;9754674136;B
20240305;101601;34.655;420;9754675090;B
20240305;101601;34.655;60;9754675195;B
20240305;101601;34.65;1000;9754675247;S
20240305;101612;34.655;100;9754677239;B
20240305;101613;34.65;20;9754677541;S
20240305;101614;34.655;50;9754677709;B
20240305;101615;34.655;240;9754677892;B
20240305;101620;34.655;140;9754678845;B
20240305;101621;34.655;10;9754678964;B
20240305;101626;34.65;210;9754679999;S
20240305;101626;34.65;30;9754680000;S
20240305;101626;34.65;480;9754680001;S
20240305;101626;34.65;1000;9754680002;S
20240305;101626;34.65;3000;9754680003;S
20240305;101626;34.65;150;9754680004;S
20240305;101626;34.65;150;9754680005;S
20240305;101629;34.65;40;9754680718;B
20240305;101630;34.645;70;9754680831;S
20240305;101631;34.65;10;9754681147;B
20240305;101632;34.65;170;9754681314;B
20240305;101632;34.65;2330;9754681315;B
20240305;101635;34.645;20;9754681820;S
20240305;101644;34.65;1000;9754683370;B
20240305;101646;34.65;10;9754683811;B
20240305;101648;34.65;200;9754684012;B
20240305;101652;34.65;10;9754684642;B
20240305;101701;34.65;250;9754686513;B
20240305;101703;34.65;140;9754686849;B
20240305;101711;34.65;1020;9754688322;B
20240305;101711;34.65;200;9754688323;B
20240305;101711;34.65;200;9754688324;B
20240305;101711;34.65;200;9754688325;B
20240305;101711;34.65;2900;9754688326;B
20240305;101711;34.65;5480;9754688327;B
20240305;101716;34.65;10;9754689446;S
20240305;101719;34.65;100;9754690009;S
20240305;101719;34.65;100;9754690012;S
20240305;101720;34.655;120;9754690136;B
20240305;101720;34.655;20;9754690137;B
20240305;101720;34.655;2880;9754690138;B
20240305;101720;34.655;2880;9754690139;B
20240305;101720;34.66;100;9754690140;B
20240305;101720;34.66;1130;9754690141;B
20240305;101720;34.66;480;9754690142;B
20240305;101720;34.66;200;9754690143;B
20240305;101720;34.66;100;9754690144;B
20240305;101720;34.66;2090;9754690145;B
20240305;101720;34.65;830;9754690181;S
20240305;101721;34.655;20;9754690233;B
20240305;101722;34.655;20;9754690381;B
20240305;101722;34.65;60;9754690466;S
20240305;101723;34.655;20;9754690666;B
20240305;101735;34.65;1780;9754692492;S
20240305;101735;34.65;220;9754692493;S
20240305;101735;34.65;500;9754692494;S
20240305;101735;34.65;280;9754692495;S
20240305;101735;34.645;720;9754692496;S
20240305;101735;34.645;310;9754692498;S
20240305;101735;34.645;10;9754692499;S
20240305;101735;34.645;10;9754692500;S
20240305;101735;34.645;50;9754692501;S
20240305;101735;34.645;10;9754692502;S
20240305;101735;34.645;50;9754692503;S
20240305;101735;34.645;760;9754692504;S
20240305;101735;34.645;240;9754692505;S
20240305;101735;34.645;70;9754692506;S
20240305;101735;34.645;890;9754692507;S
20240305;101737;34.65;100;9754692733;B
20240305;101740;34.65;10;9754693418;B
20240305;101744;34.65;10;9754694040;B
20240305;101748;34.65;20;9754694571;B
20240305;101750;34.645;1000;9754694878;S
20240305;101755;34.65;150;9754695516;B
20240305;101756;34.645;990;9754695737;S
20240305;101757;34.65;90;9754695763;B
20240305;101759;34.65;270;9754696053;B
20240305;101759;34.65;250;9754696075;B
20240305;101805;34.65;10;9754696720;B
20240305;101806;34.65;10;9754696833;B
20240305;101807;34.65;30;9754697060;B
20240305;101807;34.65;30;9754697112;B
20240305;101810;34.65;10;9754697411;B
20240305;101812;34.65;1000;9754697734;B
20240305;101821;34.65;10;9754699233;B
20240305;101821;34.65;100;9754699312;B
20240305;101821;34.65;300;9754699313;B
20240305;101821;34.65;200;9754699314;B
20240305;101821;34.65;200;9754699315;B
20240305;101821;34.655;200;9754699316;B
20240305;101826;34.65;50;9754699993;B
20240305;101838;34.655;10;9754702961;B
20240305;101841;34.65;10;9754703837;S
20240305;101843;34.65;2000;9754704607;S
20240305;101852;34.655;200;9754706802;B
20240305;101853;34.655;50;9754707295;B
20240305;101902;34.655;1000;9754709405;B
20240305;101903;34.655;280;9754709877;B
20240305;101913;34.655;460;9754712209;B
20240305;101913;34.655;2610;9754712210;B
20240305;101913;34.65;200;9754712322;S
20240305;101913;34.65;10;9754712323;S
20240305;101913;34.65;200;9754712324;S
20240305;101913;34.65;200;9754712325;S
20240305;101913;34.65;200;9754712326;S
20240305;101913;34.65;50;9754712327;S
20240305;101913;34.65;850;9754712328;S
20240305;101913;34.65;2880;9754712329;S
20240305;101913;34.645;5410;9754712330;S
20240305;101915;34.645;100;9754712876;S
20240305;101916;34.65;10;9754713069;B
20240305;101920;34.655;100;9754714148;S
20240305;101924;34.655;70;9754714903;B
20240305;101926;34.655;1000;9754715230;B
20240305;101927;34.65;50;9754715411;S
20240305;101928;34.65;2830;9754715576;S
20240305;101928;34.65;480;9754715577;S
20240305;101928;34.645;690;9754715578;S
20240305;101928;34.655;1000;9754715587;B
20240305;101929;34.655;20;9754715844;B
20240305;101930;34.655;10;9754715895;B
20240305;101930;34.655;1000;9754715924;B
20240305;101932;34.655;830;9754716266;B
20240305;101932;34.655;170;9754716267;B
20240305;101941;34.655;10;9754718126;B
20240305;101941;34.655;990;9754718127;B
20240305;101941;34.655;5760;9754718162;B
20240305;101941;34.655;50;9754718184;S
20240305;101946;34.655;250;9754719036;S
20240305;101953;34.655;70;9754720143;S
20240305;101958;34.655;10;9754720770;S
20240305;102002;34.65;50;9754721659;S
20240305;102002;34.65;30;9754721660;S
20240305;102002;34.65;20;9754721661;S
20240305;102003;34.65;230;9754721823;S
20240305;102003;34.65;20;9754721824;S
20240305;102003;34.65;1000;9754721825;S
20240305;102003;34.645;4910;9754721826;S
20240305;102003;34.645;10;9754721827;S
20240305;102003;34.645;10;9754721828;S
20240305;102003;34.645;1000;9754721829;S
20240305;102003;34.645;510;9754721830;S
20240305;102003;34.645;2560;9754721831;S
20240305;102003;34.645;2610;9754721832;S
20240305;102003;34.64;10;9754721833;S
20240305;102003;34.64;90;9754721834;S
20240305;102003;34.64;10;9754721835;S
20240305;102003;34.64;30;9754721836;S
20240305;102003;34.64;1000;9754721837;S
20240305;102003;34.64;10;9754721838;S
20240305;102003;34.64;410;9754721839;S
20240305;102004;34.655;50;9754722103;B
20240305;102006;34.655;1000;9754722403;B
20240305;102009;34.655;1000;9754722856;B
20240305;102026;34.65;10;9754729217;B
20240305;102027;34.645;1440;9754729855;S
20240305;102027;34.645;10;9754729856;S
20240305;102030;34.65;100;9754732042;B
20240305;102034;34.65;70;9754733202;B
20240305;102034;34.65;500;9754733310;B
20240305;102036;34.65;50;9754734243;B
20240305;102045;34.645;10;9754737457;S
20240305;102045;34.645;10;9754737458;S
20240305;102055;34.65;100;9754740894;B
20240305;102056;34.65;20;9754741199;B
20240305;102113;34.65;20;9754749478;B
20240305;102113;34.65;1130;9754749917;B
20240305;102114;34.65;20;9754750272;B
20240305;102114;34.65;1110;9754750273;B
20240305;102114;34.65;1130;9754750396;B
20240305;102114;34.65;1130;9754750524;B
20240305;102114;34.65;1130;9754750716;B
20240305;102115;34.65;1130;9754750835;B
20240305;102127;34.65;10;9754756994;B
20240305;102127;34.65;5000;9754757017;B
20240305;102130;34.65;500;9754758632;B
20240305;102134;34.645;10;9754760827;S
20240305;102136;34.645;10;9754761530;S
20240305;102137;34.65;10;9754762352;B
20240305;102138;34.65;40;9754762448;B
20240305;102143;34.645;170;9754764800;S
20240305;102143;34.645;10;9754764801;S
20240305;102143;34.645;10;9754764802;S
20240305;102143;34.645;10;9754764803;S
20240305;102143;34.645;10;9754764804;S
20240305;102143;34.645;10;9754764805;S
20240305;102143;34.645;10;9754764806;S
20240305;102143;34.645;10;9754764807;S
20240305;102143;34.645;10;9754764808;S
20240305;102143;34.645;10;9754764809;S
20240305;102143;34.645;10;9754764810;S
20240305;102143;34.645;10;9754764811;S
20240305;102143;34.645;10;9754764812;S
20240305;102143;34.645;10;9754764813;S
20240305;102143;34.645;10;9754764814;S
20240305;102143;34.645;10;9754764815;S
20240305;102143;34.645;10;9754764816;S
20240305;102143;34.645;10;9754764817;S
20240305;102143;34.645;10;9754764818;S
20240305;102143;34.645;10;9754764819;S
20240305;102143;34.645;30;9754764820;S
20240305;102143;34.645;10;9754764821;S
20240305;102143;34.645;10;9754764822;S
20240305;102143;34.645;1130;9754764823;S
20240305;102143;34.645;10;9754764824;S
20240305;102143;34.645;10;9754764825;S
20240305;102143;34.645;20;9754764826;S
20240305;102143;34.645;10;9754764827;S
20240305;102143;34.645;600;9754764828;S
20240305;102143;34.645;10;9754764829;S
20240305;102143;34.645;10;9754764830;S
20240305;102143;34.645;10;9754764831;S
20240305;102143;34.645;10;9754764832;S
20240305;102143;34.645;10;9754764833;S
20240305;102143;34.645;10;9754764834;S
20240305;102143;34.645;10;9754764835;S
20240305;102143;34.645;10;9754764836;S
20240305;102143;34.645;10;9754764837;S
20240305;102143;34.645;10;9754764838;S
20240305;102143;34.645;150;9754764839;S
20240305;102143;34.64;590;9754764840;S
20240305;102143;34.64;10;9754764841;S
20240305;102143;34.64;30;9754764842;S
20240305;102143;34.64;100;9754764843;S
20240305;102143;34.64;150;9754764844;S
20240305;102143;34.64;680;9754764845;S
20240305;102155;34.645;10;9754771144;S
20240305;102157;34.645;10;9754772347;S
20240305;102157;34.645;10;9754772348;S
20240305;102158;34.65;10;9754772722;B
20240305;102159;34.645;10;9754773243;S
20240305;102159;34.645;10;9754773244;S
20240305;102159;34.645;10;9754773245;S
20240305;102159;34.645;220;9754773246;S
20240305;102202;34.65;30;9754774499;B
20240305;102203;34.65;100;9754775491;B
20240305;102206;34.645;10;9754776844;S
20240305;102206;34.645;10;9754776854;S
20240305;102206;34.645;10;9754776856;S
20240305;102206;34.645;10;9754776860;S
20240305;102206;34.645;10;9754776861;S
20240305;102206;34.645;10;9754776881;S
20240305;102206;34.645;10;9754776940;B
20240305;102206;34.645;1120;9754776941;B
20240305;102206;34.645;100;9754776942;B
20240305;102208;34.64;90;9754777784;S
20240305;102209;34.645;120;9754778037;B
20240305;102211;34.645;1200;9754778814;B
20240305;102212;34.64;230;9754779039;S
20240305;102212;34.64;10;9754779040;S
20240305;102216;34.64;100;9754782113;B
20240305;102219;34.64;10;9754783041;B
20240305;102222;34.64;100;9754784135;B
20240305;102224;34.635;10;9754785119;S
20240305;102224;34.635;10;9754785120;S
20240305;102224;34.635;10;9754785121;S
20240305;102224;34.635;20;9754785122;S
20240305;102224;34.635;150;9754785123;S
20240305;102224;34.635;20;9754785124;S
20240305;102224;34.635;50;9754785125;S
20240305;102224;34.635;880;9754785126;S
20240305;102224;34.64;30;9754785177;B
20240305;102225;34.635;2000;9754785843;S
20240305;102225;34.635;30;9754785851;B
20240305;102226;34.635;100;9754786001;B
20240305;102235;34.63;10;9754789288;S
20240305;102236;34.635;10;9754789624;B
20240305;102239;34.635;10;9754791600;B
20240305;102244;34.635;290;9754794176;B
20240305;102245;34.635;20;9754794250;B
20240305;102246;34.63;10;9754794693;S
20240305;102246;34.63;10;9754794694;S
20240305;102246;34.63;20;9754794695;S
20240305;102246;34.63;60;9754794696;S
20240305;102247;34.63;40;9754794797;S
20240305;102249;34.63;30;9754795834;S
20240305;102249;34.63;50;9754795835;S
20240305;102249;34.63;10;9754795836;S
20240305;102249;34.63;10;9754795864;S
20240305;102250;34.63;10;9754797087;S
20240305;102251;34.63;170;9754798202;S
20240305;102251;34.63;80;9754798203;S
20240305;102252;34.63;100;9754798220;S
20240305;102256;34.63;100;9754799221;S
20240305;102259;34.63;720;9754800195;S
20240305;102259;34.63;100;9754800196;S
20240305;102259;34.63;10;9754800197;S
20240305;102259;34.63;720;9754800198;S
20240305;102259;34.625;10;9754800199;S
20240305;102259;34.625;1440;9754800200;S
20240305;102300;34.625;10;9754801664;S
20240305;102300;34.625;30;9754801665;S
20240305;102301;34.63;30;9754801780;B
20240305;102303;34.625;60;9754802857;S
20240305;102310;34.625;840;9754805532;S
20240305;102310;34.625;16820;9754805544;S
20240305;102310;34.625;10;9754805545;S
20240305;102310;34.625;10;9754805546;S
20240305;102310;34.625;10;9754805547;S
20240305;102310;34.625;10;9754805548;S
20240305;102310;34.625;20;9754805549;S
20240305;102310;34.625;20;9754805550;S
20240305;102310;34.625;150;9754805553;B
20240305;102310;34.625;10;9754805684;B
20240305;102310;34.62;10;9754805688;S
20240305;102310;34.62;10;9754805689;S
20240305;102310;34.62;10;9754805690;S
20240305;102310;34.62;10;9754805691;S
20240305;102310;34.62;20;9754805692;S
20240305;102311;34.62;3440;9754805797;S
20240305;102311;34.62;100;9754806318;S
20240305;102314;34.625;10;9754807470;B
20240305;102318;34.62;20;9754809330;S
20240305;102321;34.62;4370;9754810885;S
20240305;102322;34.62;1160;9754810924;S
20240305;102322;34.62;890;9754811105;S
20240305;102322;34.62;10;9754811106;S
20240305;102322;34.62;10;9754811107;S
20240305;102322;34.62;150;9754811108;S
20240305;102322;34.62;30;9754811109;S
20240305;102322;34.615;50;9754811115;S
20240305;102322;34.615;20;9754811116;S
20240305;102322;34.615;10;9754811117;S
20240305;102322;34.615;10;9754811118;S
20240305;102322;34.615;40;9754811119;S
20240305;102322;34.615;150;9754811120;S
20240305;102322;34.615;30;9754811121;S
20240305;102322;34.615;2760;9754811122;S
20240305;102322;34.615;5240;9754811123;S
20240305;102322;34.615;1130;9754811124;S
20240305;102322;34.61;500;9754811133;S
20240305;102322;34.61;100;9754811134;S
20240305;102322;34.61;10;9754811135;S
20240305;102322;34.61;250;9754811136;S
20240305;102322;34.605;160;9754811138;S
20240305;102322;34.605;10;9754811139;S
20240305;102322;34.605;10;9754811140;S
20240305;102322;34.605;500;9754811141;S
20240305;102322;34.605;100;9754811142;S
20240305;102322;34.605;20;9754811143;S
20240305;102322;34.605;20;9754811144;S
20240305;102322;34.605;100;9754811145;S
20240305;102322;34.605;1460;9754811146;S
20240305;102322;34.605;7180;9754811147;S
20240305;102322;34.6;30;9754811148;S
20240305;102322;34.6;10;9754811149;S
20240305;102322;34.6;10;9754811150;S
20240305;102322;34.6;1000;9754811151;S
20240305;102322;34.6;290;9754811152;S
20240305;102322;34.6;30;9754811153;S
20240305;102322;34.6;20;9754811154;S
20240305;102322;34.6;10;9754811155;S
20240305;102322;34.6;120;9754811156;S
20240305;102322;34.6;50;9754811157;S
20240305;102322;34.6;120;9754811158;S
20240305;102322;34.6;10;9754811159;S
20240305;102322;34.6;300;9754811160;S
20240305;102322;34.6;420;9754811161;S
20240305;102322;34.6;10;9754811162;S
20240305;102322;34.6;13870;9754811163;S
20240305;102322;34.6;200;9754811164;S
20240305;102322;34.6;4330;9754811165;S
20240305;102322;34.6;200;9754811166;S
20240305;102322;34.6;50;9754811167;S
20240305;102322;34.6;10;9754811168;S
20240305;102322;34.6;10;9754811169;S
20240305;102322;34.6;10;9754811170;S
20240305;102322;34.6;1000;9754811171;S
20240305;102322;34.6;10;9754811172;S
20240305;102322;34.6;10;9754811173;S
20240305;102322;34.6;10;9754811174;S
20240305;102322;34.6;10;9754811175;S
20240305;102322;34.6;1730;9754811176;S
20240305;102322;34.6;20;9754811177;S
20240305;102322;34.6;1010;9754811178;S
20240305;102322;34.6;10;9754811179;S
20240305;102322;34.6;20;9754811180;S
20240305;102322;34.6;10;9754811181;S
20240305;102322;34.6;10;9754811182;S
20240305;102322;34.6;20;9754811183;S
20240305;102322;34.6;20;9754811184;S
20240305;102322;34.6;10;9754811185;S
20240305;102322;34.6;40;9754811186;S
20240305;102322;34.6;10;9754811187;S
20240305;102322;34.6;180;9754811188;S
20240305;102322;34.6;10;9754811189;S
20240305;102322;34.595;120;9754811190;S
20240305;102322;34.595;10;9754811191;S
20240305;102322;34.595;20;9754811192;S
20240305;102322;34.595;80;9754811193;S
20240305;102322;34.595;10;9754811194;S
20240305;102322;34.59;10;9754811195;S
20240305;102322;34.59;50;9754811196;S
20240305;102322;34.59;1140;9754811197;S
20240305;102322;34.59;800;9754811198;S
20240305;102322;34.595;400;9754811200;B
20240305;102322;34.59;40;9754811204;S
20240305;102322;34.59;10;9754811216;S
20240305;102322;34.59;150;9754811245;S
20240305;102322;34.59;10;9754811338;S
20240305;102322;34.59;100;9754811496;S
20240305;102323;34.59;460;9754811586;S
20240305;102323;34.59;660;9754811587;S
20240305;102323;34.595;100;9754811650;B
20240305;102323;34.595;10;9754811653;B
20240305;102323;34.595;40;9754811674;B
20240305;102323;34.595;100;9754811675;B
20240305;102323;34.595;1500;9754811676;B
20240305;102323;34.595;60;9754811689;B
20240305;102323;34.595;3000;9754811709;B
20240305;102323;34.6;240;9754811710;B
20240305;102323;34.6;520;9754811711;B
20240305;102323;34.6;250;9754811712;B
20240305;102323;34.6;2880;9754811713;B
20240305;102323;34.6;240;9754811714;S
20240305;102323;34.6;60;9754811715;S
20240305;102323;34.6;30;9754811716;S
20240305;102323;34.6;10;9754811719;S
20240305;102323;34.6;200;9754811720;S
20240305;102323;34.6;230;9754811721;S
20240305;102323;34.6;90;9754811723;S
20240305;102323;34.6;100;9754811730;S
20240305;102323;34.6;70;9754811731;S
20240305;102323;34.6;80;9754811737;S
20240305;102323;34.6;280;9754811761;B
20240305;102323;34.59;2380;9754811781;S
20240305;102323;34.59;10;9754811782;S
20240305;102323;34.59;50;9754811783;S
20240305;102323;34.59;10;9754811784;S
20240305;102323;34.59;30;9754811785;S
20240305;102323;34.59;20;9754811786;S
20240305;102324;34.59;50;9754811882;S
20240305;102324;34.59;480;9754811883;S
20240305;102324;34.6;50;9754811884;B
20240305;102324;34.6;10;9754811889;B
20240305;102324;34.6;1000;9754811955;B
20240305;102324;34.6;10;9754812026;B
20240305;102325;34.595;30;9754812299;S
20240305;102325;34.595;10;9754812300;S
20240305;102325;34.595;10;9754812301;S
20240305;102325;34.59;150;9754812302;S
20240305;102325;34.6;30;9754812342;B
20240305;102330;34.6;10;9754814656;B
20240305;102333;34.595;10;9754816037;S
20240305;102334;34.595;10;9754816222;S
20240305;102334;34.59;10;9754816223;S
20240305;102336;34.59;100;9754817031;S
20240305;102343;34.595;30;9754819006;B
20240305;102343;34.595;970;9754819529;B
20240305;102343;34.595;30;9754819530;B
20240305;102343;34.595;10;9754819535;B
20240305;102343;34.595;230;9754819596;B
20240305;102344;34.59;180;9754820140;S
20240305;102346;34.595;1000;9754820410;B
20240305;102347;34.595;930;9754820830;B
20240305;102347;34.595;2200;9754820831;B
20240305;102347;34.6;350;9754820832;B
20240305;102347;34.6;20;9754820833;B
20240305;102347;34.6;1000;9754820834;B
20240305;102347;34.6;2690;9754820835;B
20240305;102353;34.59;80;9754822714;S
20240305;102353;34.59;30;9754822715;S
20240305;102353;34.585;20;9754822716;S
20240305;102353;34.585;10;9754822717;S
20240305;102353;34.585;1130;9754822718;S
20240305;102353;34.585;2180;9754822719;S
20240305;102353;34.58;30;9754822720;S
20240305;102353;34.58;10;9754822721;S
20240305;102353;34.58;10;9754822722;S
20240305;102353;34.58;500;9754822723;S
20240305;102353;34.58;20;9754822724;S
20240305;102353;34.58;10;9754822725;S
20240305;102353;34.58;480;9754822726;S
20240305;102353;34.58;2900;9754822727;S
20240305;102353;34.575;30;9754822728;S
20240305;102353;34.575;400;9754822729;S
20240305;102353;34.575;70;9754822730;S
20240305;102353;34.575;10;9754822731;S
20240305;102353;34.575;10;9754822732;S
20240305;102353;34.575;160;9754822733;S
20240305;102353;34.575;30;9754822734;S
20240305;102353;34.575;20;9754822735;S
20240305;102353;34.575;20;9754822736;S
20240305;102353;34.57;10;9754822737;S
20240305;102353;34.57;2890;9754822738;S
20240305;102353;34.57;10;9754822739;S
20240305;102353;34.57;10;9754822740;S
20240305;102353;34.57;20;9754822741;S
20240305;102353;34.565;200;9754822742;S
20240305;102353;34.565;2000;9754822743;S
20240305;102353;34.565;100;9754822744;S
20240305;102353;34.565;500;9754822745;S
20240305;102353;34.565;160;9754822746;S
20240305;102353;34.565;20;9754822747;S
20240305;102353;34.565;10;9754822748;S
20240305;102353;34.565;4320;9754822749;S
20240305;102353;34.565;200;9754822750;S
20240305;102353;34.56;350;9754822751;S
20240305;102353;34.56;10;9754822752;S
20240305;102353;34.56;6810;9754822753;S
20240305;102353;34.57;100;9754822788;S
20240305;102353;34.57;800;9754822789;S
20240305;102353;34.56;600;9754822790;S
20240305;102354;34.575;10;9754823312;S
20240305;102354;34.565;1480;9754823313;S
20240305;102354;34.56;10;9754823314;S
20240305;102354;34.56;800;9754823325;S
20240305;102356;34.565;30;9754824064;S
20240305;102356;34.565;1000;9754824065;S
20240305;102358;34.565;10;9754824747;B
20240305;102359;34.565;10;9754824887;B
20240305;102404;34.57;90;9754826403;S
20240305;102404;34.57;310;9754826404;S
20240305;102404;34.58;10;9754826484;B
20240305;102405;34.57;30;9754827226;S
20240305;102406;34.57;160;9754828237;S
20240305;102406;34.57;100;9754828238;S
20240305;102406;34.57;440;9754828319;B
20240305;102407;34.57;30;9754828561;B
20240305;102407;34.565;10;9754828576;S
20240305;102407;34.565;10;9754828577;S
20240305;102407;34.565;10;9754828578;S
20240305;102408;34.57;30;9754828755;B
20240305;102409;34.57;30;9754828912;B
20240305;102409;34.57;30;9754828913;B
20240305;102409;34.565;70;9754828920;S
20240305;102409;34.565;240;9754828921;S
20240305;102409;34.565;2320;9754828922;S
20240305;102409;34.565;1000;9754828923;S
20240305;102409;34.56;10370;9754828924;S
20240305;102409;34.57;30;9754828976;B
20240305;102411;34.565;50;9754829492;S
20240305;102411;34.57;10;9754829499;B
20240305;102411;34.57;70;9754829509;B
20240305;102412;34.57;30;9754829788;B
20240305;102413;34.57;70;9754829951;B
20240305;102413;34.57;50;9754830239;B
20240305;102414;34.57;80;9754830868;B
20240305;102420;34.575;50;9754832768;S
20240305;102420;34.585;400;9754832885;B
20240305;102420;34.59;500;9754832886;B
20240305;102420;34.595;600;9754832887;B
20240305;102421;34.585;100;9754833434;S
20240305;102421;34.59;100;9754833573;B
20240305;102421;34.59;350;9754833616;B
20240305;102421;34.595;150;9754833617;B
20240305;102421;34.595;1130;9754833634;B
20240305;102422;34.595;1130;9754833693;B
20240305;102422;34.595;1130;9754833755;B
20240305;102426;34.6;1130;9754834980;B
20240305;102426;34.6;1130;9754835094;B
20240305;102427;34.595;300;9754835481;S
20240305;102431;34.595;60;9754837309;S
20240305;102447;34.595;1000;9754845371;S
20240305;102447;34.595;100;9754845495;S
20240305;102448;34.595;40;9754845678;S
20240305;102449;34.595;30;9754845974;S
20240305;102452;34.595;80;9754846915;S
20240305;102453;34.6;100;9754847277;B
20240305;102453;34.6;6730;9754847278;B
20240305;102453;34.6;10;9754847279;B
20240305;102453;34.6;1350;9754847280;B
20240305;102453;34.605;1000;9754847432;S
20240305;102500;34.615;30;9754851009;B
20240305;102501;34.605;530;9754851630;S
20240305;102501;34.605;470;9754851631;S
20240305;102504;34.605;100;9754852947;S
20240305;102508;34.615;70;9754855063;B
20240305;102511;34.615;20;9754856087;B
20240305;102515;34.615;200;9754858049;B
20240305;102515;34.615;300;9754858050;B
20240305;102518;34.615;10;9754859772;S
20240305;102518;34.61;1000;9754859882;S
20240305;102518;34.605;10;9754859883;S
20240305;102518;34.605;1000;9754859884;S
20240305;102518;34.605;510;9754859885;S
20240305;102518;34.605;2170;9754859886;S
20240305;102518;34.6;3610;9754859887;S
20240305;102521;34.605;50;9754861313;B
20240305;102531;34.605;10;9754864070;S
20240305;102534;34.605;10;9754865869;S
20240305;102534;34.605;10;9754865883;S
20240305;102534;34.605;10;9754865884;S
20240305;102534;34.605;10;9754865885;S
20240305;102534;34.61;10;9754865890;S
20240305;102534;34.61;10;9754865891;S
20240305;102534;34.61;40;9754865892;S
20240305;102534;34.61;10;9754865908;S
20240305;102534;34.61;10;9754865922;S
20240305;102534;34.61;10;9754865924;S
20240305;102534;34.61;40;9754865925;S
20240305;102534;34.61;10;9754865926;S
20240305;102534;34.61;40;9754865948;S
20240305;102534;34.61;10;9754865949;S
20240305;102534;34.61;10;9754865956;S
20240305;102534;34.61;10;9754865957;S
20240305;102534;34.61;40;9754865960;S
20240305;102534;34.61;10;9754865962;S
20240305;102534;34.61;10;9754865963;S
20240305;102534;34.61;10;9754865964;S
20240305;102534;34.61;10;9754865969;S
20240305;102534;34.61;10;9754865972;S
20240305;102534;34.61;20;9754865979;S
20240305;102534;34.605;20;9754865980;S
20240305;102534;34.605;10;9754865981;S
20240305;102534;34.605;10;9754865982;S
20240305;102534;34.605;10;9754865983;S
20240305;102534;34.605;20;9754865984;S
20240305;102534;34.605;10;9754865991;S
20240305;102534;34.605;40;9754865997;S
20240305;102534;34.605;20;9754866000;S
20240305;102534;34.605;10;9754866002;S
20240305;102534;34.605;40;9754866005;S
20240305;102534;34.605;20;9754866006;S
20240305;102534;34.605;10;9754866009;S
20240305;102534;34.605;40;9754866015;S
20240305;102534;34.605;20;9754866016;S
20240305;102535;34.605;10;9754866017;S
20240305;102535;34.605;40;9754866026;S
20240305;102535;34.605;20;9754866027;S
20240305;102535;34.605;10;9754866028;S
20240305;102535;34.605;20;9754866052;S
20240305;102535;34.605;20;9754866053;S
20240305;102535;34.605;10;9754866055;S
20240305;102535;34.605;20;9754866060;S
20240305;102535;34.605;10;9754866061;S
20240305;102535;34.605;20;9754866067;S
20240305;102535;34.605;10;9754866069;S
20240305;102535;34.605;20;9754866072;S
20240305;102535;34.605;20;9754866082;S
20240305;102535;34.605;20;9754866089;S
20240305;102535;34.605;20;9754866093;S
20240305;102535;34.605;10;9754866107;S
20240305;102537;34.615;10;9754866636;B
20240305;102544;34.615;10;9754868852;B
20240305;102544;34.61;1000;9754868854;S
20240305;102544;34.61;500;9754868855;S
20240305;102548;34.615;470;9754869361;B
20240305;102548;34.615;510;9754869362;B
20240305;102550;34.62;100;9754869512;B
20240305;102550;34.62;100;9754869552;B
20240305;102550;34.62;100;9754869564;B
20240305;102550;34.62;100;9754869586;B
20240305;102550;34.62;100;9754869606;B
20240305;102551;34.62;100;9754869679;B
20240305;102551;34.62;30;9754869690;B
20240305;102551;34.62;100;9754869691;B
20240305;102551;34.62;1560;9754869699;B
20240305;102552;34.62;1010;9754869789;S
20240305;102553;34.625;100;9754872005;B
20240305;102554;34.62;60;9754872188;S
20240305;102602;34.625;1000;9754873725;B
20240305;102603;34.625;30;9754873822;B
20240305;102604;34.62;1350;9754873902;S
20240305;102605;34.625;1000;9754875180;B
20240305;102611;34.625;50;9754877828;B
20240305;102613;34.625;100;9754878014;B
20240305;102619;34.62;20;9754880519;S
20240305;102619;34.62;20;9754880520;S
20240305;102619;34.62;100;9754880521;S
20240305;102619;34.615;140;9754880522;S
20240305;102619;34.615;360;9754880533;S
20240305;102619;34.615;2120;9754880534;S
20240305;102619;34.615;250;9754880535;S
20240305;102619;34.61;400;9754880536;S
20240305;102619;34.61;2260;9754880537;S
20240305;102619;34.61;550;9754880538;S
20240305;102619;34.61;1160;9754880539;S
20240305;102619;34.61;10;9754880540;S
20240305;102619;34.605;2270;9754880541;S
20240305;102619;34.605;550;9754880542;S
20240305;102619;34.605;30;9754880543;S
20240305;102619;34.605;8260;9754880544;S
20240305;102619;34.605;31780;9754880545;S
20240305;102621;34.61;580;9754881022;S
20240305;102623;34.61;700;9754881576;S
20240305;102632;34.62;550;9754884313;B
20240305;102636;34.62;100;9754885049;B
20240305;102637;34.62;30;9754885100;B
20240305;102637;34.61;50;9754885115;S
20240305;102637;34.61;50;9754885116;S
20240305;102637;34.61;2880;9754885117;S
20240305;102637;34.61;2100;9754885118;S
20240305;102637;34.61;790;9754885119;S
20240305;102637;34.61;680;9754885120;S
20240305;102637;34.605;8140;9754885121;S
20240305;102637;34.605;60;9754885315;S
20240305;102643;34.61;10;9754886288;S
20240305;102643;34.61;30;9754886289;S
20240305;102644;34.615;500;9754886421;B
20240305;102645;34.61;340;9754886708;S
20240305;102647;34.62;440;9754887142;B
20240305;102648;34.62;10;9754887399;B
20240305;102649;34.62;50;9754887512;B
20240305;102650;34.61;230;9754887599;S
20240305;102651;34.62;150;9754887893;B
20240305;102657;34.62;10;9754888670;B
20240305;102657;34.62;10;9754888779;B
20240305;102659;34.62;200;9754889061;B
20240305;102700;34.62;180;9754889218;B
20240305;102704;34.62;500;9754889625;B
20240305;102706;34.62;10;9754890048;B
20240305;102718;34.615;2000;9754892053;S
20240305;102718;34.615;880;9754892054;S
20240305;102721;34.615;20;9754892428;S
20240305;102721;34.62;20;9754892429;B
20240305;102721;34.62;3500;9754892430;B
20240305;102721;34.62;2880;9754892431;B
20240305;102721;34.615;30;9754892434;S
20240305;102721;34.615;40;9754892435;S
20240305;102721;34.615;10;9754892436;S
20240305;102721;34.615;20;9754892437;S
20240305;102721;34.615;20;9754892438;S
20240305;102721;34.615;10;9754892442;S
20240305;102721;34.615;80;9754892447;S
20240305;102721;34.615;10;9754892448;S
20240305;102721;34.615;20;9754892449;S
20240305;102721;34.615;20;9754892450;S
20240305;102721;34.615;10;9754892453;S
20240305;102722;34.625;5000;9754892585;B
20240305;102724;34.625;10;9754892790;B
20240305;102726;34.62;10;9754893107;S
20240305;102730;34.62;10;9754893609;S
20240305;102731;34.625;3250;9754893677;B
20240305;102731;34.625;3370;9754893678;B
20240305;102731;34.625;3110;9754893679;B
20240305;102731;34.625;10;9754893698;B
20240305;102731;34.625;10;9754893699;B
20240305;102731;34.625;30;9754893700;B
20240305;102731;34.625;1270;9754893775;B
20240305;102734;34.625;5010;9754894226;B
20240305;102734;34.625;6000;9754894227;B
20240305;102734;34.625;30;9754894351;B
20240305;102734;34.625;860;9754894352;B
20240305;102735;34.625;5000;9754894422;B
20240305;102735;34.625;2690;9754894423;B
20240305;102735;34.625;150;9754894454;B
20240305;102735;34.625;10;9754894466;B
20240305;102735;34.625;10;9754894467;B
20240305;102736;34.625;860;9754894579;B
20240305;102737;34.62;140;9754894718;S
20240305;102738;34.625;50;9754894867;B
20240305;102738;34.625;270;9754894868;B
20240305;102739;34.625;70;9754894976;B
20240305;102740;34.625;10;9754895106;B
20240305;102740;34.62;40;9754895201;S
20240305;102742;34.625;1570;9754895347;B
20240305;102742;34.63;320;9754895348;B
20240305;102742;34.635;50;9754895349;B
20240305;102742;34.635;20;9754895350;B
20240305;102742;34.64;10;9754895351;B
20240305;102742;34.64;1030;9754895352;B
20240305;102750;34.65;30;9754896540;B
20240305;102752;34.655;10;9754896735;B
20240305;102753;34.65;10;9754896884;S
20240305;102753;34.66;10;9754896913;B
20240305;102755;34.65;10;9754897118;S
20240305;102802;34.65;100;9754898199;S
20240305;102802;34.655;700;9754898224;B
20240305;102802;34.66;90;9754898225;B
20240305;102802;34.66;1950;9754898226;B
20240305;102802;34.665;20;9754898227;B
20240305;102802;34.665;240;9754898228;B
20240305;102803;34.66;30;9754898391;B
20240305;102805;34.66;60;9754898699;B
20240305;102812;34.66;50;9754900012;B
20240305;102812;34.66;50;9754900013;B
20240305;102820;34.66;60;9754901083;B
20240305;102822;34.66;50;9754901378;B
20240305;102829;34.66;300;9754902329;B
20240305;102831;34.66;500;9754902586;B
20240305;102833;34.66;30;9754902928;B
20240305;102834;34.655;40;9754903002;S
20240305;102836;34.66;250;9754903234;B
20240305;102839;34.66;10;9754903643;B
20240305;102839;34.66;10;9754903688;B
20240305;102839;34.66;10;9754903729;B
20240305;102839;34.66;10;9754903796;B
20240305;102840;34.66;10;9754903892;B
20240305;102840;34.66;10;9754903975;B
20240305;102841;34.66;10;9754903991;B
20240305;102841;34.66;10;9754904065;B
20240305;102844;34.66;430;9754904371;B
20240305;102844;34.66;10;9754904372;B
20240305;102844;34.66;10;9754904373;B
20240305;102844;34.665;150;9754904374;B
20240305;102851;34.665;30;9754905417;B
20240305;102859;34.66;360;9754906617;S
20240305;102859;34.655;10;9754906618;S
20240305;102859;34.655;10;9754906619;S
20240305;102859;34.655;10;9754906620;S
20240305;102859;34.655;10;9754906621;S
20240305;102859;34.65;90;9754906622;S
20240305;102900;34.665;70;9754906706;B
20240305;102900;34.665;20;9754906707;B
20240305;102900;34.665;20;9754906708;B
20240305;102900;34.67;20;9754906709;B
20240305;102900;34.67;100;9754906710;B
20240305;102900;34.67;20;9754906711;B
20240305;102900;34.67;10;9754906712;B
20240305;102900;34.67;740;9754906713;B
20240305;102902;34.67;90;9754907062;B
20240305;102905;34.655;10;9754907432;S
20240305;102905;34.65;20;9754907433;S
20240305;102914;34.665;30;9754908820;B
20240305;102921;34.665;10;9754909854;B
20240305;102921;34.66;10;9754909915;S
20240305;102921;34.655;10;9754909916;S
20240305;102921;34.655;190;9754909917;S
20240305;102921;34.655;40;9754909918;S
20240305;102921;34.65;1890;9754909919;S
20240305;102921;34.65;2860;9754909920;S
20240305;102924;34.655;10;9754910383;S
20240305;102924;34.655;10;9754910398;B
20240305;102925;34.655;20;9754910462;B
20240305;102926;34.65;400;9754910590;S
20240305;102929;34.655;90;9754911016;B
20240305;102935;34.66;10;9754911981;B
20240305;102942;34.65;20;9754912849;S
20240305;103001;34.655;10;9754915755;S
20240305;103001;34.65;60;9754915756;S
20240305;103002;34.65;10;9754915845;S
20240305;103002;34.65;1720;9754915893;S
20240305;103003;34.65;1070;9754915949;S
20240305;103003;34.65;50;9754915950;S
20240305;103003;34.645;480;9754915951;S
20240305;103003;34.64;10;9754915952;S
20240305;103003;34.64;10;9754915953;S
20240305;103003;34.63;50;9754915954;S
20240305;103003;34.625;60;9754915955;S
20240305;103011;34.645;100;9754917195;S
20240305;103031;34.625;40;9754919858;S
20240305;103031;34.625;100;9754919859;S
20240305;103031;34.625;110;9754919860;S
20240305;103031;34.625;400;9754919861;S
20240305;103032;34.625;100;9754919896;B
20240305;103032;34.62;50;9754919918;S
20240305;103032;34.625;90;9754919923;B
20240305;103035;34.625;50;9754920145;B
20240305;103040;34.625;50;9754920708;B
20240305;103042;34.62;10;9754920965;S
20240305;103043;34.62;120;9754921148;S
20240305;103043;34.62;30;9754921149;S
20240305;103048;34.625;20;9754921808;B
20240305;103048;34.625;50;9754921838;B
20240305;103050;34.62;20;9754922132;S
20240305;103109;34.62;50;9754924360;S
20240305;103109;34.62;100;9754924361;S
20240305;103109;34.62;1680;9754924362;S
20240305;103109;34.615;100;9754924363;S
20240305;103109;34.615;100;9754924364;S
20240305;103109;34.615;220;9754924365;S
20240305;103109;34.615;1800;9754924366;S
20240305;103109;34.615;1130;9754924367;S
20240305;103109;34.615;400;9754924368;S
20240305;103109;34.615;10;9754924369;S
20240305;103109;34.61;10;9754924370;S
20240305;103109;34.61;250;9754924371;S
20240305;103109;34.61;10;9754924372;S
20240305;103109;34.61;10;9754924373;S
20240305;103109;34.61;100;9754924374;S
20240305;103109;34.61;60;9754924375;S
20240305;103109;34.61;160;9754924376;S
20240305;103109;34.61;100;9754924377;S
20240305;103109;34.61;100;9754924378;S
20240305;103109;34.61;100;9754924379;S
20240305;103109;34.61;20;9754924380;S
20240305;103109;34.61;10;9754924381;S
20240305;103109;34.61;10;9754924382;S
20240305;103109;34.61;10;9754924383;S
20240305;103109;34.61;11540;9754924384;S
20240305;103109;34.61;480;9754924385;S
20240305;103109;34.61;10;9754924386;S
20240305;103109;34.61;2000;9754924387;S
20240305;103109;34.605;6430;9754924388;S
20240305;103114;34.62;100;9754924909;B
20240305;103114;34.615;2490;9754924910;B
20240305;103115;34.62;10;9754924974;B
20240305;103116;34.615;2240;9754925179;B
20240305;103117;34.62;2880;9754925255;B
20240305;103118;34.625;20;9754925420;B
20240305;103121;34.625;10;9754925696;B
20240305;103124;34.62;80;9754926107;S
20240305;103126;34.625;30;9754926317;B
20240305;103128;34.625;140;9754926467;B
20240305;103131;34.625;10;9754926767;B
20240305;103131;34.62;10;9754926808;S
20240305;103134;34.625;70;9754927166;B
20240305;103137;34.62;110;9754927496;S
20240305;103137;34.62;10;9754927497;S
20240305;103137;34.62;390;9754927498;S
20240305;103147;34.625;30;9754928478;B
20240305;103148;34.625;10;9754928545;B
20240305;103151;34.625;30;9754928841;B
20240305;103153;34.625;10;9754929020;B
20240305;103159;34.62;40;9754929737;S
20240305;103159;34.615;250;9754929738;S
20240305;103159;34.615;200;9754929739;S
20240305;103159;34.615;150;9754929740;S
20240305;103201;34.62;100;9754929965;B
20240305;103205;34.62;160;9754930488;B
20240305;103214;34.62;150;9754931450;B
20240305;103217;34.62;20;9754931657;B
20240305;103218;34.62;440;9754931784;B
20240305;103230;34.62;10;9754933008;B
20240305;103234;34.62;40;9754933603;B
20240305;103236;34.62;50;9754933875;B
20240305;103254;34.62;10;9754936019;B
20240305;103255;34.62;30;9754936086;B
20240305;103309;34.615;70;9754937666;S
20240305;103309;34.615;100;9754937667;S
20240305;103309;34.615;500;9754937668;S
20240305;103309;34.615;30;9754937669;S
20240305;103313;34.615;20;9754938189;S
20240305;103313;34.615;330;9754938190;S
20240305;103313;34.615;20;9754938191;S
20240305;103313;34.615;40;9754938192;S
20240305;103313;34.615;100;9754938193;S
20240305;103316;34.62;230;9754938597;B
20240305;103333;34.62;10;9754940666;B
20240305;103335;34.62;10;9754940889;B
20240305;103336;34.615;10;9754940994;S
20240305;103336;34.615;390;9754940995;S
20240305;103337;34.62;50;9754941132;B
20240305;103339;34.62;220;9754941451;B
20240305;103341;34.615;10;9754941673;S
20240305;103341;34.615;10;9754941674;S
20240305;103341;34.615;280;9754941675;S
20240305;103349;34.62;20;9754943297;B
20240305;103349;34.615;50;9754943298;S
20240305;103349;34.615;50;9754943299;S
20240305;103353;34.62;20;9754943871;B
20240305;103353;34.615;500;9754943884;S
20240305;103353;34.615;400;9754943885;S
20240305;103354;34.62;10;9754943916;B
20240305;103355;34.615;50;9754944096;B
20240305;103359;34.61;100;9754944863;S
20240305;103400;34.615;150;9754944896;B
20240305;103409;34.62;10;9754946487;B
20240305;103409;34.62;10;9754946674;B
20240305;103412;34.615;70;9754947068;B
20240305;103413;34.615;30;9754947184;B
20240305;103416;34.615;50;9754947582;B
20240305;103420;34.615;50;9754947948;B
20240305;103420;34.615;100;9754947949;B
20240305;103420;34.615;100;9754947950;B
20240305;103420;34.615;100;9754947951;B
20240305;103420;34.615;2880;9754947952;B
20240305;103421;34.615;100;9754947965;S
20240305;103422;34.615;150;9754948091;S
20240305;103423;34.615;480;9754948201;S
20240305;103425;34.615;20;9754948492;S
20240305;103429;34.615;600;9754948833;S
20240305;103429;34.62;300;9754948850;B
20240305;103437;34.62;8100;9754949678;B
20240305;103437;34.62;10;9754949679;B
20240305;103437;34.62;200;9754949680;B
20240305;103437;34.62;1690;9754949681;B
20240305;103442;34.62;10;9754950334;B
20240305;103445;34.615;150;9754950707;S
20240305;103449;34.62;1300;9754951252;B
20240305;103449;34.62;530;9754951253;B
20240305;103449;34.62;560;9754951254;S
20240305;103450;34.62;250;9754951374;S
20240305;103451;34.625;40;9754951508;B
20240305;103455;34.62;140;9754951873;S
20240305;103455;34.625;10;9754951883;B
20240305;103457;34.62;220;9754952009;S
20240305;103458;34.625;2800;9754952127;B
20240305;103458;34.625;50;9754952128;B
20240305;103458;34.625;290;9754952142;B
20240305;103458;34.625;100;9754952172;B
20240305;103502;34.625;100;9754952592;B
20240305;103502;34.625;40;9754952593;B
20240305;103502;34.625;70;9754952596;B
20240305;103507;34.625;60;9754953201;B
20240305;103512;34.625;70;9754953722;B
20240305;103512;34.625;30;9754953723;B
20240305;103512;34.625;50;9754953767;B
20240305;103513;34.625;30;9754953827;B
20240305;103513;34.625;30;9754953839;B
20240305;103524;34.62;160;9754955458;S
20240305;103526;34.625;10;9754955774;B
20240305;103537;34.625;70;9754956985;B
20240305;103538;34.625;40;9754957124;B
20240305;103539;34.62;190;9754957194;S
20240305;103541;34.625;10;9754957319;B
20240305;103543;34.625;30;9754957608;B
20240305;103552;34.62;260;9754958569;S
20240305;103600;34.625;2700;9754959439;B
20240305;103600;34.625;500;9754959440;B
20240305;103600;34.625;1500;9754959441;B
20240305;103601;34.625;10;9754959611;S
20240305;103603;34.625;100;9754959805;S
20240305;103611;34.63;30;9754960871;B
20240305;103629;34.63;10;9754962711;B
20240305;103633;34.63;100;9754963113;B
20240305;103633;34.63;440;9754963151;B
20240305;103633;34.63;10;9754963152;B
20240305;103633;34.63;10;9754963153;B
20240305;103633;34.635;340;9754963154;B
20240305;103640;34.635;10;9754964017;S
20240305;103649;34.64;100;9754964810;B
20240305;103655;34.635;150;9754965429;S
20240305;103659;34.64;10;9754965920;B
20240305;103659;34.64;80;9754965934;B
20240305;103701;34.64;150;9754966225;B
20240305;103704;34.64;10;9754966411;B
20240305;103706;34.64;200;9754966697;B
20240305;103707;34.635;10;9754966793;S
20240305;103715;34.64;50;9754967721;B
20240305;103718;34.64;10;9754968079;B
20240305;103720;34.64;300;9754968223;B
20240305;103721;34.64;10;9754968336;B
20240305;103723;34.64;10;9754968545;B
20240305;103739;34.64;40;9754970476;B
20240305;103747;34.635;10;9754971241;S
20240305;103749;34.64;10;9754971438;B
20240305;103752;34.64;50;9754971692;B
20240305;103753;34.64;1400;9754971787;B
20240305;103804;34.635;120;9754972853;S
20240305;103820;34.635;10;9754974182;S
20240305;103820;34.635;290;9754974189;S
20240305;103820;34.635;20;9754974190;S
20240305;103820;34.635;50;9754974191;S
20240305;103820;34.635;1500;9754974192;S
20240305;103820;34.635;200;9754974193;S
20240305;103820;34.635;100;9754974194;S
20240305;103820;34.635;4320;9754974195;S
20240305;103820;34.63;450;9754974196;S
20240305;103820;34.63;50;9754974197;S
20240305;103820;34.63;1550;9754974198;S
20240305;103820;34.625;5190;9754974199;S
20240305;103820;34.625;10;9754974200;S
20240305;103820;34.625;10;9754974201;S
20240305;103820;34.625;30;9754974202;S
20240305;103820;34.62;3560;9754974203;S
20240305;103820;34.62;20;9754974204;S
20240305;103820;34.62;50;9754974205;S
20240305;103820;34.62;480;9754974206;S
20240305;103820;34.62;100;9754974207;S
20240305;103820;34.62;1000;9754974208;S
20240305;103820;34.615;1270;9754974209;S
20240305;103820;34.615;10;9754974210;S
20240305;103820;34.615;10;9754974211;S
20240305;103820;34.615;1000;9754974212;S
20240305;103820;34.615;10;9754974213;S
20240305;103820;34.615;10;9754974214;S
20240305;103820;34.615;10;9754974215;S
20240305;103820;34.615;10;9754974216;S
20240305;103820;34.615;10;9754974217;S
20240305;103820;34.615;880;9754974218;S
20240305;103820;34.615;10;9754974219;S
20240305;103820;34.615;10;9754974220;S
20240305;103820;34.615;2880;9754974221;S
20240305;103820;34.615;250;9754974222;S
20240305;103820;34.615;10;9754974223;S
20240305;103820;34.61;33900;9754974224;S
20240305;103820;34.61;200;9754974225;S
20240305;103820;34.61;330;9754974226;S
20240305;103820;34.61;10;9754974227;S
20240305;103820;34.61;10;9754974228;S
20240305;103820;34.61;330;9754974229;S
20240305;103820;34.61;30;9754974230;S
20240305;103820;34.61;10;9754974231;S
20240305;103820;34.61;150;9754974232;S
20240305;103820;34.61;11540;9754974233;S
20240305;103820;34.605;20;9754974234;S
20240305;103820;34.605;10;9754974235;S
20240305;103820;34.605;20;9754974236;S
20240305;103820;34.605;500;9754974237;S
20240305;103820;34.605;100;9754974238;S
20240305;103820;34.605;100;9754974239;S
20240305;103820;34.6;16820;9754974240;S
20240305;103826;34.615;20;9754974728;B
20240305;103833;34.61;30;9754975496;B
20240305;103841;34.605;40;9754976377;S
20240305;103850;34.625;750;9754977232;B
20240305;103850;34.63;250;9754977233;B
20240305;103850;34.63;150;9754977330;B
20240305;103850;34.635;20;9754977331;B
20240305;103850;34.635;300;9754977332;B
20240305;103850;34.635;500;9754977333;B
20240305;103850;34.635;530;9754977334;B
20240305;103907;34.625;60;9754978978;S
20240305;103910;34.64;200;9754979312;B
20240305;103911;34.64;80;9754979423;B
20240305;103926;34.64;10;9754980775;B
20240305;103929;34.625;10;9754981056;S
20240305;103936;34.625;430;9754981811;S
20240305;103936;34.625;920;9754981812;S
20240305;103936;34.625;20;9754981813;S
20240305;103936;34.62;10;9754981814;S
20240305;103936;34.62;2880;9754981815;S
20240305;103936;34.62;10;9754981816;S
20240305;103936;34.615;730;9754981817;S
20240305;103955;34.635;10;9754983666;B
20240305;104017;34.64;240;9754985991;B
20240305;104019;34.64;50;9754986179;B
20240305;104020;34.64;10;9754986294;B
20240305;104032;34.64;500;9754987297;B
20240305;104039;34.64;50;9754988001;B
20240305;104040;34.64;20;9754988101;B
20240305;104044;34.64;10;9754988391;B
20240305;104045;34.64;600;9754988482;B
20240305;104050;34.63;100;9754988847;S
20240305;104050;34.63;10;9754988848;S
20240305;104050;34.63;10;9754988849;S
20240305;104050;34.63;10;9754988850;S
20240305;104050;34.63;10;9754988851;S
20240305;104050;34.63;10;9754988852;S
20240305;104057;34.63;10;9754989608;S
20240305;104106;34.64;20;9754990387;B
20240305;104109;34.64;1780;9754990672;B
20240305;104109;34.64;20;9754990673;B
20240305;104109;34.64;20;9754990674;B
20240305;104109;34.64;10;9754990675;B
20240305;104109;34.64;1170;9754990676;B
20240305;104115;34.63;10;9754991181;S
20240305;104115;34.63;10;9754991182;S
20240305;104115;34.63;10;9754991183;S
20240305;104115;34.63;10;9754991184;S
20240305;104115;34.63;10;9754991185;S
20240305;104115;34.63;20;9754991186;S
20240305;104115;34.63;10;9754991187;S
20240305;104115;34.63;10;9754991188;S
20240305;104115;34.63;10;9754991189;S
20240305;104115;34.63;10;9754991190;S
20240305;104115;34.63;10;9754991191;S
20240305;104115;34.63;10;9754991192;S
20240305;104115;34.63;10;9754991193;S
20240305;104115;34.625;10;9754991194;S
20240305;104115;34.625;550;9754991195;S
20240305;104116;34.64;30;9754991222;B
20240305;104117;34.64;1110;9754991296;B
20240305;104117;34.64;20;9754991297;B
20240305;104117;34.64;500;9754991298;B
20240305;104117;34.64;550;9754991299;B
20240305;104135;34.64;50;9754993617;B
20240305;104136;34.63;10;9754993727;S
20240305;104136;34.63;10;9754993728;S
20240305;104136;34.63;10;9754993729;S
20240305;104136;34.63;10;9754993730;S
20240305;104136;34.63;10;9754993731;S
20240305;104136;34.63;10;9754993732;S
20240305;104136;34.63;10;9754993733;S
20240305;104136;34.625;630;9754993734;S
20240305;104136;34.625;480;9754993735;S
20240305;104136;34.625;10;9754993736;S
20240305;104136;34.62;20;9754993737;S
20240305;104136;34.62;290;9754993738;S
20240305;104147;34.64;20;9754994758;B
20240305;104150;34.64;10;9754995035;B
20240305;104153;34.63;10;9754995368;S
20240305;104153;34.63;10;9754995369;S
20240305;104153;34.63;10;9754995370;S
20240305;104153;34.63;10;9754995371;S
20240305;104153;34.63;10;9754995372;S
20240305;104153;34.63;10;9754995373;S
20240305;104153;34.63;10;9754995374;S
20240305;104153;34.63;10;9754995375;S
20240305;104153;34.62;1450;9754995376;S
20240305;104153;34.62;200;9754995377;S
20240305;104153;34.62;10;9754995380;B
20240305;104153;34.62;10;9754995381;B
20240305;104153;34.62;10;9754995382;B
20240305;104156;34.62;20;9754995617;B
20240305;104200;34.615;50;9754995980;S
20240305;104200;34.615;100;9754995981;S
20240305;104200;34.615;20;9754995982;S
20240305;104205;34.62;170;9754996583;B
20240305;104209;34.62;30;9754997018;B
20240305;104210;34.62;10;9754997140;B
20240305;104216;34.62;10;9754998229;B
20240305;104216;34.625;20;9754998230;B
20240305;104218;34.625;20;9754998401;B
20240305;104221;34.62;10;9754998693;B
20240305;104221;34.62;10;9754998694;B
20240305;104230;34.62;10;9754999496;B
20240305;104231;34.62;10;9754999654;B
20240305;104231;34.62;10;9754999655;B
20240305;104231;34.62;10;9754999656;B
20240305;104231;34.62;10;9754999657;B
20240305;104231;34.62;10;9754999658;B
20240305;104234;34.62;10;9754999832;B
20240305;104234;34.62;10;9754999833;B
20240305;104302;34.62;10;9755003727;B
20240305;104302;34.62;10;9755003728;B
20240305;104306;34.62;10;9755004280;B
20240305;104308;34.62;10;9755004516;B
20240305;104308;34.62;10;9755004517;B
20240305;104310;34.615;20;9755004701;S
20240305;104312;34.62;10;9755004895;B
20240305;104314;34.62;10;9755005281;B
20240305;104314;34.62;10;9755005282;B
20240305;104314;34.62;10;9755005283;B
20240305;104315;34.62;10;9755005653;B
20240305;104315;34.62;10;9755005654;B
20240305;104315;34.62;10;9755005655;B
20240305;104334;34.615;80;9755008805;S
20240305;104334;34.615;20;9755008806;S
20240305;104334;34.615;20;9755008807;S
20240305;104339;34.61;10;9755009490;S
20240305;104339;34.615;350;9755009509;B
20240305;104342;34.615;330;9755009893;B
20240305;104347;34.61;9990;9755010977;S
20240305;104347;34.61;50;9755010978;S
20240305;104347;34.61;50;9755010979;S
20240305;104347;34.61;50;9755010980;S
20240305;104347;34.61;10;9755010981;S
20240305;104347;34.61;50;9755010982;S
20240305;104347;34.61;10;9755010983;S
20240305;104347;34.61;330;9755010984;S
20240305;104347;34.61;100;9755010985;S
20240305;104347;34.61;500;9755010986;S
20240305;104347;34.605;330;9755010987;S
20240305;104347;34.605;48530;9755010988;S
20240305;104354;34.61;100;9755011910;B
20240305;104354;34.605;20;9755011914;S
20240305;104357;34.605;2200;9755012192;S
20240305;104411;34.605;900;9755014232;S
20240305;104411;34.605;40;9755014272;S
20240305;104413;34.605;720;9755014466;S
20240305;104413;34.605;4220;9755014467;S
20240305;104413;34.605;650;9755014468;S
20240305;104413;34.605;10;9755014646;S
20240305;104413;34.605;20;9755014647;S
20240305;104414;34.605;20;9755014708;S
20240305;104415;34.605;10000;9755015013;S
20240305;104415;34.61;20;9755015114;B
20240305;104417;34.61;170;9755015360;B
20240305;104417;34.61;20;9755015361;B
20240305;104417;34.61;20;9755015362;B
20240305;104417;34.61;320;9755015363;S
20240305;104417;34.61;280;9755015364;S
20240305;104417;34.61;190;9755015365;S
20240305;104417;34.605;370;9755015366;S
20240305;104418;34.61;20;9755015588;B
20240305;104420;34.605;10;9755015852;S
20240305;104420;34.605;10;9755015853;S
20240305;104421;34.61;10;9755015891;B
20240305;104421;34.605;10;9755016007;S
20240305;104423;34.605;20;9755016369;S
20240305;104425;34.605;230;9755016514;S
20240305;104426;34.61;10;9755016690;B
20240305;104428;34.605;10;9755016873;S
20240305;104428;34.605;170;9755016874;S
20240305;104431;34.61;30;9755017044;B
20240305;104431;34.605;20;9755017067;S
20240305;104433;34.605;10;9755017388;S
20240305;104435;34.605;120;9755017632;S
20240305;104435;34.605;10;9755017633;S
20240305;104443;34.605;40;9755019000;S
20240305;104443;34.605;10;9755019005;S
20240305;104443;34.605;10;9755019032;S
20240305;104443;34.605;10;9755019070;S
20240305;104444;34.605;40;9755019137;S
20240305;104444;34.605;10;9755019142;S
20240305;104455;34.605;10;9755020380;S
20240305;104502;34.61;40;9755021301;B
20240305;104502;34.605;10;9755021302;S
20240305;104507;34.61;10;9755021967;B
20240305;104508;34.605;5010;9755022037;S
20240305;104508;34.605;10;9755022038;S
20240305;104508;34.605;3000;9755022039;S
20240305;104508;34.605;10;9755022113;S
20240305;104508;34.605;10;9755022117;S
20240305;104510;34.61;20;9755022226;B
20240305;104510;34.605;10;9755022227;S
20240305;104511;34.605;10;9755022363;S
20240305;104511;34.605;30;9755022364;S
20240305;104512;34.605;30;9755022613;S
20240305;104512;34.605;500;9755022751;S
20240305;104513;34.605;30000;9755022851;S
20240305;104514;34.605;20;9755023074;S
20240305;104514;34.605;30;9755023075;S
20240305;104514;34.605;30;9755023095;S
20240305;104514;34.605;30;9755023319;S
20240305;104514;34.605;10;9755023323;S
20240305;104517;34.61;10;9755023803;B
20240305;104520;34.605;6380;9755024185;S
20240305;104520;34.605;7500;9755024186;S
20240305;104520;34.605;21440;9755024187;S
20240305;104520;34.605;700;9755024188;S
20240305;104520;34.605;10;9755024189;S
20240305;104520;34.605;1000;9755024190;S
20240305;104520;34.605;860;9755024197;S
20240305;104520;34.605;30;9755024390;S
20240305;104520;34.605;40;9755024391;S
20240305;104520;34.605;10;9755024402;S
20240305;104520;34.605;20;9755024403;S
20240305;104520;34.605;40;9755024410;S
20240305;104520;34.605;200;9755024430;S
20240305;104520;34.605;10;9755024434;S
20240305;104520;34.605;10;9755024436;S
20240305;104520;34.605;40;9755024456;S
20240305;104520;34.605;40;9755024691;S
20240305;104520;34.605;30;9755024692;S
20240305;104520;34.605;30;9755024693;S
20240305;104520;34.605;430;9755024706;S
20240305;104520;34.605;220;9755024709;S
20240305;104520;34.605;10;9755024710;S
20240305;104520;34.605;1120;9755024760;S
20240305;104520;34.605;2400;9755024763;S
20240305;104520;34.605;7380;9755024765;S
20240305;104520;34.605;5850;9755024790;S
20240305;104520;34.605;330;9755024791;S
20240305;104520;34.605;10;9755024792;S
20240305;104520;34.605;50;9755024793;S
20240305;104520;34.605;20;9755024794;S
20240305;104520;34.605;10;9755024795;S
20240305;104520;34.605;20;9755024796;S
20240305;104520;34.605;20;9755024797;S
20240305;104520;34.6;20;9755024800;S
20240305;104520;34.6;30;9755024801;S
20240305;104520;34.6;10;9755024802;S
20240305;104520;34.6;10;9755024803;S
20240305;104520;34.6;180;9755024804;S
20240305;104520;34.6;10;9755024805;S
20240305;104520;34.6;7280;9755024806;S
20240305;104520;34.6;20;9755024807;S
20240305;104520;34.6;50;9755024808;S
20240305;104520;34.6;50;9755024809;S
20240305;104520;34.6;50;9755024810;S
20240305;104520;34.6;150;9755024811;S
20240305;104520;34.6;10;9755024812;S
20240305;104520;34.6;10;9755024813;S
20240305;104520;34.6;100;9755024814;S
20240305;104520;34.6;100;9755024815;S
20240305;104520;34.6;10;9755024816;S
20240305;104520;34.6;20;9755024817;S
20240305;104520;34.6;3000;9755024818;S
20240305;104520;34.6;20000;9755024819;S
20240305;104520;34.6;20;9755024820;S
20240305;104520;34.6;20;9755024821;S
20240305;104520;34.6;50;9755024822;S
20240305;104520;34.595;10;9755024845;S
20240305;104520;34.595;10;9755024846;S
20240305;104520;34.595;310;9755024847;S
20240305;104520;34.595;330;9755024848;S
20240305;104520;34.595;60;9755024849;S
20240305;104520;34.595;10;9755024850;S
20240305;104520;34.595;20;9755024851;S
20240305;104520;34.595;80;9755024852;S
20240305;104520;34.595;10;9755024853;S
20240305;104520;34.595;1130;9755024854;S
20240305;104520;34.595;30;9755024855;S
20240305;104520;34.59;10;9755024868;S
20240305;104520;34.585;100;9755024869;S
20240305;104520;34.58;40;9755024870;S
20240305;104520;34.58;10;9755024871;S
20240305;104520;34.58;50;9755024872;S
20240305;104520;34.58;10;9755024873;S
20240305;104520;34.58;10;9755024874;S
20240305;104520;34.58;20;9755024875;S
20240305;104520;34.58;100;9755024876;S
20240305;104520;34.58;200;9755024877;S
20240305;104520;34.58;590;9755024878;S
20240305;104520;34.575;100;9755024879;S
20240305;104520;34.575;10;9755024880;S
20240305;104520;34.57;800;9755024881;S
20240305;104520;34.57;150;9755024882;S
20240305;104520;34.57;10;9755024883;S
20240305;104520;34.57;250;9755024884;S
20240305;104520;34.57;90;9755024885;S
20240305;104521;34.57;200;9755024903;S
20240305;104521;34.57;10;9755024929;S
20240305;104521;34.57;10;9755024930;S
20240305;104521;34.57;190;9755024937;S
20240305;104521;34.565;100;9755024938;S
20240305;104521;34.565;260;9755024939;S
20240305;104521;34.565;50;9755024940;S
20240305;104521;34.57;10;9755024974;S
20240305;104521;34.58;20;9755025010;B
20240305;104521;34.57;190;9755025020;S
20240305;104521;34.565;10;9755025021;S
20240305;104521;34.575;200;9755025069;S
20240305;104529;34.585;200;9755026212;B
20240305;104531;34.58;10;9755026450;B
20240305;104532;34.58;10;9755026750;S
20240305;104532;34.575;2800;9755026751;S
20240305;104532;34.575;10;9755026752;S
20240305;104532;34.565;270;9755026753;S
20240305;104532;34.565;280;9755026754;S
20240305;104532;34.565;270;9755026755;S
20240305;104532;34.565;10;9755026756;S
20240305;104532;34.565;100;9755026757;S
20240305;104532;34.565;10;9755026758;S
20240305;104532;34.565;10;9755026759;S
20240305;104532;34.56;13250;9755026760;S
20240305;104532;34.56;1000;9755026761;S
20240305;104535;34.58;10;9755027145;B
20240305;104550;34.56;2000;9755029670;S
20240305;104551;34.56;1270;9755029973;S
20240305;104551;34.56;7290;9755030106;S
20240305;104551;34.56;20;9755030107;S
20240305;104551;34.56;10;9755030108;S
20240305;104551;34.56;10;9755030109;S
20240305;104551;34.56;10;9755030110;S
20240305;104551;34.56;10;9755030111;S
20240305;104551;34.56;10;9755030112;S
20240305;104551;34.56;10;9755030113;S
20240305;104551;34.56;10;9755030114;S
20240305;104551;34.56;10;9755030115;S
20240305;104551;34.56;200;9755030116;S
20240305;104551;34.56;10;9755030117;S
20240305;104551;34.56;20;9755030118;S
20240305;104551;34.56;50;9755030119;S
20240305;104553;34.555;200;9755030329;S
20240305;104553;34.555;10;9755030330;S
20240305;104553;34.555;10;9755030331;S
20240305;104553;34.555;780;9755030332;S
20240305;104553;34.555;160;9755030398;S
20240305;104553;34.555;1430;9755030399;S
20240305;104554;34.555;800;9755030456;S
20240305;104554;34.555;100;9755030457;S
20240305;104557;34.555;1730;9755031070;S
20240305;104557;34.555;10;9755031071;S
20240305;104557;34.555;20;9755031072;S
20240305;104557;34.555;100;9755031073;S
20240305;104557;34.555;80;9755031074;S
20240305;104557;34.555;20;9755031075;S
20240305;104557;34.555;30;9755031076;S
20240305;104557;34.55;10;9755031077;S
20240305;104557;34.55;10;9755031078;S
20240305;104557;34.55;20;9755031079;S
20240305;104557;34.55;30;9755031080;S
20240305;104557;34.55;30;9755031081;S
20240305;104557;34.55;30;9755031082;S
20240305;104557;34.55;20;9755031083;S
20240305;104557;34.55;280;9755031084;S
20240305;104557;34.55;30;9755031085;S
20240305;104557;34.55;10;9755031086;S
20240305;104557;34.55;290;9755031087;S
20240305;104557;34.55;10;9755031088;S
20240305;104557;34.55;10;9755031089;S
20240305;104557;34.55;30;9755031090;S
20240305;104557;34.55;10;9755031091;S
20240305;104557;34.55;30;9755031092;S
20240305;104557;34.55;20;9755031093;S
20240305;104557;34.55;20;9755031094;S
20240305;104557;34.55;20;9755031095;S
20240305;104557;34.55;30;9755031096;S
20240305;104557;34.55;30;9755031097;S
20240305;104557;34.55;30;9755031098;S
20240305;104557;34.55;30;9755031099;S
20240305;104557;34.55;30;9755031100;S
20240305;104557;34.55;30;9755031101;S
20240305;104557;34.55;10;9755031102;S
20240305;104557;34.55;10;9755031103;S
20240305;104557;34.55;20;9755031104;S
20240305;104557;34.55;30;9755031105;S
20240305;104557;34.55;40;9755031106;S
20240305;104557;34.55;30;9755031107;S
20240305;104557;34.55;10;9755031108;S
20240305;104557;34.55;30;9755031109;S
20240305;104557;34.55;10;9755031110;S
20240305;104557;34.55;10;9755031111;S
20240305;104557;34.55;250;9755031112;S
20240305;104557;34.55;10;9755031113;S
20240305;104557;34.55;80;9755031114;S
20240305;104557;34.55;10;9755031115;S
20240305;104557;34.55;30;9755031116;S
20240305;104557;34.55;50;9755031117;S
20240305;104557;34.55;40;9755031118;S
20240305;104557;34.55;250;9755031119;S
20240305;104557;34.55;5000;9755031120;S
20240305;104557;34.55;1000;9755031121;S
20240305;104557;34.55;10;9755031122;S
20240305;104557;34.55;50;9755031123;S
20240305;104557;34.55;40;9755031124;S
20240305;104557;34.55;10;9755031125;S
20240305;104557;34.55;20;9755031126;S
20240305;104557;34.55;10;9755031127;S
20240305;104557;34.55;10;9755031128;S
20240305;104557;34.55;1000;9755031129;S
20240305;104557;34.55;100;9755031130;S
20240305;104557;34.55;20;9755031131;S
20240305;104557;34.545;10;9755031154;S
20240305;104557;34.545;10;9755031155;S
20240305;104557;34.545;10;9755031156;S
20240305;104557;34.545;20;9755031157;S
20240305;104557;34.545;20;9755031158;S
20240305;104557;34.54;100;9755031159;S
20240305;104557;34.54;10;9755031160;S
20240305;104557;34.535;10;9755031161;S
20240305;104557;34.535;1130;9755031162;S
20240305;104557;34.53;10;9755031163;S
20240305;104557;34.53;10;9755031164;S
20240305;104557;34.53;1000;9755031165;S
20240305;104557;34.525;10;9755031166;S
20240305;104557;34.525;30;9755031167;S
20240305;104557;34.525;50;9755031168;S
20240305;104557;34.525;10;9755031169;S
20240305;104557;34.525;100;9755031170;S
20240305;104557;34.525;10;9755031171;S
20240305;104557;34.525;10;9755031172;S
20240305;104557;34.525;100;9755031173;S
20240305;104557;34.525;20;9755031174;S
20240305;104557;34.525;150;9755031175;S
20240305;104557;34.525;170;9755031176;S
20240305;104557;34.535;310;9755031200;S
20240305;104557;34.525;90;9755031201;S
20240305;104557;34.525;300;9755031213;S
20240305;104557;34.525;230;9755031235;S
20240305;104557;34.525;70;9755031236;S
20240305;104557;34.535;10;9755031253;B
20240305;104557;34.535;30;9755031255;B
20240305;104557;34.535;420;9755031261;B
20240305;104557;34.535;450;9755031266;B
20240305;104557;34.535;150;9755031273;B
20240305;104557;34.535;50;9755031274;B
20240305;104557;34.535;10;9755031275;B
20240305;104558;34.535;500;9755031427;B
20240305;104558;34.535;10;9755031431;B
20240305;104558;34.535;2870;9755031433;B
20240305;104558;34.54;8000;9755031434;B
20240305;104558;34.54;670;9755031435;B
20240305;104558;34.55;1000;9755031436;B
20240305;104558;34.555;2460;9755031437;B
20240305;104558;34.55;10;9755031447;B
20240305;104558;34.525;60;9755031453;S
20240305;104558;34.55;560;9755031454;B
20240305;104601;34.545;100;9755031944;B
20240305;104601;34.54;20;9755032021;S
20240305;104601;34.535;30;9755032022;S
20240305;104603;34.53;50;9755032289;S
20240305;104603;34.53;430;9755032290;S
20240305;104603;34.53;20;9755032291;S
20240305;104603;34.53;20;9755032292;S
20240305;104603;34.525;30;9755032293;S
20240305;104603;34.525;650;9755032294;S
20240305;104603;34.525;2880;9755032295;S
20240305;104603;34.525;10;9755032296;S
20240305;104603;34.525;1470;9755032297;S
20240305;104606;34.525;20;9755032829;B
20240305;104607;34.52;40;9755032933;S
20240305;104608;34.52;110;9755032971;S
20240305;104608;34.52;50;9755032972;S
20240305;104608;34.52;700;9755032973;S
20240305;104608;34.52;100;9755032974;S
20240305;104608;34.52;10;9755032975;S
20240305;104608;34.52;9810;9755032976;S
20240305;104608;34.52;190;9755033037;S
20240305;104608;34.52;10;9755033038;S
20240305;104608;34.52;100;9755033039;S
20240305;104608;34.52;500;9755033040;S
20240305;104608;34.52;11860;9755033041;S
20240305;104608;34.52;1820;9755033042;S
20240305;104608;34.52;1500;9755033043;S
20240305;104608;34.52;10;9755033044;S
20240305;104610;34.52;10;9755033298;B
20240305;104611;34.52;90;9755033343;B
20240305;104612;34.52;20;9755033559;B
20240305;104615;34.52;50;9755033898;B
20240305;104615;34.515;400;9755033927;S
20240305;104615;34.515;600;9755033928;S
20240305;104617;34.515;10;9755034116;S
20240305;104619;34.52;10;9755034438;B
20240305;104619;34.515;30;9755034541;S
20240305;104620;34.515;20;9755034601;S
20240305;104627;34.515;1540;9755035703;S
20240305;104627;34.515;100;9755035704;S
20240305;104627;34.515;10;9755035705;S
20240305;104627;34.515;250;9755035706;S
20240305;104628;34.52;100;9755035818;B
20240305;104630;34.515;270;9755036009;S
20240305;104633;34.515;14480;9755036551;S
20240305;104633;34.515;550;9755036552;S
20240305;104633;34.515;20;9755036553;S
20240305;104633;34.515;10;9755036554;S
20240305;104633;34.515;1620;9755036555;S
20240305;104633;34.515;2350;9755036556;S
20240305;104633;34.51;500;9755036557;S
20240305;104633;34.51;30000;9755036558;S
20240305;104633;34.51;1000;9755036559;S
20240305;104633;34.51;10;9755036560;S
20240305;104633;34.51;100;9755036561;S
20240305;104633;34.51;10;9755036562;S
20240305;104633;34.51;1000;9755036563;S
20240305;104633;34.51;11580;9755036564;S
20240305;104633;34.505;10;9755036565;S
20240305;104633;34.505;40;9755036566;S
20240305;104633;34.505;20;9755036567;S
20240305;104633;34.505;100;9755036568;S
20240305;104633;34.505;10;9755036569;S
20240305;104633;34.505;200;9755036570;S
20240305;104633;34.505;680;9755036571;S
20240305;104633;34.505;20;9755036572;S
20240305;104633;34.505;20;9755036573;S
20240305;104633;34.505;50;9755036574;S
20240305;104633;34.505;100;9755036575;S
20240305;104633;34.505;100;9755036576;S
20240305;104633;34.505;200;9755036577;S
20240305;104633;34.505;30;9755036578;S
20240305;104633;34.505;500;9755036579;S
20240305;104633;34.505;200;9755036580;S
20240305;104633;34.505;200;9755036581;S
20240305;104633;34.505;10;9755036582;S
20240305;104633;34.505;1260;9755036583;S
20240305;104633;34.505;1450;9755036636;B
20240305;104634;34.5;10;9755036714;S
20240305;104634;34.5;100;9755036715;S
20240305;104634;34.5;10;9755036716;S
20240305;104634;34.5;10;9755036717;S
20240305;104634;34.5;10;9755036718;S
20240305;104634;34.5;40;9755036719;S
20240305;104634;34.5;10;9755036720;S
20240305;104634;34.5;30;9755036721;S
20240305;104634;34.5;10;9755036722;S
20240305;104634;34.5;30;9755036723;S
20240305;104634;34.5;30;9755036724;S
20240305;104634;34.5;250;9755036725;S
20240305;104634;34.5;10;9755036726;S
20240305;104634;34.5;10;9755036727;S
20240305;104634;34.5;40;9755036728;S
20240305;104634;34.505;300;9755036729;B
20240305;104634;34.5;10;9755036730;S
20240305;104634;34.5;100;9755036731;S
20240305;104634;34.5;10;9755036732;S
20240305;104634;34.5;500;9755036733;S
20240305;104634;34.5;880;9755036734;S
20240305;104634;34.505;10;9755036743;B
20240305;104634;34.505;30;9755036746;B
20240305;104634;34.505;30;9755036754;B
20240305;104634;34.505;10;9755036757;B
20240305;104634;34.5;80;9755036799;S
20240305;104634;34.5;10;9755036824;S
20240305;104634;34.5;30;9755036825;S
20240305;104634;34.5;30;9755036826;S
20240305;104634;34.5;10;9755036827;S
20240305;104634;34.5;30;9755036828;S
20240305;104634;34.5;60;9755036829;S
20240305;104634;34.5;940;9755036840;S
20240305;104634;34.5;10;9755036841;S
20240305;104634;34.5;50;9755036842;S
20240305;104634;34.5;500;9755036843;S
20240305;104634;34.5;50;9755036844;S
20240305;104634;34.5;20;9755036845;S
20240305;104634;34.5;1870;9755036846;S
20240305;104634;34.5;10;9755036847;S
20240305;104634;34.5;700;9755036848;S
20240305;104634;34.5;500;9755036849;S
20240305;104634;34.5;1350;9755036850;S
20240305;104634;34.5;650;9755036852;S
20240305;104634;34.5;10;9755036853;S
20240305;104634;34.5;100;9755036854;S
20240305;104634;34.5;15000;9755036855;S
20240305;104634;34.5;80;9755036856;S
20240305;104634;34.5;10;9755036857;S
20240305;104634;34.5;10;9755036858;S
20240305;104634;34.5;10;9755036859;S
20240305;104634;34.5;200;9755036860;S
20240305;104634;34.5;10;9755036861;S
20240305;104634;34.5;10;9755036862;S
20240305;104634;34.5;2900;9755036863;S
20240305;104634;34.5;10;9755036864;S
20240305;104634;34.5;50;9755036865;S
20240305;104634;34.5;10;9755036866;S
20240305;104634;34.5;10;9755036867;S
20240305;104634;34.5;20;9755036868;S
20240305;104634;34.5;10;9755036869;S
20240305;104634;34.5;5000;9755036870;S
20240305;104634;34.5;1000;9755036871;S
20240305;104634;34.5;10;9755036872;S
20240305;104634;34.5;24890;9755036873;S
20240305;104634;34.5;230;9755036874;S
20240305;104634;34.5;200;9755036877;S
