<DATE>;<TIME>;<LAST>;<VOL>;<ID>;<OPER>
20240514;095958;42.495;10;10355699652;B
20240514;095958;42.495;70;10355699653;S
20240514;095958;42.495;380;10355699654;B
20240514;095958;42.495;620;10355699655;B
20240514;095958;42.495;10;10355699656;B
20240514;095958;42.495;100;10355699657;B
20240514;095958;42.495;160;10355699658;S
20240514;095958;42.495;10;10355699659;S
20240514;095958;42.495;390;10355699660;S
20240514;095958;42.495;20;10355699661;S
20240514;095958;42.495;30;10355699662;S
20240514;095958;42.495;10;10355699663;S
20240514;095958;42.495;10;10355699664;B
20240514;095958;42.495;30;10355699665;B
20240514;095958;42.495;30;10355699666;B
20240514;095958;42.495;10;10355699667;B
20240514;095958;42.495;10;10355699668;B
20240514;095958;42.495;10;10355699669;B
20240514;095958;42.495;10;10355699670;B
20240514;095958;42.495;550;10355699671;B
20240514;095958;42.495;50;10355699672;S
20240514;095958;42.495;60;10355699673;S
20240514;095958;42.495;20;10355699674;S
20240514;095958;42.495;300;10355699675;S
20240514;095958;42.495;40;10355699676;B
20240514;095958;42.495;60;10355699677;B
20240514;095958;42.495;50;10355699678;S
20240514;095958;42.495;30;10355699679;B
20240514;095958;42.495;30;10355699680;S
20240514;095958;42.495;230;10355699681;B
20240514;095958;42.495;10;10355699682;B
20240514;095958;42.495;230;10355699683;B
20240514;095958;42.495;230;10355699684;B
20240514;095958;42.495;50;10355699685;B
20240514;095958;42.495;50;10355699686;B
20240514;100000;42.49;20;10355700030;B
20240514;100001;42.45;100;10355701389;S
20240514;100002;42.49;3540;10355701733;B
20240514;100002;42.49;800;10355701734;B
20240514;100002;42.49;200;10355701735;B
20240514;100002;42.495;130;10355701736;B
20240514;100002;42.495;230;10355701737;B
20240514;100002;42.495;530;10355701738;B
20240514;100002;42.495;3540;10355701739;B
20240514;100002;42.5;230;10355701740;B
20240514;100002;42.5;230;10355701741;B
20240514;100002;42.5;10;10355701742;B
20240514;100002;42.5;10;10355701743;B
20240514;100002;42.5;190;10355701744;B
20240514;100002;42.5;10;10355701745;B
20240514;100002;42.5;90;10355701746;B
20240514;100002;42.5;10;10355701747;B
20240514;100002;42.5;17000;10355701748;B
20240514;100002;42.505;230;10355701749;B
20240514;100002;42.505;230;10355701750;B
20240514;100002;42.505;8470;10355701751;B
20240514;100002;42.51;230;10355701752;B
20240514;100002;42.51;230;10355701753;B
20240514;100002;42.51;240;10355701754;B
20240514;100002;42.51;290;10355702153;S
20240514;100003;42.51;12500;10355702305;S
20240514;100004;42.51;120;10355702753;S
20240514;100004;42.515;230;10355702900;B
20240514;100004;42.515;230;10355702901;B
20240514;100004;42.515;340;10355702902;B
20240514;100004;42.51;10;10355703002;S
20240514;100004;42.51;10;10355703144;S
20240514;100004;42.51;80;10355703145;S
20240514;100004;42.51;30;10355703147;S
20240514;100004;42.52;10;10355703638;B
20240514;100004;42.52;10;10355703639;B
20240514;100004;42.515;30;10355703648;S
20240514;100005;42.52;10;10355703890;B
20240514;100005;42.515;30;10355703901;S
20240514;100005;42.52;10;10355703906;B
20240514;100005;42.52;10;10355703910;B
20240514;100005;42.52;10;10355704211;B
20240514;100005;42.52;10;10355704220;B
20240514;100005;42.52;10;10355704422;B
20240514;100005;42.52;10;10355704426;B
20240514;100005;42.52;10;10355704447;B
20240514;100005;42.515;10;10355704452;S
20240514;100005;42.515;10;10355704650;S
20240514;100005;42.52;30;10355705470;B
20240514;100005;42.52;10;10355705472;B
20240514;100005;42.52;30;10355705552;B
20240514;100005;42.515;40;10355705571;S
20240514;100006;42.52;60;10355705943;B
20240514;100006;42.52;10;10355705944;B
20240514;100006;42.515;30;10355705946;S
20240514;100006;42.515;140;10355705948;S
20240514;100006;42.515;10;10355706106;S
20240514;100006;42.515;30;10355706384;S
20240514;100006;42.52;10;10355706671;B
20240514;100006;42.515;10;10355706672;S
20240514;100006;42.515;60;10355707088;S
20240514;100006;42.515;50;10355707092;S
20240514;100006;42.52;10;10355707097;B
20240514;100006;42.515;200;10355707160;S
20240514;100007;42.52;10;10355707316;B
20240514;100007;42.515;30;10355707320;S
20240514;100007;42.515;500;10355707889;S
20240514;100007;42.52;10;10355707891;B
20240514;100007;42.52;10;10355707893;B
20240514;100007;42.515;30;10355707918;S
20240514;100007;42.52;10;10355708051;B
20240514;100007;42.52;10;10355708055;B
20240514;100007;42.52;10;10355708071;B
20240514;100007;42.515;10;10355708271;S
20240514;100008;42.52;30;10355708541;B
20240514;100008;42.515;10;10355708543;S
20240514;100008;42.515;10;10355708545;S
20240514;100008;42.515;60;10355708548;S
20240514;100008;42.515;200;10355708739;S
20240514;100008;42.515;150;10355708763;S
20240514;100010;42.515;10;10355709432;S
20240514;100010;42.52;100;10355709457;B
20240514;100011;42.52;10;10355710045;B
20240514;100011;42.52;40;10355710046;B
20240514;100012;42.515;500;10355710149;S
20240514;100012;42.515;500;10355710159;S
20240514;100012;42.515;500;10355710160;S
20240514;100012;42.515;500;10355710168;S
20240514;100013;42.515;320;10355710552;S
20240514;100017;42.52;200;10355711194;B
20240514;100023;42.515;600;10355712463;S
20240514;100025;42.515;10;10355712807;S
20240514;100025;42.51;9990;10355712808;S
20240514;100028;42.51;500;10355713705;S
20240514;100029;42.51;5500;10355713836;S
20240514;100031;42.52;60;10355714387;B
20240514;100033;42.51;10;10355714972;S
20240514;100033;42.52;10;10355714973;B
20240514;100034;42.52;50;10355715230;B
20240514;100034;42.525;230;10355715231;B
20240514;100034;42.525;230;10355715232;B
20240514;100034;42.525;5000;10355715233;B
20240514;100034;42.53;230;10355715234;B
20240514;100034;42.535;230;10355715235;B
20240514;100034;42.535;220;10355715236;B
20240514;100034;42.54;230;10355715237;B
20240514;100034;42.54;220;10355715238;B
20240514;100034;42.54;20;10355715239;B
20240514;100034;42.55;10;10355715240;B
20240514;100034;42.55;90;10355715241;B
20240514;100034;42.555;1660;10355715242;B
20240514;100034;42.555;2360;10355715243;B
20240514;100034;42.555;2720;10355715244;B
20240514;100039;42.52;30;10355716036;B
20240514;100043;42.52;10;10355717014;B
20240514;100045;42.51;150;10355717410;S
20240514;100046;42.52;80;10355717575;B
20240514;100047;42.52;20;10355717638;S
20240514;100047;42.515;440;10355717639;S
20240514;100047;42.51;640;10355717640;S
20240514;100050;42.51;250;10355718207;S
20240514;100051;42.515;70;10355718461;S
20240514;100055;42.53;10;10355719513;B
20240514;100100;42.525;550;10355720601;S
20240514;100106;42.525;50;10355722152;S
20240514;100108;42.525;420;10355722405;S
20240514;100113;42.53;60;10355723390;B
20240514;100116;42.525;10;10355723740;S
20240514;100116;42.53;120;10355723801;B
20240514;100116;42.53;540;10355723802;B
20240514;100116;42.525;7430;10355723803;S
20240514;100116;42.525;8460;10355723805;S
20240514;100116;42.52;30;10355723819;S
20240514;100117;42.52;10;10355723876;S
20240514;100117;42.515;20;10355723877;S
20240514;100117;42.515;30;10355723972;S
20240514;100117;42.515;30;10355724037;S
20240514;100125;42.53;20;10355725353;B
20240514;100126;42.535;10;10355725713;B
20240514;100128;42.515;750;10355726075;S
20240514;100128;42.51;11310;10355726076;S
20240514;100128;42.51;1000;10355726077;S
20240514;100128;42.505;450;10355726078;S
20240514;100129;42.485;8460;10355726234;S
20240514;100129;42.47;40;10355726235;S
20240514;100130;42.505;10;10355726401;B
20240514;100140;42.49;30;10355728414;B
20240514;100144;42.49;50;10355729046;B
20240514;100155;42.48;180;10355731437;S
20240514;100157;42.48;1240;10355731979;S
20240514;100204;42.505;10;10355733430;B
20240514;100208;42.495;20;10355734278;S
20240514;100212;42.495;140;10355734976;B
20240514;100222;42.49;20;10355736758;S
20240514;100224;42.495;10;10355737276;B
20240514;100233;42.495;20;10355739106;B
20240514;100234;42.49;50;10355739319;S
20240514;100237;42.485;700;10355739992;B
20240514;100238;42.48;40;10355740112;S
20240514;100241;42.485;30;10355740578;B
20240514;100248;42.475;50;10355741805;B
20240514;100258;42.475;120;10355743701;B
20240514;100306;42.47;10;10355745759;S
20240514;100306;42.47;40;10355745760;S
20240514;100306;42.465;2310;10355745794;S
20240514;100307;42.465;10;10355745933;S
20240514;100310;42.465;80;10355746430;B
20240514;100311;42.465;30;10355746496;S
20240514;100322;42.465;1000;10355748597;S
20240514;100322;42.465;5610;10355748605;S
20240514;100322;42.46;30;10355748606;S
20240514;100322;42.46;180;10355748607;S
20240514;100322;42.46;680;10355748608;S
20240514;100322;42.455;2300;10355748609;S
20240514;100322;42.445;1080;10355748681;B
20240514;100323;42.44;3320;10355748802;S
20240514;100323;42.435;680;10355748803;S
20240514;100323;42.43;1500;10355748804;S
20240514;100324;42.435;900;10355748888;S
20240514;100326;42.43;10;10355749192;S
20240514;100328;42.43;1940;10355749533;S
20240514;100336;42.43;1210;10355751092;S
20240514;100336;42.43;660;10355751093;S
20240514;100336;42.43;10;10355751104;B
20240514;100337;42.425;500;10355751380;S
20240514;100338;42.43;10;10355751826;B
20240514;100342;42.43;180;10355752526;B
20240514;100346;42.43;10;10355753227;B
20240514;100346;42.43;10;10355753265;B
20240514;100357;42.425;600;10355755252;S
20240514;100401;42.425;10;10355755776;B
20240514;100403;42.425;20;10355756227;B
20240514;100412;42.425;10;10355758004;B
20240514;100420;42.425;30;10355759344;B
20240514;100425;42.42;100;10355760406;S
20240514;100425;42.42;10;10355760407;S
20240514;100425;42.42;30;10355760408;S
20240514;100425;42.42;300;10355760409;S
20240514;100425;42.42;540;10355760410;S
20240514;100425;42.415;140;10355760411;S
20240514;100429;42.41;10;10355761079;S
20240514;100429;42.41;100;10355761080;S
20240514;100429;42.41;10;10355761081;S
20240514;100429;42.41;30;10355761082;S
20240514;100429;42.41;20;10355761083;S
20240514;100429;42.41;20;10355761084;S
20240514;100429;42.41;20;10355761085;S
20240514;100429;42.41;4700;10355761086;S
20240514;100429;42.41;700;10355761087;S
20240514;100429;42.41;50;10355761088;S
20240514;100429;42.41;30;10355761089;S
20240514;100429;42.405;300;10355761090;S
20240514;100429;42.405;150;10355761091;S
20240514;100429;42.4;60;10355761092;S
20240514;100429;42.4;30;10355761093;S
20240514;100429;42.4;670;10355761094;S
20240514;100429;42.4;2290;10355761095;S
20240514;100429;42.39;260;10355761126;S
20240514;100429;42.385;80;10355761127;S
20240514;100429;42.38;500;10355761128;S
20240514;100429;42.38;20;10355761129;S
20240514;100429;42.375;30;10355761130;S
20240514;100429;42.37;660;10355761131;S
20240514;100429;42.365;3950;10355761132;S
20240514;100429;42.365;10;10355761193;S
20240514;100430;42.36;40;10355761279;S
20240514;100430;42.355;8490;10355761280;S
20240514;100430;42.35;640;10355761281;S
20240514;100430;42.35;640;10355761282;S
20240514;100430;42.345;2200;10355761283;S
20240514;100430;42.345;1000;10355761284;S
20240514;100430;42.34;100;10355761285;S
20240514;100430;42.34;10000;10355761286;S
20240514;100430;42.335;10;10355761287;S
20240514;100430;42.335;460;10355761288;S
20240514;100430;42.325;140;10355761289;S
20240514;100430;42.32;20;10355761290;S
20240514;100430;42.32;540;10355761291;S
20240514;100430;42.315;140;10355761292;S
20240514;100430;42.3;140;10355761293;S
20240514;100430;42.3;20;10355761294;S
20240514;100430;42.3;200;10355761295;S
20240514;100430;42.3;10;10355761296;S
20240514;100430;42.3;50;10355761297;S
20240514;100430;42.29;1070;10355761298;S
20240514;100430;42.27;10;10355761299;S
20240514;100430;42.265;40;10355761300;S
20240514;100430;42.26;10000;10355761301;S
20240514;100430;42.25;10;10355761302;S
20240514;100430;42.235;150;10355761303;S
20240514;100430;42.23;500;10355761304;S
20240514;100430;42.225;7080;10355761305;S
20240514;100430;42.22;2000;10355761306;S
20240514;100430;42.205;3070;10355761307;S
20240514;100430;42.205;7080;10355761308;S
20240514;100430;42.205;2360;10355761309;S
20240514;100430;42.205;1660;10355761310;S
20240514;100430;42.2;10;10355761311;S
20240514;100430;42.2;10;10355761312;S
20240514;100430;42.2;1500;10355761313;S
20240514;100430;42.2;11580;10355761314;S
20240514;100430;42.2;20;10355761315;S
20240514;100430;42.2;4780;10355761316;S
20240514;100430;42.245;8490;10355761322;B
20240514;100430;42.24;1190;10355761340;B
20240514;100430;42.25;640;10355761344;B
20240514;100430;42.245;1000;10355761346;B
20240514;100430;42.305;40;10355761361;S
20240514;100431;42.335;100;10355761547;B
20240514;100431;42.34;150;10355761548;B
20240514;100431;42.33;10;10355761549;S
20240514;100431;42.31;40;10355761550;S
20240514;100431;42.345;60;10355761569;B
20240514;100431;42.32;10;10355761577;S
20240514;100431;42.315;90;10355761578;S
20240514;100431;42.315;900;10355761579;S
20240514;100431;42.315;2720;10355761580;S
20240514;100431;42.315;1160;10355761581;S
20240514;100431;42.31;1000;10355761582;S
20240514;100431;42.31;2150;10355761583;S
20240514;100431;42.3;8490;10355761584;S
20240514;100431;42.3;4220;10355761585;S
20240514;100431;42.3;150;10355761586;S
20240514;100431;42.295;30;10355761587;S
20240514;100431;42.29;10;10355761588;S
20240514;100431;42.26;9070;10355761589;S
20240514;100431;42.275;1210;10355761606;B
20240514;100431;42.29;10;10355761608;B
20240514;100431;42.29;10;10355761616;B
20240514;100431;42.29;10;10355761617;B
20240514;100431;42.29;10;10355761618;B
20240514;100431;42.29;10;10355761619;B
20240514;100431;42.29;10;10355761620;B
20240514;100431;42.29;820;10355761627;B
20240514;100432;42.29;320;10355761824;B
20240514;100432;42.29;3680;10355761825;B
20240514;100438;42.315;30;10355762959;B
20240514;100438;42.315;20;10355762971;B
20240514;100441;42.315;10;10355763526;B
20240514;100443;42.335;20;10355764048;B
20240514;100444;42.335;10;10355764188;B
20240514;100450;42.335;20;10355764986;B
20240514;100450;42.315;150;10355765002;S
20240514;100453;42.315;1030;10355765878;S
20240514;100453;42.315;630;10355765879;S
20240514;100453;42.315;2140;10355765880;S
20240514;100453;42.315;1000;10355765936;B
20240514;100453;42.315;10;10355765952;B
20240514;100454;42.315;40;10355766005;B
20240514;100456;42.31;10;10355766617;S
20240514;100457;42.315;10;10355766811;B
20240514;100458;42.315;20;10355766958;B
20240514;100458;42.31;10;10355767007;S
20240514;100500;42.315;1430;10355767326;B
20240514;100501;42.31;280;10355767423;S
20240514;100501;42.31;1720;10355767424;S
20240514;100505;42.305;20;10355768033;S
20240514;100505;42.295;30;10355768034;S
20240514;100505;42.295;10;10355768035;S
20240514;100505;42.295;20;10355768036;S
20240514;100505;42.295;10;10355768037;S
20240514;100505;42.29;420;10355768038;S
20240514;100505;42.29;1660;10355768039;S
20240514;100505;42.29;830;10355768040;S
20240514;100507;42.305;10;10355768414;B
20240514;100513;42.285;10;10355769541;S
20240514;100517;42.305;1130;10355770164;B
20240514;100517;42.31;20;10355770226;B
20240514;100518;42.31;130;10355770450;B
20240514;100518;42.285;500;10355770518;S
20240514;100531;42.3;20;10355772675;B
20240514;100532;42.285;680;10355772812;S
20240514;100532;42.28;1200;10355772813;S
20240514;100535;42.28;7310;10355773289;S
20240514;100536;42.265;10;10355773558;S
20240514;100536;42.265;110;10355773559;S
20240514;100538;42.26;10;10355773920;S
20240514;100539;42.28;10;10355774158;B
20240514;100544;42.27;100;10355774853;S
20240514;100544;42.265;680;10355774854;S
20240514;100544;42.265;10;10355774855;S
20240514;100544;42.26;1660;10355774856;S
20240514;100544;42.26;230;10355774857;S
20240514;100548;42.28;10;10355775537;B
20240514;100548;42.265;30;10355775684;S
20240514;100556;42.28;90;10355777032;B
20240514;100558;42.265;10;10355777191;S
20240514;100558;42.265;10;10355777192;S
20240514;100558;42.265;1220;10355777193;S
20240514;100558;42.265;570;10355777207;S
20240514;100559;42.265;110;10355777429;S
20240514;100601;42.28;20;10355778020;B
20240514;100601;42.275;30;10355778055;S
20240514;100605;42.28;20;10355778722;B
20240514;100610;42.27;220;10355779731;S
20240514;100617;42.275;10;10355780909;S
20240514;100620;42.275;1650;10355781283;S
20240514;100620;42.275;750;10355781284;S
20240514;100620;42.275;4600;10355781285;S
20240514;100620;42.275;2960;10355781316;S
20240514;100620;42.27;760;10355781317;S
20240514;100620;42.26;50;10355781318;S
20240514;100620;42.26;1000;10355781319;S
20240514;100620;42.26;10;10355781320;S
20240514;100620;42.255;10;10355781321;S
20240514;100620;42.255;50;10355781322;S
20240514;100620;42.255;2160;10355781323;S
20240514;100626;42.275;30;10355782309;B
20240514;100626;42.275;30;10355782390;B
20240514;100627;42.275;30;10355782443;B
20240514;100627;42.275;30;10355782520;B
20240514;100628;42.26;20;10355782567;S
20240514;100628;42.26;40;10355782568;S
20240514;100628;42.275;30;10355782573;B
20240514;100628;42.275;80;10355782692;B
20240514;100628;42.275;30;10355782696;B
20240514;100629;42.275;30;10355782786;B
20240514;100629;42.275;30;10355782815;B
20240514;100629;42.275;30;10355782906;B
20240514;100630;42.275;30;10355782989;B
20240514;100631;42.275;30;10355783057;B
20240514;100631;42.275;490;10355783058;B
20240514;100631;42.275;430;10355783059;B
20240514;100640;42.28;10;10355784383;B
20240514;100650;42.265;90;10355786058;S
20240514;100656;42.28;120;10355787208;B
20240514;100702;42.28;300;10355788227;B
20240514;100702;42.28;20;10355788346;B
20240514;100709;42.28;10;10355789561;B
20240514;100710;42.28;200;10355789740;B
20240514;100713;42.28;10;10355790109;B
20240514;100713;42.28;200;10355790140;B
20240514;100721;42.27;20;10355791320;B
20240514;100728;42.27;40;10355792364;B
20240514;100728;42.27;860;10355792365;B
20240514;100742;42.275;10;10355794242;B
20240514;100743;42.275;50;10355794411;B
20240514;100744;42.27;2330;10355794528;S
20240514;100744;42.27;10;10355794529;S
20240514;100744;42.27;10;10355794530;S
20240514;100744;42.27;730;10355794531;S
20240514;100744;42.265;10;10355794532;S
20240514;100744;42.26;700;10355794533;S
20240514;100744;42.26;10;10355794534;S
20240514;100744;42.255;3070;10355794535;S
20240514;100744;42.255;2360;10355794536;S
20240514;100744;42.255;480;10355794537;S
20240514;100744;42.255;1660;10355794538;S
20240514;100744;42.255;10;10355794539;S
20240514;100744;42.25;40;10355794540;S
20240514;100744;42.25;10;10355794541;S
20240514;100744;42.25;50;10355794542;S
20240514;100744;42.25;300;10355794543;S
20240514;100744;42.25;10;10355794544;S
20240514;100744;42.25;100;10355794545;S
20240514;100744;42.25;20000;10355794546;S
20240514;100744;42.25;100;10355794547;S
20240514;100744;42.25;4790;10355794548;S
20240514;100744;42.25;70;10355794549;S
20240514;100744;42.25;7250;10355794550;S
20240514;100744;42.25;390;10355794551;S
20240514;100744;42.25;12300;10355794552;S
20240514;100744;42.24;1070;10355794553;S
20240514;100744;42.235;10;10355794554;S
20240514;100744;42.235;190;10355794555;S
20240514;100744;42.235;940;10355794573;B
20240514;100744;42.235;940;10355794576;B
20240514;100744;42.23;30;10355794578;S
20240514;100744;42.23;10;10355794579;S
20240514;100744;42.23;10;10355794580;S
20240514;100744;42.23;110;10355794581;S
20240514;100744;42.235;60;10355794585;B
20240514;100744;42.235;40;10355794586;B
20240514;100744;42.23;40;10355794614;S
20240514;100744;42.23;1350;10355794615;S
20240514;100744;42.23;60;10355794616;S
20240514;100744;42.225;720;10355794617;S
20240514;100744;42.22;100;10355794618;S
20240514;100744;42.22;10;10355794619;S
20240514;100744;42.22;100;10355794620;S
20240514;100744;42.22;30;10355794621;S
20240514;100744;42.215;10;10355794622;S
20240514;100744;42.215;1660;10355794623;S
20240514;100744;42.21;3000;10355794624;S
20240514;100744;42.21;70;10355794625;S
20240514;100744;42.21;60;10355794626;S
20240514;100744;42.205;10;10355794627;S
20240514;100744;42.205;750;10355794628;S
20240514;100744;42.2;9030;10355794629;S
20240514;100744;42.2;30;10355794630;S
20240514;100744;42.2;10;10355794631;S
20240514;100744;42.2;50;10355794632;S
20240514;100744;42.2;1500;10355794633;S
20240514;100744;42.2;1200;10355794634;S
20240514;100744;42.2;120;10355794635;S
20240514;100744;42.2;10;10355794636;S
20240514;100744;42.2;90;10355794637;S
20240514;100744;42.2;30;10355794638;S
20240514;100744;42.23;570;10355794681;B
20240514;100744;42.23;1000;10355794682;B
20240514;100744;42.235;600;10355794683;B
20240514;100744;42.235;40000;10355794684;B
20240514;100744;42.235;720;10355794685;B
20240514;100744;42.235;5000;10355794686;B
20240514;100744;42.235;140;10355794687;B
20240514;100744;42.24;1300;10355794688;B
20240514;100744;42.24;800;10355794689;B
20240514;100744;42.245;10000;10355794690;B
20240514;100744;42.245;1880;10355794691;B
20240514;100744;42.25;1000;10355794692;B
20240514;100744;42.26;1070;10355794693;B
20240514;100744;42.28;5000;10355794694;B
20240514;100744;42.28;1520;10355794695;B
20240514;100745;42.275;90;10355794748;S
20240514;100745;42.255;1000;10355794750;S
20240514;100745;42.25;800;10355794751;S
20240514;100745;42.25;10;10355794752;S
20240514;100745;42.25;700;10355794753;S
20240514;100745;42.245;1660;10355794754;S
20240514;100745;42.24;1180;10355794755;S
20240514;100745;42.24;2360;10355794756;S
20240514;100745;42.235;9290;10355794757;S
20240514;100747;42.225;20;10355794990;B
20240514;100749;42.215;30;10355795293;S
20240514;100749;42.21;90;10355795294;S
20240514;100749;42.21;680;10355795295;S
20240514;100749;42.205;160;10355795296;S
20240514;100749;42.205;10;10355795297;S
20240514;100749;42.205;10;10355795298;S
20240514;100749;42.205;670;10355795299;S
20240514;100750;42.21;40;10355795449;B
20240514;100750;42.215;60;10355795450;B
20240514;100755;42.22;360;10355796138;B
20240514;100755;42.23;140;10355796152;B
20240514;100759;42.21;10;10355796876;S
20240514;100759;42.21;10;10355796877;S
20240514;100759;42.21;100;10355796878;S
20240514;100759;42.205;10;10355796879;S
20240514;100759;42.205;120;10355796880;S
20240514;100804;42.215;70;10355798178;B
20240514;100808;42.215;1170;10355798739;B
20240514;100808;42.215;5500;10355798740;B
20240514;100808;42.22;1190;10355798741;B
20240514;100808;42.22;660;10355798742;B
20240514;100808;42.22;1000;10355798743;B
20240514;100808;42.235;10;10355798744;B
20240514;100808;42.24;470;10355798745;B
20240514;100814;42.215;10;10355799768;S
20240514;100830;42.24;10;10355802496;B
20240514;100835;42.23;60;10355803046;S
20240514;100838;42.24;60;10355803579;B
20240514;100841;42.23;60;10355804071;S
20240514;100841;42.23;30;10355804149;S
20240514;100841;42.23;10;10355804150;S
20240514;100841;42.23;260;10355804151;S
20240514;100842;42.24;50;10355804210;B
20240514;100843;42.23;40;10355804357;S
20240514;100843;42.24;20;10355804453;B
20240514;100854;42.235;10;10355806135;S
20240514;100858;42.24;50;10355806798;B
20240514;100904;42.24;50;10355807861;B
20240514;100906;42.24;10;10355808153;B
20240514;100908;42.24;800;10355808416;B
20240514;100908;42.24;2000;10355808417;B
20240514;100908;42.24;70;10355808418;B
20240514;100919;42.255;40;10355809847;B
20240514;100931;42.265;100;10355811407;B
20240514;100931;42.27;740;10355811408;B
20240514;100931;42.27;620;10355811409;B
20240514;100931;42.27;540;10355811410;B
20240514;100946;42.28;50;10355813488;B
20240514;100950;42.28;10;10355814002;B
20240514;100954;42.28;420;10355815098;B
20240514;100954;42.28;780;10355815183;S
20240514;100954;42.28;20;10355815184;S
20240514;100958;42.275;1240;10355815822;S
20240514;101008;42.285;10;10355817438;B
20240514;101012;42.285;10;10355817896;B
20240514;101013;42.28;10;10355818011;S
20240514;101014;42.28;20;10355818107;S
20240514;101020;42.285;10;10355819079;B
20240514;101024;42.28;170;10355819612;S
20240514;101024;42.28;700;10355819613;S
20240514;101024;42.28;130;10355819614;S
20240514;101025;42.285;10;10355819802;B
20240514;101029;42.285;60;10355820512;B
20240514;101051;42.29;200;10355824265;B
20240514;101051;42.29;100;10355824266;B
20240514;101057;42.29;240;10355824967;B
20240514;101106;42.29;350;10355826455;B
20240514;101106;42.29;2650;10355826456;B
20240514;101107;42.29;300;10355826832;S
20240514;101110;42.29;1500;10355827204;S
20240514;101111;42.3;20;10355827409;B
20240514;101113;42.3;60;10355827628;B
20240514;101113;42.3;90;10355827629;B
20240514;101113;42.3;230;10355827633;B
20240514;101113;42.3;400;10355827634;B
20240514;101113;42.3;1240;10355827635;B
20240514;101113;42.305;10;10355827675;B
20240514;101114;42.305;30;10355827748;B
20240514;101120;42.31;30;10355828653;B
20240514;101120;42.31;20;10355828703;B
20240514;101120;42.31;10;10355828704;B
20240514;101121;42.31;30;10355828748;B
20240514;101121;42.31;30;10355828858;B
20240514;101122;42.31;30;10355828903;B
20240514;101122;42.31;30;10355828983;B
20240514;101122;42.31;30;10355829032;B
20240514;101123;42.31;30;10355829068;B
20240514;101124;42.31;30;10355829206;B
20240514;101129;42.305;10;10355830006;S
20240514;101129;42.305;30;10355830007;S
20240514;101131;42.3;30;10355830275;S
20240514;101134;42.3;10;10355830850;S
20240514;101137;42.3;10;10355831271;S
20240514;101138;42.3;10;10355831486;S
20240514;101140;42.31;10;10355831840;S
20240514;101143;42.31;500;10355832272;S
20240514;101155;42.325;100;10355833814;S
20240514;101157;42.325;10;10355834155;S
20240514;101200;42.32;220;10355834438;B
20240514;101201;42.32;20;10355834567;B
20240514;101201;42.32;7000;10355834572;B
20240514;101204;42.315;30;10355835218;S
20240514;101207;42.32;30;10355836068;B
20240514;101212;42.32;70;10355837158;B
20240514;101213;42.315;10;10355837357;S
20240514;101213;42.31;50;10355837358;S
20240514;101213;42.31;50;10355837359;S
20240514;101213;42.31;190;10355837360;S
20240514;101227;42.32;10;10355839439;B
20240514;101227;42.32;100;10355839457;B
20240514;101229;42.315;150;10355839794;B
20240514;101234;42.31;50;10355840524;S
20240514;101243;42.31;10;10355841987;S
20240514;101244;42.315;2000;10355842111;B
20240514;101244;42.31;290;10355842172;S
20240514;101244;42.31;50;10355842173;S
20240514;101244;42.31;4660;10355842174;S
20240514;101308;42.315;10;10355845849;B
20240514;101308;42.315;10;10355845926;B
20240514;101318;42.31;160;10355847508;S
20240514;101330;42.315;20;10355849087;B
20240514;101337;42.315;1810;10355850091;B
20240514;101337;42.315;2340;10355850092;B
20240514;101337;42.315;7600;10355850093;B
20240514;101337;42.31;160;10355850096;S
20240514;101337;42.315;2360;10355850161;S
20240514;101337;42.315;790;10355850162;S
20240514;101337;42.315;2350;10355850163;S
20240514;101358;42.315;1240;10355852825;S
20240514;101358;42.315;1230;10355852843;S
20240514;101359;42.32;1300;10355853071;B
20240514;101404;42.315;20;10355853854;S
20240514;101404;42.315;120;10355853855;S
20240514;101406;42.315;10;10355854096;S
20240514;101417;42.32;50;10355855392;B
20240514;101422;42.32;500;10355855891;B
20240514;101422;42.32;10;10355855934;B
20240514;101426;42.315;2230;10355856602;S
20240514;101426;42.315;930;10355856603;S
20240514;101426;42.315;10;10355856604;S
20240514;101426;42.31;670;10355856605;S
20240514;101426;42.31;5150;10355856606;S
20240514;101426;42.31;14490;10355856607;S
20240514;101426;42.31;300;10355856608;S
20240514;101426;42.31;20;10355856609;S
20240514;101426;42.305;1990;10355856610;S
20240514;101426;42.305;20;10355856611;S
20240514;101426;42.3;30;10355856612;S
20240514;101426;42.3;25000;10355856613;S
20240514;101426;42.3;20;10355856614;S
20240514;101426;42.3;10;10355856615;S
20240514;101426;42.3;20;10355856616;S
20240514;101426;42.3;30;10355856617;S
20240514;101426;42.295;100;10355856618;S
20240514;101426;42.29;10;10355856623;S
20240514;101426;42.29;90;10355856624;S
20240514;101426;42.285;40;10355856625;S
20240514;101426;42.285;10;10355856626;S
20240514;101427;42.28;20;10355856685;S
20240514;101427;42.28;10;10355856686;S
20240514;101427;42.28;370;10355856687;S
20240514;101427;42.275;20;10355856688;S
20240514;101427;42.275;1100;10355856689;S
20240514;101427;42.27;10;10355856690;S
20240514;101427;42.27;100;10355856691;S
20240514;101427;42.265;20;10355856692;S
20240514;101427;42.265;790;10355856693;S
20240514;101427;42.26;10;10355856694;S
20240514;101427;42.26;1000;10355856695;S
20240514;101427;42.26;2360;10355856696;S
20240514;101427;42.26;2670;10355856697;S
20240514;101427;42.255;5000;10355856698;S
20240514;101427;42.25;50;10355856699;S
20240514;101427;42.25;20;10355856700;S
20240514;101427;42.25;190;10355856701;S
20240514;101427;42.25;10;10355856702;S
20240514;101427;42.24;100;10355856703;S
20240514;101427;42.24;5150;10355856704;S
20240514;101433;42.245;10;10355857888;B
20240514;101448;42.25;800;10355859948;B
20240514;101451;42.245;2990;10355860317;S
20240514;101451;42.245;1380;10355860318;S
20240514;101451;42.24;10;10355860319;S
20240514;101451;42.235;10;10355860320;S
20240514;101451;42.235;110;10355860321;S
20240514;101455;42.245;10;10355861097;S
20240514;101505;42.235;10;10355863315;S
20240514;101507;42.245;10;10355864028;B
20240514;101507;42.245;90;10355864029;B
20240514;101520;42.24;10;10355867063;S
20240514;101520;42.24;120;10355867064;S
20240514;101526;42.24;10;10355868182;S
20240514;101532;42.245;10;10355869550;B
20240514;101538;42.24;290;10355870558;S
20240514;101538;42.24;720;10355870559;S
20240514;101538;42.235;1490;10355870560;S
20240514;101547;42.245;4000;10355872342;B
20240514;101547;42.245;1000;10355872343;B
20240514;101554;42.235;10;10355873437;S
20240514;101558;42.235;60;10355874409;S
20240514;101558;42.235;1190;10355874410;S
20240514;101558;42.25;10;10355874427;B
20240514;101602;42.25;1660;10355875170;B
20240514;101602;42.25;1000;10355875171;B
20240514;101602;42.255;710;10355875172;B
20240514;101602;42.255;1630;10355875173;B
20240514;101606;42.26;50;10355875704;B
20240514;101610;42.265;100;10355876297;B
20240514;101617;42.26;690;10355877537;B
20240514;101617;42.265;1660;10355877538;B
20240514;101617;42.27;1100;10355877539;B
20240514;101617;42.27;1000;10355877540;B
20240514;101617;42.27;3500;10355877541;B
20240514;101622;42.28;10;10355878641;S
20240514;101622;42.28;10;10355878642;S
20240514;101622;42.275;40;10355878643;S
20240514;101624;42.285;60;10355878892;B
20240514;101627;42.275;30;10355879489;S
20240514;101639;42.29;10;10355882081;B
20240514;101643;42.285;30;10355882858;S
20240514;101652;42.285;10;10355884356;S
20240514;101652;42.285;20;10355884357;S
20240514;101652;42.29;90;10355884440;B
20240514;101652;42.29;50;10355884441;B
20240514;101654;42.29;1610;10355884698;B
20240514;101654;42.295;240;10355884699;B
20240514;101654;42.295;10;10355884768;B
20240514;101656;42.285;40;10355885001;S
20240514;101656;42.285;390;10355885002;S
20240514;101705;42.275;100;10355886559;S
20240514;101705;42.275;400;10355886560;S
20240514;101705;42.275;10;10355886624;S
20240514;101729;42.285;70;10355891110;B
20240514;101729;42.285;1660;10355891111;B
20240514;101745;42.29;10;10355894000;B
20240514;101745;42.29;20;10355894036;B
20240514;101753;42.29;10;10355895594;B
20240514;101753;42.295;90;10355895595;B
20240514;101756;42.285;270;10355896310;S
20240514;101756;42.285;100;10355896311;S
20240514;101756;42.285;660;10355896312;S
20240514;101756;42.28;1510;10355896313;S
20240514;101756;42.275;10;10355896314;S
20240514;101756;42.275;2360;10355896315;S
20240514;101756;42.275;100;10355896316;S
20240514;101756;42.27;94540;10355896317;S
20240514;101756;42.27;440;10355896318;S
20240514;101756;42.27;10;10355896319;S
20240514;101757;42.275;160;10355896412;S
20240514;101757;42.275;2360;10355896413;S
20240514;101757;42.27;28480;10355896414;S
20240514;101803;42.275;10;10355897549;B
20240514;101808;42.275;10;10355898434;B
20240514;101810;42.27;160;10355898689;S
20240514;101810;42.27;40;10355898692;S
20240514;101814;42.275;1220;10355899402;B
20240514;101814;42.275;660;10355899403;B
20240514;101814;42.275;1920;10355899404;B
20240514;101817;42.29;1500;10355899939;B
20240514;101818;42.29;80;10355900052;B
20240514;101823;42.295;50;10355900592;B
20240514;101829;42.29;5000;10355901682;S
20240514;101829;42.285;690;10355901683;S
20240514;101829;42.275;40;10355901684;S
20240514;101829;42.275;1660;10355901685;S
20240514;101829;42.27;343830;10355901686;S
20240514;101829;42.27;60;10355901687;S
20240514;101829;42.27;1000;10355901688;S
20240514;101829;42.27;1180;10355901689;S
20240514;101829;42.265;10;10355901690;S
20240514;101829;42.25;50;10355901691;S
20240514;101829;42.245;300;10355901692;S
20240514;101829;42.245;1500;10355901693;S
20240514;101829;42.24;1070;10355901694;S
20240514;101829;42.235;100;10355901695;S
20240514;101829;42.235;2360;10355901696;S
20240514;101829;42.235;3070;10355901697;S
20240514;101829;42.235;8510;10355901698;S
20240514;101829;42.23;50;10355901699;S
20240514;101829;42.23;23690;10355901700;S
20240514;101829;42.23;200;10355901701;S
20240514;101829;42.23;50;10355901702;S
20240514;101829;42.23;20;10355901703;S
20240514;101829;42.23;30;10355901704;S
20240514;101829;42.22;10;10355901705;S
20240514;101829;42.22;80;10355901706;S
20240514;101829;42.22;20;10355901707;S
20240514;101829;42.22;150;10355901708;S
20240514;101829;42.22;1000;10355901709;S
20240514;101829;42.215;4140;10355901710;S
20240514;101829;42.215;30;10355901711;S
20240514;101829;42.215;40270;10355901712;S
20240514;101829;42.215;10;10355901713;S
20240514;101829;42.215;10;10355901714;S
20240514;101829;42.215;20;10355901715;S
20240514;101829;42.21;30;10355901716;S
20240514;101829;42.21;2000;10355901717;S
20240514;101829;42.205;800;10355901718;S
20240514;101829;42.205;10;10355901719;S
20240514;101829;42.205;800;10355901720;S
20240514;101829;42.205;500;10355901721;S
20240514;101829;42.2;344150;10355901722;S
20240514;101829;42.2;90;10355901723;S
20240514;101829;42.2;60;10355901724;S
20240514;101829;42.2;50;10355901725;S
20240514;101829;42.2;2000;10355901726;S
20240514;101829;42.2;50;10355901727;S
20240514;101829;42.2;10;10355901728;S
20240514;101829;42.2;30;10355901729;S
20240514;101829;42.2;10;10355901730;S
20240514;101829;42.2;10;10355901731;S
20240514;101829;42.23;10;10355901739;S
20240514;101829;42.21;1660;10355901740;S
20240514;101829;42.2;71980;10355901741;S
20240514;101829;42.2;1000;10355901742;S
20240514;101832;42.235;20;10355902153;B
20240514;101835;42.23;10;10355902543;B
20240514;101848;42.235;100;10355904325;S
20240514;101850;42.24;660;10355904642;B
20240514;101850;42.245;340;10355904643;B
20240514;101855;42.235;180;10355905558;S
20240514;101901;42.235;20;10355906879;S
20240514;101901;42.23;50;10355906880;S
20240514;101901;42.23;100;10355906881;S
20240514;101901;42.225;70;10355906882;S
20240514;101902;42.24;10;10355907185;B
20240514;101905;42.24;90;10355907716;B
20240514;101906;42.24;20;10355907833;B
20240514;101909;42.24;20;10355908117;B
20240514;101909;42.235;100;10355908340;S
20240514;101909;42.225;70;10355908341;S
20240514;101914;42.24;10;10355908883;B
20240514;101915;42.235;100;10355909086;B
20240514;101916;42.225;30;10355909115;S
20240514;101916;42.225;10;10355909116;S
20240514;101916;42.225;110;10355909117;S
20240514;101916;42.235;30;10355909134;B
20240514;101920;42.225;10;10355909590;B
20240514;101921;42.225;160;10355909710;B
20240514;101921;42.225;1840;10355909711;B
20240514;101927;42.22;10;10355910310;S
20240514;101927;42.22;370;10355910311;S
20240514;101927;42.22;100;10355910312;S
20240514;101928;42.22;50;10355910503;B
20240514;101930;42.22;10;10355911031;B
20240514;101930;42.22;10;10355911169;B
20240514;101934;42.22;10;10355911780;B
20240514;101937;42.22;30;10355912081;B
20240514;101938;42.215;30;10355912349;S
20240514;101938;42.22;100;10355912355;B
20240514;101940;42.22;10;10355912598;B
20240514;101941;42.22;30;10355912719;B
20240514;101941;42.22;20;10355912745;B
20240514;101941;42.22;10;10355912818;B
20240514;101943;42.22;10;10355912991;B
20240514;101944;42.215;70;10355913065;S
20240514;101944;42.215;500;10355913066;S
20240514;101944;42.215;500;10355913067;S
20240514;101944;42.215;630;10355913068;S
20240514;101944;42.21;1660;10355913069;S
20240514;101944;42.21;100;10355913070;S
20240514;101944;42.205;6260;10355913071;S
20240514;101944;42.205;10;10355913072;S
20240514;101944;42.2;270;10355913073;S
20240514;101947;42.205;1660;10355913457;S
20240514;101947;42.205;620;10355913458;S
20240514;101947;42.2;8630;10355913459;S
20240514;101947;42.2;1000;10355913460;S
20240514;101947;42.2;90;10355913461;S
20240514;101948;42.2;6500;10355913522;S
20240514;101958;42.205;1240;10355914960;S
20240514;102001;42.21;100;10355915445;B
20240514;102007;42.21;1100;10355916256;B
20240514;102018;42.21;20;10355918636;B
20240514;102021;42.21;440;10355919181;B
20240514;102022;42.21;100;10355919467;B
20240514;102022;42.21;140;10355919468;B
20240514;102022;42.21;560;10355919469;B
20240514;102026;42.205;100;10355920074;S
20240514;102027;42.21;20;10355920144;B
20240514;102034;42.2;10;10355923509;S
20240514;102034;42.205;1370;10355924085;B
20240514;102034;42.205;2630;10355924086;B
20240514;102044;42.205;500;10355925403;S
20240514;102044;42.205;620;10355925404;S
20240514;102044;42.205;100;10355925405;S
20240514;102048;42.205;50;10355927624;B
20240514;102048;42.205;200;10355928439;B
20240514;102051;42.205;100;10355928691;B
20240514;102053;42.205;10;10355929010;B
20240514;102059;42.2;150;10355930903;S
20240514;102111;42.2;80;10355935176;S
20240514;102114;42.205;20;10355935643;B
20240514;102114;42.2;150;10355935649;S
20240514;102116;42.205;670;10355935815;B
20240514;102116;42.205;70;10355935816;B
20240514;102116;42.21;120;10355935817;B
20240514;102116;42.21;90;10355935818;B
20240514;102116;42.21;50;10355935819;B
20240514;102122;42.21;10;10355936936;B
20240514;102124;42.205;10;10355937751;S
20240514;102133;42.21;130;10355940890;B
20240514;102133;42.215;60;10355940891;B
20240514;102133;42.215;4000;10355940892;B
20240514;102133;42.215;620;10355940893;B
20240514;102133;42.22;1190;10355940894;B
20240514;102133;42.22;25000;10355940895;B
20240514;102133;42.22;40;10355940896;B
20240514;102133;42.22;1000;10355940897;B
20240514;102133;42.225;10;10355940898;B
20240514;102133;42.23;2850;10355940899;B
20240514;102133;42.22;140;10355940901;S
20240514;102133;42.22;140;10355940903;S
20240514;102133;42.25;30;10355940905;B
20240514;102133;42.22;140;10355940908;S
20240514;102133;42.22;140;10355940910;S
20240514;102133;42.22;140;10355940914;S
20240514;102133;42.22;140;10355940926;S
20240514;102133;42.225;1660;10355940941;S
20240514;102133;42.22;610;10355940942;S
20240514;102133;42.22;850;10355940943;S
20240514;102133;42.22;1000;10355940944;S
20240514;102133;42.215;890;10355940945;S
20240514;102133;42.215;10;10355940946;S
20240514;102133;42.205;260;10355940947;S
20240514;102133;42.205;720;10355940948;S
20240514;102133;42.21;140;10355940959;S
20240514;102133;42.21;20;10355940970;S
20240514;102138;42.24;10;10355942060;B
20240514;102151;42.24;10;10355945238;B
20240514;102154;42.22;10;10355946710;S
20240514;102156;42.215;10;10355946935;S
20240514;102158;42.215;10;10355947302;S
20240514;102159;42.21;10;10355947427;S
20240514;102200;42.21;10;10355948091;S
20240514;102202;42.21;10;10355948961;S
20240514;102203;42.215;10;10355949132;S
20240514;102204;42.21;100;10355949389;S
20240514;102204;42.21;10;10355949423;S
20240514;102205;42.21;10;10355949504;S
20240514;102210;42.21;440;10355950783;S
20240514;102210;42.21;500;10355950784;S
20240514;102210;42.21;80;10355950785;S
20240514;102210;42.205;80;10355950786;S
20240514;102210;42.205;600;10355950787;S
20240514;102210;42.2;16470;10355950788;S
20240514;102210;42.2;10;10355950789;S
20240514;102210;42.2;20;10355950790;S
20240514;102210;42.2;100;10355950791;S
20240514;102210;42.2;90;10355950792;S
20240514;102210;42.2;500;10355950793;S
20240514;102210;42.2;80;10355950794;S
20240514;102210;42.2;20;10355950795;S
20240514;102210;42.2;10;10355950796;S
20240514;102210;42.205;1660;10355950806;S
20240514;102210;42.2;4240;10355950807;S
20240514;102210;42.2;600;10355950808;S
20240514;102214;42.215;50;10355951821;B
20240514;102240;42.205;10;10355959129;S
20240514;102240;42.2;90;10355959130;S
20240514;102242;42.205;10;10355959693;B
20240514;102243;42.205;940;10355960244;B
20240514;102247;42.2;10;10355961363;S
20240514;102248;42.2;10;10355961611;S
20240514;102250;42.2;10;10355961861;S
20240514;102251;42.2;10;10355962160;S
20240514;102252;42.2;30;10355962472;S
20240514;102252;42.2;10;10355962519;S
20240514;102258;42.21;30;10355963994;B
20240514;102259;42.2;10;10355965247;S
20240514;102300;42.21;10;10355965443;S
20240514;102302;42.21;50;10355967320;S
20240514;102303;42.21;190;10355967464;S
20240514;102303;42.205;610;10355967465;S
20240514;102303;42.205;360;10355967466;S
20240514;102303;42.2;840;10355967467;S
20240514;102314;42.21;10;10355969948;B
20240514;102318;42.21;40;10355971274;B
20240514;102318;42.21;10;10355971309;B
20240514;102320;42.21;100;10355972412;B
20240514;102326;42.21;10;10355973591;B
20240514;102328;42.21;10;10355974082;B
20240514;102329;42.215;70;10355974683;B
20240514;102331;42.21;10;10355975735;B
20240514;102338;42.21;40;10355976999;B
20240514;102338;42.21;10;10355977003;B
20240514;102338;42.205;10;10355977068;S
20240514;102340;42.21;10;10355977764;B
20240514;102349;42.215;30;10355981542;B
20240514;102350;42.215;30;10355981602;B
20240514;102355;42.215;1000;10355982724;B
20240514;102357;42.21;10;10355983380;S
20240514;102357;42.21;1230;10355983381;S
20240514;102358;42.215;50;10355983444;B
20240514;102359;42.21;1240;10355983475;S
20240514;102359;42.215;10;10355983903;B
20240514;102359;42.215;10;10355983926;B
20240514;102409;42.215;30;10355986951;B
20240514;102410;42.21;30;10355987063;S
20240514;102411;42.21;10;10355987118;S
20240514;102411;42.215;100;10355987149;B
20240514;102411;42.215;440;10355987150;B
20240514;102411;42.215;7000;10355987151;B
20240514;102411;42.22;650;10355987152;B
20240514;102411;42.22;620;10355987153;B
20240514;102411;42.225;1000;10355987154;B
20240514;102411;42.23;8520;10355987155;B
20240514;102411;42.24;20;10355987156;B
20240514;102411;42.245;20;10355987157;B
20240514;102411;42.245;1000;10355987158;B
20240514;102411;42.245;800;10355987159;B
20240514;102411;42.25;20;10355987160;B
20240514;102411;42.25;1070;10355987161;B
20240514;102411;42.255;20;10355987162;B
20240514;102411;42.255;7080;10355987163;B
20240514;102411;42.26;20;10355987164;B
20240514;102411;42.27;7080;10355987165;B
20240514;102411;42.275;1660;10355987166;B
20240514;102411;42.275;11180;10355987167;B
20240514;102411;42.28;12520;10355987168;B
20240514;102411;42.29;3070;10355987169;B
20240514;102411;42.295;300;10355987170;B
20240514;102412;42.25;1660;10355987229;S
20240514;102412;42.245;710;10355987230;S
20240514;102412;42.245;330;10355987231;S
20240514;102412;42.245;1000;10355987232;S
20240514;102412;42.245;630;10355987233;S
20240514;102412;42.24;7080;10355987234;S
20240514;102412;42.235;2590;10355987235;S
20240514;102414;42.26;10;10355987532;B
20240514;102419;42.26;1300;10355989711;B
20240514;102423;42.265;10;10355991019;B
20240514;102433;42.25;190;10355993854;S
20240514;102446;42.265;10;10355997428;B
20240514;102453;42.25;50;10355998818;S
20240514;102458;42.255;10;10356000442;B
20240514;102458;42.255;10;10356000443;B
20240514;102505;42.255;50;10356001821;B
20240514;102506;42.255;60;10356002026;B
20240514;102508;42.255;10;10356002321;B
20240514;102509;42.255;1250;10356002827;B
20240514;102532;42.25;30;10356009292;S
20240514;102532;42.25;10;10356009351;S
20240514;102532;42.25;30;10356009401;S
20240514;102533;42.25;30;10356010003;S
20240514;102534;42.25;30;10356010676;S
20240514;102535;42.25;30;10356010800;S
20240514;102535;42.25;30;10356010876;S
20240514;102535;42.25;30;10356010888;S
20240514;102536;42.255;70;10356010953;B
20240514;102536;42.25;30;10356010954;S
20240514;102536;42.25;30;10356010993;S
20240514;102537;42.25;2810;10356011096;S
20240514;102537;42.235;30;10356011335;S
20240514;102556;42.225;100;10356017995;S
20240514;102556;42.225;10;10356017996;S
20240514;102558;42.21;1240;10356018226;S
20240514;102604;42.215;20;10356020721;B
20240514;102605;42.21;30;10356020820;S
20240514;102609;42.21;10;10356021621;S
20240514;102617;42.21;10;10356024634;S
20240514;102622;42.215;10;10356025277;B
20240514;102624;42.21;100;10356025834;S
20240514;102624;42.21;10;10356026588;S
20240514;102627;42.21;2600;10356027785;S
20240514;102631;42.21;10;10356029555;S
20240514;102631;42.215;30;10356029602;B
20240514;102632;42.21;10;10356029742;S
20240514;102633;42.21;480;10356029787;S
20240514;102635;42.21;490;10356030228;S
20240514;102635;42.21;10;10356030229;S
20240514;102636;42.21;20;10356030369;S
20240514;102638;42.21;720;10356031074;S
20240514;102638;42.21;10;10356031075;S
20240514;102638;42.21;50;10356031076;S
20240514;102638;42.21;1300;10356031077;S
20240514;102638;42.205;40;10356031084;S
20240514;102638;42.205;10;10356031085;S
20240514;102638;42.205;200;10356031086;S
20240514;102638;42.2;250;10356031087;S
20240514;102641;42.205;40;10356032020;B
20240514;102642;42.205;10;10356032077;B
20240514;102648;42.2;50;10356033269;S
20240514;102652;42.2;50;10356035129;S
20240514;102654;42.2;50;10356035354;S
20240514;102655;42.215;10;10356035504;B
20240514;102655;42.2;50;10356035533;S
20240514;102658;42.2;50;10356035975;S
20240514;102711;42.2;40;10356040012;S
20240514;102711;42.2;50;10356041063;S
20240514;102713;42.2;10;10356041371;S
20240514;102715;42.2;1590;10356041655;S
20240514;102715;42.2;40;10356041656;S
20240514;102715;42.2;1870;10356041657;S
20240514;102715;42.2;130;10356041805;S
20240514;102715;42.2;50;10356041806;S
20240514;102715;42.2;40;10356041807;S
20240514;102715;42.2;50;10356041808;S
20240514;102715;42.2;10;10356041809;S
20240514;102715;42.2;50;10356041810;S
20240514;102715;42.2;10;10356041811;S
20240514;102715;42.2;90;10356041812;S
20240514;102715;42.2;120;10356041813;S
20240514;102715;42.2;1000;10356041814;S
20240514;102715;42.2;30;10356041815;S
20240514;102715;42.2;40;10356041816;S
20240514;102715;42.2;4380;10356041817;S
20240514;102716;42.2;1000;10356042093;S
20240514;102718;42.2;120;10356042337;S
20240514;102721;42.205;100;10356044352;B
20240514;102723;42.2;4600;10356045192;S
20240514;102723;42.2;4600;10356045193;S
20240514;102723;42.2;450;10356045194;S
20240514;102723;42.2;450;10356045195;S
20240514;102723;42.2;450;10356045196;S
20240514;102723;42.2;220;10356045197;S
20240514;102723;42.2;450;10356045198;S
20240514;102723;42.2;450;10356045199;S
20240514;102723;42.2;450;10356045200;S
20240514;102723;42.2;450;10356045201;S
20240514;102723;42.2;3030;10356045202;S
20240514;102723;42.2;4600;10356045203;S
20240514;102723;42.2;4150;10356045204;S
20240514;102723;42.2;500;10356045205;S
20240514;102723;42.195;10;10356045206;S
20240514;102723;42.195;10;10356045207;S
20240514;102723;42.195;10;10356045208;S
20240514;102723;42.195;10;10356045209;S
20240514;102723;42.195;10;10356045210;S
20240514;102723;42.195;30;10356045211;S
20240514;102723;42.19;30;10356045213;S
20240514;102723;42.19;10;10356045214;S
20240514;102723;42.19;10;10356045215;S
20240514;102723;42.19;30;10356045243;S
20240514;102723;42.19;100;10356045244;S
20240514;102723;42.185;40;10356045245;S
20240514;102723;42.185;190;10356045246;S
20240514;102723;42.185;10;10356045247;S
20240514;102723;42.185;10;10356045248;S
20240514;102723;42.185;30;10356045249;S
20240514;102723;42.185;860;10356045250;S
20240514;102723;42.185;690;10356045251;S
20240514;102723;42.18;1000;10356045252;S
20240514;102723;42.18;30;10356045253;S
20240514;102723;42.18;30;10356045254;S
20240514;102723;42.18;10;10356045255;S
20240514;102723;42.18;10;10356045256;S
20240514;102723;42.175;10;10356045257;S
20240514;102723;42.175;5000;10356045258;S
20240514;102723;42.175;40;10356045259;S
20240514;102723;42.175;10;10356045260;S
20240514;102723;42.17;400;10356045261;S
20240514;102724;42.18;100;10356045439;S
20240514;102724;42.175;10;10356045440;S
20240514;102724;42.17;860;10356045441;S
20240514;102725;42.185;690;10356045537;B
20240514;102725;42.19;560;10356045538;B
20240514;102726;42.18;10;10356045738;S
20240514;102726;42.19;50;10356045769;B
20240514;102727;42.18;10;10356045850;S
20240514;102728;42.18;10;10356045924;S
20240514;102729;42.18;10;10356045996;S
20240514;102729;42.18;10;10356045998;S
20240514;102730;42.17;10;10356046946;S
20240514;102731;42.18;20;10356047661;B
20240514;102733;42.17;10;10356047917;S
20240514;102740;42.17;10;10356050255;S
20240514;102741;42.17;10;10356050386;S
20240514;102742;42.17;10;10356050996;S
20240514;102743;42.17;10;10356051785;S
20240514;102744;42.17;10;10356051931;S
20240514;102745;42.17;10;10356052057;S
20240514;102748;42.17;690;10356053163;S
20240514;102749;42.17;500;10356053699;S
20240514;102753;42.175;10;10356055274;B
20240514;102755;42.175;110;10356055615;B
20240514;102756;42.175;50;10356055870;S
20240514;102758;42.175;1240;10356056095;S
20240514;102800;42.175;50;10356056446;S
20240514;102800;42.19;10;10356056449;B
20240514;102803;42.17;50;10356058198;S
20240514;102804;42.17;620;10356058216;S
20240514;102804;42.17;10;10356058217;S
20240514;102804;42.17;30;10356058218;S
20240514;102804;42.165;10;10356058219;S
20240514;102804;42.165;30;10356058220;S
20240514;102804;42.165;30;10356058221;S
20240514;102804;42.165;30;10356058222;S
20240514;102804;42.165;10;10356058223;S
20240514;102804;42.165;8530;10356058224;S
20240514;102804;42.165;680;10356058225;S
20240514;102804;42.16;20;10356058226;S
20240514;102804;42.18;10;10356058314;B
20240514;102806;42.18;20;10356058403;B
20240514;102806;42.175;50;10356058416;S
20240514;102814;42.19;10;10356060171;S
20240514;102821;42.19;50;10356062450;S
20240514;102824;42.19;40;10356062968;S
20240514;102824;42.185;660;10356062969;S
20240514;102824;42.18;300;10356062970;S
20240514;102824;42.18;1360;10356063068;S
20240514;102824;42.18;3070;10356063069;S
20240514;102824;42.175;950;10356063070;S
20240514;102824;42.175;120;10356063071;S
20240514;102832;42.195;400;10356064595;B
20240514;102835;42.2;10;10356066315;B
20240514;102842;42.2;10;10356067444;B
20240514;102845;42.18;660;10356067929;S
20240514;102845;42.18;110;10356067930;S
20240514;102845;42.18;730;10356067931;S
20240514;102847;42.2;100;10356068240;B
20240514;102858;42.19;30;10356073007;S
20240514;102915;42.19;40;10356078565;S
20240514;102924;42.19;930;10356080411;S
20240514;102924;42.19;70;10356080412;S
20240514;102926;42.2;180;10356080547;B
20240514;102928;42.19;10;10356080741;S
20240514;102928;42.185;40;10356080742;S
20240514;102928;42.19;10;10356080834;B
20240514;102928;42.19;30;10356080835;B
20240514;102933;42.185;10;10356082159;S
20240514;102941;42.19;20;10356083003;B
20240514;102941;42.19;80;10356083004;B
20240514;102943;42.2;30;10356083140;B
20240514;102958;42.2;70;10356085030;B
20240514;102958;42.195;1250;10356085074;S
20240514;103001;42.2;20;10356085522;B
20240514;103001;42.2;30;10356085523;B
20240514;103001;42.2;30;10356085524;B
20240514;103001;42.2;4920;10356085525;B
20240514;103004;42.215;100;10356086161;B
20240514;103004;42.215;30;10356086233;B
20240514;103011;42.215;270;10356087276;B
20240514;103011;42.22;380;10356087277;B
20240514;103011;42.22;1500;10356087278;B
20240514;103011;42.22;1000;10356087279;B
20240514;103011;42.22;100;10356087280;B
20240514;103011;42.22;640;10356087281;B
20240514;103011;42.225;10;10356087282;B
20240514;103011;42.23;1100;10356087283;B
20240514;103049;42.22;10;10356091046;B
20240514;103055;42.22;10;10356091755;B
20240514;103058;42.22;20;10356092099;B
20240514;103102;42.22;620;10356092480;B
20240514;103108;42.225;500;10356093023;B
20240514;103114;42.225;10;10356093884;B
20240514;103115;42.225;50;10356093919;B
20240514;103125;42.225;10;10356095165;B
20240514;103125;42.22;90;10356095166;S
20240514;103126;42.22;40;10356095183;S
20240514;103130;42.225;20;10356095841;B
20240514;103130;42.225;380;10356095842;S
20240514;103142;42.225;30;10356096898;B
20240514;103151;42.22;30;10356098759;S
20240514;103158;42.22;1240;10356099389;S
20240514;103205;42.22;1000;10356100225;S
20240514;103210;42.22;1980;10356100758;S
20240514;103210;42.22;400;10356100759;S
20240514;103210;42.22;10;10356100760;S
20240514;103210;42.215;10;10356100761;S
20240514;103210;42.21;10;10356100763;S
20240514;103210;42.21;2500;10356100764;S
20240514;103212;42.205;10;10356101044;B
20240514;103212;42.205;70;10356101046;B
20240514;103212;42.205;20;10356101084;B
20240514;103226;42.205;50;10356102571;B
20240514;103230;42.205;20;10356102902;B
20240514;103230;42.205;1180;10356102903;B
20240514;103231;42.205;20;10356103033;B
20240514;103236;42.2;130;10356103455;S
20240514;103255;42.205;30;10356106808;B
20240514;103257;42.2;30;10356107653;S
20240514;103259;42.205;10;10356108024;B
20240514;103300;42.205;1620;10356108335;B
20240514;103300;42.205;610;10356108336;B
20240514;103300;42.205;270;10356108337;B
20240514;103300;42.205;10;10356108340;B
20240514;103301;42.2;140;10356108645;S
20240514;103301;42.2;10;10356108646;S
20240514;103301;42.2;10;10356108647;S
20240514;103301;42.2;10;10356108648;S
20240514;103301;42.2;10;10356108649;S
20240514;103301;42.2;10;10356108650;S
20240514;103301;42.2;2280;10356108651;S
20240514;103301;42.2;990;10356108652;S
20240514;103301;42.2;700;10356108653;S
20240514;103305;42.2;40;10356109690;S
20240514;103305;42.2;160;10356109691;S
20240514;103306;42.2;40;10356109963;S
20240514;103306;42.2;10;10356109964;S
20240514;103306;42.2;10;10356110096;S
20240514;103306;42.2;10;10356110097;S
20240514;103306;42.2;70;10356110098;S
20240514;103306;42.2;10;10356110149;S
20240514;103308;42.205;10;10356110586;B
20240514;103308;42.2;190;10356110989;S
20240514;103308;42.2;10;10356110990;S
20240514;103318;42.195;10;10356113638;S
20240514;103318;42.195;10;10356113639;S
20240514;103318;42.195;20;10356113655;B
20240514;103319;42.195;10;10356113888;B
20240514;103320;42.19;460;10356114111;S
20240514;103320;42.195;990;10356114130;B
20240514;103320;42.195;10;10356114131;B
20240514;103320;42.195;10;10356114243;B
20240514;103328;42.195;10;10356116355;B
20240514;103329;42.195;10;10356116584;B
20240514;103332;42.195;300;10356117105;B
20240514;103335;42.195;100;10356117604;B
20240514;103336;42.195;10;10356117717;B
20240514;103343;42.195;10;10356118587;B
20240514;103344;42.195;200;10356118594;B
20240514;103345;42.19;240;10356118725;S
20240514;103345;42.19;200;10356118798;S
20240514;103346;42.19;200;10356118889;S
20240514;103347;42.19;70;10356119029;S
20240514;103347;42.19;10;10356119051;S
20240514;103347;42.19;10;10356119052;S
20240514;103347;42.19;30;10356119053;S
20240514;103348;42.19;30;10356119060;S
20240514;103348;42.19;30;10356119062;S
20240514;103348;42.19;110;10356119064;S
20240514;103348;42.19;40;10356119065;S
20240514;103348;42.19;60;10356119066;S
20240514;103348;42.19;10;10356119070;S
20240514;103348;42.19;50;10356119071;S
20240514;103348;42.19;90;10356119072;S
20240514;103348;42.19;100;10356119073;S
20240514;103348;42.19;10;10356119093;S
20240514;103348;42.19;10;10356119116;S
20240514;103348;42.195;10;10356119156;B
20240514;103349;42.19;50;10356119174;S
20240514;103353;42.195;90;10356119626;B
20240514;103356;42.195;10;10356120006;B
20240514;103357;42.195;10;10356120081;B
20240514;103357;42.195;20;10356120083;B
20240514;103357;42.195;1630;10356120096;B
20240514;103358;42.195;370;10356120139;S
20240514;103401;42.19;10;10356120437;S
20240514;103403;42.195;10;10356120657;B
20240514;103409;42.195;20;10356121154;B
20240514;103424;42.19;100;10356122986;S
20240514;103424;42.19;40;10356123084;S
20240514;103427;42.19;450;10356123280;S
20240514;103434;42.19;100;10356123892;S
20240514;103434;42.19;250;10356123951;S
20240514;103435;42.19;4000;10356124069;S
20240514;103435;42.19;3240;10356124077;S
20240514;103435;42.19;10;10356124078;S
20240514;103435;42.19;10;10356124079;S
20240514;103435;42.19;720;10356124080;S
20240514;103435;42.19;1520;10356124081;S
20240514;103437;42.19;1660;10356124259;B
20240514;103437;42.195;840;10356124260;B
20240514;103437;42.195;90;10356124261;B
20240514;103437;42.195;80;10356124262;B
20240514;103437;42.195;140;10356124263;B
20240514;103437;42.195;40;10356124264;B
20240514;103437;42.195;10;10356124265;B
20240514;103437;42.195;10;10356124266;B
20240514;103437;42.195;40;10356124267;B
20240514;103437;42.195;110;10356124268;B
20240514;103437;42.195;40;10356124269;B
20240514;103437;42.195;170;10356124270;B
20240514;103437;42.195;20;10356124271;B
20240514;103437;42.195;130;10356124272;B
20240514;103437;42.195;110;10356124273;B
20240514;103437;42.195;110;10356124274;B
20240514;103437;42.195;30;10356124275;B
20240514;103437;42.195;130;10356124276;B
20240514;103437;42.195;40;10356124277;B
20240514;103437;42.195;100;10356124278;B
20240514;103437;42.195;110;10356124279;B
20240514;103437;42.195;120;10356124280;B
20240514;103437;42.195;70;10356124281;B
20240514;103437;42.195;60;10356124282;B
20240514;103437;42.195;50;10356124283;B
20240514;103437;42.195;40;10356124284;B
20240514;103437;42.195;10;10356124285;B
20240514;103437;42.195;120;10356124286;B
20240514;103437;42.195;50;10356124287;B
20240514;103437;42.195;60;10356124288;B
20240514;103437;42.195;140;10356124289;B
20240514;103437;42.195;120;10356124290;B
20240514;103437;42.195;120;10356124291;B
20240514;103437;42.195;70;10356124292;B
20240514;103437;42.195;10;10356124293;B
20240514;103437;42.195;140;10356124294;B
20240514;103437;42.195;60;10356124295;B
20240514;103437;42.195;20;10356124296;B
20240514;103437;42.195;30;10356124297;B
20240514;103437;42.195;100;10356124298;B
20240514;103437;42.195;60;10356124299;B
20240514;103437;42.195;10;10356124300;B
20240514;103437;42.195;160;10356124301;B
20240514;103437;42.195;180;10356124302;B
20240514;103437;42.195;100;10356124303;B
20240514;103437;42.195;100;10356124304;B
20240514;103437;42.195;150;10356124305;B
20240514;103437;42.195;130;10356124306;B
20240514;103437;42.195;170;10356124307;B
20240514;103437;42.195;10;10356124308;B
20240514;103437;42.195;20;10356124309;B
20240514;103437;42.195;100;10356124310;B
20240514;103437;42.195;60;10356124311;B
20240514;103437;42.195;10;10356124312;B
20240514;103437;42.195;100;10356124313;B
20240514;103437;42.195;10;10356124314;B
20240514;103437;42.195;50;10356124315;B
20240514;103437;42.195;60;10356124316;B
20240514;103437;42.195;100;10356124317;B
20240514;103437;42.195;10;10356124318;B
20240514;103437;42.195;10;10356124319;B
20240514;103437;42.195;220;10356124320;B
20240514;103437;42.195;130;10356124321;B
20240514;103437;42.195;130;10356124322;B
20240514;103437;42.195;180;10356124323;B
20240514;103437;42.195;720;10356124324;B
20240514;103437;42.195;5000;10356124325;B
20240514;103437;42.195;180;10356124326;B
20240514;103437;42.195;80;10356124327;B
20240514;103437;42.195;90;10356124328;B
20240514;103437;42.195;130;10356124329;B
20240514;103437;42.195;50;10356124330;B
20240514;103437;42.2;1000;10356124331;B
20240514;103437;42.205;800;10356124332;B
20240514;103437;42.205;7940;10356124333;B
20240514;103442;42.19;20;10356124847;S
20240514;103501;42.19;10;10356126788;B
20240514;103502;42.19;1000;10356126932;B
20240514;103503;42.185;10;10356127014;S
20240514;103503;42.185;10;10356127015;S
20240514;103503;42.185;710;10356127016;S
20240514;103503;42.185;100;10356127017;S
20240514;103503;42.185;10;10356127018;S
20240514;103504;42.185;80;10356127096;B
20240514;103508;42.185;20;10356127576;B
20240514;103509;42.185;1000;10356127665;B
20240514;103521;42.185;10;10356129106;B
20240514;103525;42.185;30;10356129487;B
20240514;103529;42.185;20;10356130331;B
20240514;103530;42.185;10;10356130348;B
20240514;103537;42.18;10;10356131084;S
20240514;103537;42.18;10;10356131085;S
20240514;103537;42.18;500;10356131086;S
20240514;103537;42.18;2450;10356131087;S
20240514;103537;42.18;10;10356131088;S
20240514;103537;42.18;200;10356131089;S
20240514;103537;42.18;710;10356131090;S
20240514;103537;42.175;4880;10356131091;S
20240514;103537;42.175;50;10356131092;S
20240514;103537;42.175;10;10356131093;S
20240514;103537;42.175;10;10356131094;S
20240514;103537;42.175;150;10356131095;S
20240514;103537;42.175;100;10356131096;S
20240514;103537;42.175;200;10356131097;S
20240514;103537;42.17;10;10356131098;S
20240514;103537;42.17;10;10356131099;S
20240514;103537;42.17;11690;10356131100;S
20240514;103537;42.185;10;10356131103;B
20240514;103537;42.18;70;10356131156;B
20240514;103537;42.18;30;10356131164;B
20240514;103537;42.17;9000;10356131165;S
20240514;103538;42.18;30;10356131275;B
20240514;103539;42.18;30;10356131350;B
20240514;103544;42.18;200;10356131722;B
20240514;103557;42.175;50;10356133175;S
20240514;103557;42.175;720;10356133176;S
20240514;103557;42.175;470;10356133177;S
20240514;103558;42.175;30;10356133225;S
20240514;103558;42.175;20;10356133306;S
20240514;103558;42.17;10;10356133307;S
20240514;103614;42.18;30;10356134813;B
20240514;103615;42.175;40;10356134864;S
20240514;103617;42.18;400;10356135158;B
20240514;103624;42.175;10;10356135824;S
20240514;103624;42.175;20;10356135825;S
20240514;103625;42.175;500;10356135879;S
20240514;103628;42.18;40;10356136203;B
20240514;103633;42.18;10;10356136690;B
20240514;103634;42.18;10;10356136777;B
20240514;103635;42.175;10;10356136800;S
20240514;103635;42.175;10;10356136801;S
20240514;103635;42.175;40;10356136802;S
20240514;103637;42.175;2470;10356137082;S
20240514;103637;42.175;720;10356137083;S
20240514;103637;42.17;4300;10356137084;S
20240514;103637;42.17;10;10356137085;S
20240514;103637;42.17;400;10356137086;S
20240514;103637;42.165;10;10356137087;S
20240514;103637;42.165;10;10356137088;S
20240514;103637;42.165;10;10356137089;S
20240514;103637;42.165;700;10356137090;S
20240514;103637;42.165;10;10356137091;S
20240514;103637;42.165;50;10356137092;S
20240514;103637;42.165;200;10356137093;S
20240514;103637;42.16;1110;10356137094;S
20240514;103648;42.17;70;10356138194;S
20240514;103650;42.17;930;10356138395;S
20240514;103650;42.17;740;10356138396;S
20240514;103650;42.165;30;10356138397;S
20240514;103650;42.165;480;10356138398;S
20240514;103653;42.175;100;10356138734;B
20240514;103657;42.17;10;10356140053;S
20240514;103657;42.17;10;10356140054;S
20240514;103705;42.175;30;10356140901;B
20240514;103711;42.17;50;10356141419;S
20240514;103723;42.185;2980;10356142697;B
20240514;103723;42.185;10000;10356142698;B
20240514;103723;42.19;300;10356142699;B
20240514;103723;42.195;120;10356142700;B
20240514;103723;42.195;100;10356142701;B
20240514;103723;42.195;60;10356142702;B
20240514;103723;42.195;110;10356142703;B
20240514;103723;42.195;50;10356142704;B
20240514;103723;42.195;10;10356142705;B
20240514;103723;42.195;160;10356142706;B
20240514;103723;42.195;10;10356142707;B
20240514;103723;42.195;10;10356142708;B
20240514;103723;42.195;30;10356142709;B
20240514;103723;42.195;70;10356142710;B
20240514;103723;42.195;50;10356142711;B
20240514;103723;42.195;140;10356142712;B
20240514;103723;42.195;110;10356142713;B
20240514;103723;42.195;90;10356142714;B
20240514;103723;42.195;10;10356142715;B
20240514;103723;42.195;80;10356142716;B
20240514;103723;42.195;10;10356142717;B
20240514;103723;42.195;160;10356142718;B
20240514;103723;42.195;80;10356142719;B
20240514;103723;42.195;180;10356142720;B
20240514;103723;42.195;60;10356142721;B
20240514;103723;42.195;20;10356142722;B
20240514;103725;42.195;10;10356142860;B
20240514;103735;42.195;180;10356143924;B
20240514;103735;42.195;50;10356143925;B
20240514;103735;42.195;130;10356143926;B
20240514;103735;42.195;40;10356143927;B
20240514;103735;42.195;50;10356143928;B
20240514;103735;42.195;50;10356143929;B
20240514;103736;42.19;600;10356144227;B
20240514;103740;42.185;10;10356144582;S
20240514;103740;42.18;190;10356144583;S
20240514;103741;42.175;20;10356144644;S
20240514;103741;42.17;40;10356144645;S
20240514;103746;42.175;1340;10356145206;B
20240514;103746;42.175;20;10356145211;B
20240514;103750;42.175;10;10356145595;B
20240514;103751;42.17;50;10356145647;S
20240514;103755;42.175;10;10356146308;B
20240514;103758;42.17;410;10356147205;S
20240514;103758;42.17;40;10356147206;S
20240514;103758;42.17;710;10356147207;S
20240514;103758;42.17;10;10356147208;S
20240514;103758;42.165;10;10356147209;S
20240514;103758;42.165;60;10356147210;S
20240514;103759;42.17;20;10356147293;B
20240514;103802;42.17;2480;10356147532;B
20240514;103802;42.17;8530;10356147533;B
20240514;103802;42.17;10;10356147534;B
20240514;103802;42.17;100;10356147535;B
20240514;103804;42.175;50;10356147803;B
20240514;103810;42.17;10;10356148683;S
20240514;103811;42.175;20;10356148808;B
20240514;103812;42.175;930;10356148883;B
20240514;103812;42.175;7000;10356148884;B
20240514;103812;42.18;710;10356148885;B
20240514;103812;42.185;6880;10356148886;B
20240514;103812;42.19;1000;10356148887;B
20240514;103812;42.19;8530;10356148888;B
20240514;103812;42.195;70;10356148889;B
20240514;103812;42.195;100;10356148890;B
20240514;103812;42.195;130;10356148891;B
20240514;103812;42.195;80;10356148892;B
20240514;103812;42.195;170;10356148893;B
20240514;103812;42.195;110;10356148894;B
20240514;103812;42.195;10;10356148895;B
20240514;103812;42.195;120;10356148896;B
20240514;103812;42.195;40;10356148897;B
20240514;103812;42.195;80;10356148898;B
20240514;103812;42.195;100;10356148899;B
20240514;103812;42.195;120;10356148900;B
20240514;103812;42.195;160;10356148901;B
20240514;103812;42.195;110;10356148902;B
20240514;103812;42.195;50;10356148903;B
20240514;103812;42.195;130;10356148904;B
20240514;103812;42.195;20;10356148905;B
20240514;103812;42.195;30;10356148906;B
20240514;103812;42.195;90;10356148907;B
20240514;103812;42.195;130;10356148908;B
20240514;103812;42.195;500;10356148909;B
20240514;103812;42.195;10;10356148910;B
20240514;103812;42.195;7080;10356148911;B
20240514;103812;42.2;15510;10356148912;B
20240514;103812;42.185;1660;10356149145;S
20240514;103812;42.185;810;10356149146;S
20240514;103812;42.185;2740;10356149147;S
20240514;103812;42.18;1000;10356149148;S
20240514;103812;42.175;1100;10356149149;S
20240514;103812;42.175;1070;10356149150;S
20240514;103812;42.175;620;10356149151;S
20240514;103813;42.19;10;10356149236;B
20240514;103816;42.185;20;10356149561;S
20240514;103819;42.19;200;10356149915;B
20240514;103825;42.185;110;10356150399;S
20240514;103835;42.185;2500;10356151433;B
20240514;103835;42.185;5500;10356151434;B
20240514;103835;42.19;800;10356151435;B
20240514;103835;42.19;2650;10356151436;B
20240514;103835;42.19;1660;10356151437;B
20240514;103843;42.195;220;10356152868;B
20240514;103847;42.195;10;10356153286;B
20240514;103856;42.195;20;10356154600;B
20240514;103858;42.195;10;10356154818;B
20240514;103900;42.19;40;10356154944;S
20240514;103902;42.19;10;10356155110;S
20240514;103904;42.195;50;10356155399;B
20240514;103907;42.195;50;10356155781;B
20240514;103908;42.195;50;10356155930;B
20240514;103909;42.19;30;10356156091;S
20240514;103922;42.195;10;10356157218;B
20240514;103923;42.195;680;10356157236;B
20240514;103923;42.195;10;10356157237;B
20240514;103923;42.195;310;10356157238;B
20240514;103932;42.195;60;10356158178;B
20240514;103935;42.195;290;10356158846;B
20240514;103957;42.195;370;10356161271;B
20240514;103958;42.19;1240;10356161537;S
20240514;104005;42.195;40;10356162383;B
20240514;104008;42.19;160;10356162667;S
20240514;104010;42.195;1000;10356162790;B
20240514;104012;42.195;250;10356162999;B
20240514;104012;42.195;180;10356163000;B
20240514;104012;42.195;20;10356163001;B
20240514;104017;42.195;700;10356163605;B
20240514;104022;42.195;280;10356164476;B
20240514;104022;42.195;1700;10356164477;B
20240514;104022;42.195;180;10356164478;B
20240514;104022;42.195;10;10356164479;B
20240514;104022;42.195;400;10356164480;B
20240514;104022;42.195;150;10356164481;B
20240514;104023;42.2;4000;10356164591;B
20240514;104024;42.195;10;10356164696;S
20240514;104029;42.2;10;10356165630;B
20240514;104029;42.2;400;10356165748;B
20240514;104033;42.2;10;10356166239;B
20240514;104038;42.2;2600;10356166809;B
20240514;104041;42.2;10;10356167235;B
20240514;104046;42.195;1200;10356168280;S
20240514;104055;42.2;10;10356169299;B
20240514;104058;42.2;10;10356169500;B
20240514;104058;42.195;30;10356169520;S
20240514;104107;42.2;20;10356170440;B
20240514;104108;42.2;20;10356170496;B
20240514;104109;42.2;100;10356170682;B
20240514;104125;42.195;800;10356172185;S
20240514;104128;42.2;10;10356172528;B
20240514;104132;42.2;250;10356173257;B
20240514;104134;42.195;20;10356173439;S
20240514;104139;42.2;20;10356173974;B
20240514;104141;42.2;10;10356174122;B
20240514;104144;42.2;30;10356174394;B
20240514;104147;42.2;10;10356174691;B
20240514;104148;42.2;100;10356174850;B
20240514;104149;42.195;220;10356175131;S
20240514;104149;42.195;580;10356175132;S
20240514;104150;42.2;50;10356175175;B
20240514;104158;42.195;300;10356176285;S
20240514;104158;42.195;940;10356176286;S
20240514;104204;42.195;10;10356177438;S
20240514;104204;42.2;180;10356177597;B
20240514;104205;42.195;500;10356177647;S
20240514;104207;42.2;200;10356177848;B
20240514;104208;42.195;10;10356178075;S
20240514;104210;42.2;50;10356178197;B
20240514;104219;42.2;10;10356179032;B
20240514;104223;42.195;1300;10356179393;S
20240514;104234;42.2;20;10356180616;B
20240514;104238;42.195;1000;10356181081;S
20240514;104239;42.195;50;10356181183;S
20240514;104240;42.195;60;10356181297;S
20240514;104306;42.2;30;10356184175;B
20240514;104310;42.195;70;10356184780;S
20240514;104310;42.195;20;10356184781;S
20240514;104310;42.195;710;10356184782;S
20240514;104311;42.195;5500;10356184798;S
20240514;104318;42.2;30;10356185530;B
20240514;104320;42.195;30;10356185681;S
20240514;104323;42.195;100;10356185851;S
20240514;104325;42.2;2500;10356186107;B
20240514;104331;42.2;60;10356186618;B
20240514;104333;42.2;10;10356186853;B
20240514;104336;42.2;10;10356187106;B
20240514;104337;42.2;10;10356187222;B
20240514;104343;42.2;16000;10356188204;B
20240514;104344;42.195;4370;10356188266;S
20240514;104344;42.195;250;10356188267;S
20240514;104344;42.195;300;10356188268;S
20240514;104344;42.195;1080;10356188269;S
20240514;104344;42.2;100;10356188457;B
20240514;104346;42.195;500;10356188629;S
20240514;104346;42.195;1920;10356188630;S
20240514;104346;42.19;4790;10356188631;S
20240514;104350;42.19;20;10356189265;S
20240514;104352;42.2;10;10356189829;B
20240514;104358;42.19;1250;10356190837;S
20240514;104418;42.195;5670;10356193689;B
20240514;104418;42.195;20;10356193690;B
20240514;104418;42.195;50;10356193691;B
20240514;104418;42.195;2330;10356193692;B
20240514;104420;42.2;100;10356194004;B
20240514;104422;42.195;100;10356194403;S
20240514;104427;42.2;3420;10356194976;B
20240514;104427;42.195;10;10356194989;S
20240514;104434;42.195;1370;10356196059;S
20240514;104435;42.2;16000;10356196214;B
20240514;104437;42.195;10;10356196370;S
20240514;104437;42.195;890;10356196371;S
20240514;104438;42.195;200;10356196564;S
20240514;104444;42.195;500;10356197224;S
20240514;104446;42.2;10;10356197393;B
20240514;104449;42.2;20;10356197826;B
20240514;104449;42.2;11500;10356197841;B
20240514;104450;42.195;1410;10356197897;S
20240514;104450;42.195;2200;10356197898;S
20240514;104450;42.195;10;10356197899;S
20240514;104450;42.195;50;10356197900;S
20240514;104450;42.195;1660;10356197901;S
20240514;104450;42.19;1170;10356197902;S
20240514;104458;42.2;40;10356198928;B
20240514;104501;42.195;20;10356199217;S
20240514;104504;42.195;10;10356199572;S
20240514;104506;42.2;176510;10356199924;B
20240514;104506;42.2;20;10356199925;B
20240514;104507;42.23;3070;10356199926;S
20240514;104507;42.225;1180;10356199927;S
20240514;104507;42.225;1000;10356199928;S
20240514;104507;42.225;2450;10356199929;S
20240514;104507;42.22;8530;10356199930;S
20240514;104507;42.205;1660;10356199931;S
20240514;104507;42.2;31950;10356199932;S
20240514;104507;42.2;9160;10356199933;S
20240514;104507;42.24;10;10356199935;B
20240514;104507;42.24;10;10356199941;B
20240514;104507;42.24;600;10356199948;B
20240514;104507;42.24;1180;10356199949;B
20240514;104507;42.24;1660;10356199950;B
20240514;104507;42.245;800;10356199951;B
20240514;104507;42.245;760;10356199952;B
20240514;104510;42.24;500;10356200314;S
20240514;104510;42.24;10;10356200315;S
20240514;104510;42.235;290;10356200316;S
20240514;104512;42.26;10;10356200474;B
20240514;104513;42.26;10;10356200579;B
20240514;104513;42.26;300;10356200585;B
20240514;104513;42.26;500;10356200586;B
20240514;104520;42.26;100;10356201345;B
20240514;104525;42.26;20;10356201914;B
20240514;104525;42.26;480;10356201915;B
20240514;104528;42.255;20;10356202485;S
20240514;104528;42.255;20;10356202486;S
20240514;104528;42.255;20;10356202487;S
20240514;104528;42.255;20;10356202488;S
20240514;104528;42.255;20;10356202489;S
20240514;104528;42.255;20;10356202490;S
20240514;104528;42.25;500;10356202491;S
20240514;104528;42.25;30;10356202492;S
20240514;104528;42.235;550;10356202493;S
20240514;104537;42.255;20;10356203607;S
20240514;104537;42.255;10;10356203608;S
20240514;104537;42.26;10;10356203636;B
20240514;104537;42.26;10;10356203637;B
20240514;104544;42.25;20;10356204331;S
20240514;104544;42.245;20;10356204332;S
20240514;104544;42.24;20;10356204333;S
20240514;104544;42.235;1300;10356204334;S
20240514;104544;42.235;600;10356204335;S
20240514;104544;42.23;250;10356204336;S
20240514;104544;42.225;1120;10356204337;S
20240514;104546;42.21;800;10356204642;S
20240514;104546;42.21;30;10356204698;S
20240514;104546;42.21;800;10356204735;S
20240514;104553;42.22;10;10356205785;B
20240514;104558;42.21;200;10356206574;S
20240514;104558;42.2;800;10356206586;S
20240514;104600;42.21;350;10356206814;B
20240514;104601;42.21;20;10356206887;B
20240514;104606;42.21;10;10356207517;B
20240514;104610;42.21;10;10356208014;B
20240514;104611;42.21;200;10356208112;B
20240514;104612;42.21;10;10356208178;B
20240514;104615;42.21;200;10356208488;B
20240514;104622;42.205;10;10356209238;S
20240514;104622;42.2;10;10356209239;S
20240514;104649;42.21;240;10356212046;B
20240514;104649;42.21;760;10356212047;B
20240514;104653;42.21;10;10356212478;B
20240514;104654;42.21;20;10356212524;B
20240514;104703;42.21;10;10356213287;B
20240514;104704;42.205;10;10356213408;S
20240514;104705;42.205;10;10356213431;S
20240514;104714;42.21;20;10356214165;B
20240514;104714;42.205;150;10356214248;S
20240514;104714;42.205;590;10356214249;S
20240514;104714;42.205;60;10356214250;S
20240514;104715;42.21;10;10356214337;B
20240514;104719;42.205;10;10356214754;S
20240514;104721;42.21;50;10356214912;B
20240514;104724;42.21;20;10356215515;B
20240514;104728;42.21;10;10356215975;B
20240514;104729;42.21;60;10356216084;B
20240514;104730;42.21;10;10356216175;B
20240514;104732;42.21;30;10356216388;B
20240514;104732;42.21;30;10356216392;B
20240514;104732;42.21;90;10356216400;B
20240514;104733;42.21;40;10356216401;B
20240514;104733;42.21;50;10356216402;B
20240514;104733;42.21;40;10356216403;B
20240514;104733;42.21;80;10356216404;B
20240514;104735;42.205;70;10356216686;S
20240514;104737;42.205;420;10356217323;S
20240514;104737;42.205;2000;10356217324;S
20240514;104737;42.205;1930;10356217325;S
20240514;104737;42.205;1530;10356217326;S
20240514;104738;42.205;1000;10356217343;B
20240514;104739;42.2;5440;10356217454;S
20240514;104739;42.2;10;10356217455;S
20240514;104739;42.2;10;10356217456;S
20240514;104739;42.2;30;10356217457;S
20240514;104739;42.2;10;10356217458;S
20240514;104740;42.2;800;10356217737;S
20240514;104742;42.2;800;10356217969;S
20240514;104742;42.205;20;10356218109;B
20240514;104744;42.2;800;10356218209;S
20240514;104747;42.2;1700;10356218486;S
20240514;104752;42.2;10;10356218942;S
20240514;104753;42.2;4920;10356219087;S
20240514;104753;42.2;80;10356219088;S
20240514;104755;42.2;250;10356219240;S
20240514;104758;42.2;1240;10356219506;S
20240514;104807;42.2;19990;10356220480;S
20240514;104808;42.2;10000;10356220488;S
20240514;104809;42.2;250;10356220618;S
20240514;104809;42.205;20;10356220629;B
20240514;104816;42.205;10;10356221820;B
20240514;104817;42.205;10;10356221999;B
20240514;104823;42.2;4530;10356222774;S
20240514;104823;42.2;300;10356222775;S
20240514;104823;42.2;50;10356222776;S
20240514;104823;42.2;20;10356222777;S
20240514;104823;42.2;100;10356222778;S
20240514;104830;42.205;10;10356224097;B
20240514;104830;42.2;500;10356224120;S
20240514;104831;42.2;10;10356224303;S
20240514;104833;42.2;5000;10356224487;S
20240514;104835;42.205;200;10356224660;B
20240514;104837;42.2;500;10356224869;S
20240514;104840;42.205;10;10356225212;B
20240514;104841;42.205;1500;10356225351;B
20240514;104843;42.2;5000;10356225650;S
20240514;104844;42.2;4150;10356225723;S
20240514;104844;42.2;1850;10356225724;S
20240514;104844;42.2;5000;10356225779;S
20240514;104846;42.205;1000;10356226068;B
20240514;104853;42.205;340;10356226716;B
20240514;104853;42.205;7000;10356226717;B
20240514;104853;42.21;10000;10356226718;B
20240514;104853;42.21;1840;10356226719;B
20240514;104853;42.215;1000;10356226720;B
20240514;104853;42.225;1120;10356226721;B
20240514;104853;42.235;1000;10356226722;B
20240514;104853;42.235;1070;10356226723;B
20240514;104853;42.235;210;10356226724;B
20240514;104900;42.215;10;10356227582;S
20240514;104909;42.23;10;10356231372;B
20240514;104913;42.23;20;10356232594;B
20240514;104913;42.215;470;10356232597;S
20240514;104915;42.215;10;10356233048;B
20240514;104918;42.215;60;10356233455;B
20240514;104918;42.21;500;10356233471;S
20240514;104920;42.205;30;10356233628;B
20240514;104921;42.205;220;10356233709;B
20240514;104921;42.205;1260;10356233710;B
20240514;104938;42.21;20;10356236452;B
20240514;104941;42.21;1640;10356236921;B
20240514;104941;42.21;780;10356236922;B
20240514;104952;42.215;30;10356238310;B
20240514;105002;42.225;10;10356239303;B
20240514;105002;42.225;10;10356239349;B
20240514;105007;42.225;20;10356239814;B
20240514;105012;42.225;10;10356240432;B
20240514;105015;42.225;20;10356240857;B
20240514;105018;42.225;10;10356241429;B
20240514;105018;42.225;200;10356241495;B
20240514;105035;42.225;960;10356244649;B
20240514;105035;42.225;4040;10356244650;B
20240514;105035;42.245;40;10356244696;B
20240514;105053;42.24;10;10356246556;S
20240514;105053;42.235;10;10356246557;S
20240514;105053;42.23;170;10356246558;S
20240514;105109;42.245;10;10356248040;B
20240514;105111;42.23;80;10356248259;S
20240514;105111;42.23;100;10356248260;S
20240514;105111;42.23;30;10356248261;S
20240514;105111;42.225;420;10356248262;S
20240514;105111;42.225;1370;10356248263;S
20240514;105114;42.24;10;10356248505;B
20240514;105132;42.225;10;10356249941;S
20240514;105135;42.23;20;10356250095;B
20240514;105135;42.23;20;10356250096;B
20240514;105135;42.235;2320;10356250097;B
20240514;105140;42.25;20;10356250459;B
20240514;105140;42.25;20;10356250460;B
20240514;105140;42.25;130;10356250461;B
20240514;105145;42.255;30;10356250841;B
20240514;105145;42.255;70;10356250842;B
20240514;105145;42.255;100;10356250843;B
20240514;105147;42.235;50;10356251017;S
20240514;105147;42.23;390;10356251018;S
20240514;105147;42.23;740;10356251019;S
20240514;105147;42.23;1510;10356251020;S
20240514;105147;42.225;350;10356251021;S
20240514;105147;42.225;50;10356251022;S
20240514;105147;42.225;50;10356251023;S
20240514;105147;42.225;1000;10356251024;S
20240514;105147;42.22;30;10356251025;S
20240514;105147;42.22;50;10356251026;S
20240514;105147;42.22;210;10356251027;S
20240514;105147;42.215;4500;10356251028;S
20240514;105147;42.215;5450;10356251029;S
20240514;105147;42.21;2850;10356251030;S
20240514;105147;42.21;100;10356251031;S
20240514;105147;42.21;60;10356251032;S
20240514;105147;42.21;2500;10356251033;S
20240514;105147;42.21;100;10356251034;B
20240514;105153;42.205;100;10356251571;S
20240514;105159;42.215;10;10356252090;B
20240514;105159;42.21;50;10356252133;S
20240514;105159;42.215;1230;10356252139;B
20240514;105159;42.215;1970;10356252140;B
20240514;105214;42.225;10;10356253325;B
20240514;105216;42.23;10;10356253448;B
20240514;105218;42.215;3000;10356253609;S
20240514;105218;42.215;30;10356253610;S
20240514;105218;42.215;1460;10356253611;S
20240514;105223;42.215;5510;10356254108;B
20240514;105223;42.215;4490;10356254109;B
20240514;105223;42.24;20;10356254122;B
20240514;105232;42.225;100;10356254813;S
20240514;105232;42.225;100;10356254814;S
20240514;105232;42.22;310;10356254815;S
20240514;105232;42.215;290;10356254816;S
20240514;105234;42.24;20;10356254976;B
20240514;105248;42.24;20;10356256357;B
20240514;105248;42.225;160;10356256379;S
20240514;105248;42.225;120;10356256380;S
20240514;105248;42.22;520;10356256381;S
20240514;105256;42.22;460;10356256981;S
20240514;105256;42.22;800;10356256998;S
20240514;105257;42.22;16270;10356257064;S
20240514;105257;42.22;1420;10356257065;S
20240514;105257;42.215;10;10356257074;S
20240514;105257;42.215;50;10356257075;S
20240514;105257;42.215;30;10356257076;S
20240514;105257;42.215;10;10356257077;S
20240514;105257;42.21;1450;10356257078;S
20240514;105257;42.21;4950;10356257079;S
20240514;105310;42.21;5050;10356257991;S
20240514;105310;42.21;10;10356257992;S
20240514;105310;42.21;1400;10356257993;S
20240514;105315;42.21;240;10356258430;B
20240514;105319;42.21;10;10356259328;B
20240514;105321;42.21;1140;10356259450;B
20240514;105324;42.21;10;10356259619;B
20240514;105324;42.205;4500;10356259634;S
20240514;105324;42.205;50;10356259635;S
20240514;105324;42.205;2000;10356259636;S
20240514;105324;42.205;30;10356259637;S
20240514;105324;42.205;100;10356259638;S
20240514;105324;42.205;3000;10356259639;S
20240514;105324;42.205;3000;10356259640;S
20240514;105324;42.205;300;10356259641;S
20240514;105324;42.205;5000;10356259642;S
20240514;105324;42.205;1410;10356259643;S
20240514;105324;42.205;270;10356259644;S
20240514;105325;42.2;4820;10356259761;S
20240514;105325;42.2;200;10356259762;S
20240514;105325;42.2;3980;10356259763;S
20240514;105325;42.205;40;10356259803;B
20240514;105335;42.2;20;10356261035;S
20240514;105338;42.2;54710;10356261252;S
20240514;105338;42.2;10000;10356261253;S
20240514;105338;42.2;10;10356261254;S
20240514;105338;42.2;10;10356261255;S
20240514;105338;42.2;30;10356261256;S
20240514;105338;42.2;10;10356261257;S
20240514;105338;42.2;5000;10356261258;S
20240514;105338;42.2;230;10356261259;S
20240514;105339;42.2;23360;10356261303;S
20240514;105341;42.2;250;10356261448;S
20240514;105343;42.2;250;10356261629;S
20240514;105351;42.205;10;10356262825;B
20240514;105358;42.2;1240;10356263908;S
20240514;105400;42.205;10;10356264051;B
20240514;105406;42.2;10000;10356264581;S
20240514;105412;42.205;10;10356265110;B
20240514;105416;42.2;5000;10356265443;S
20240514;105424;42.2;240;10356267775;S
20240514;105425;42.2;190;10356267991;S
20240514;105427;42.2;4990;10356268109;S
20240514;105428;42.2;150;10356268377;S
20240514;105434;42.205;10;10356269446;B
20240514;105439;42.2;1360;10356269904;S
20240514;105441;42.205;10;10356269999;B
20240514;105443;42.2;5000;10356270166;S
20240514;105454;42.205;10;10356271056;B
20240514;105454;42.205;240;10356271061;B
20240514;105454;42.205;1660;10356271062;B
20240514;105454;42.205;10;10356271063;B
20240514;105454;42.205;250;10356271064;B
20240514;105454;42.205;30;10356271065;B
20240514;105454;42.205;810;10356271066;B
20240514;105454;42.2;4990;10356271092;S
20240514;105457;42.205;10;10356271440;B
20240514;105500;42.2;2980;10356271893;S
20240514;105500;42.2;2980;10356271894;S
20240514;105500;42.2;2980;10356271895;S
20240514;105500;42.2;2020;10356271896;S
20240514;105500;42.2;4040;10356271897;S
20240514;105500;42.2;2020;10356271898;S
20240514;105500;42.2;2020;10356271899;S
20240514;105500;42.2;2020;10356271900;S
20240514;105500;42.2;220;10356271901;S
20240514;105502;42.2;150;10356272096;S
20240514;105504;42.205;1650;10356272271;B
20240514;105504;42.205;250;10356272272;B
20240514;105504;42.205;1380;10356272273;B
20240514;105504;42.205;9000;10356272274;B
20240514;105504;42.205;310;10356272275;S
20240514;105504;42.205;10;10356272276;S
20240514;105504;42.205;4990;10356272290;S
20240514;105507;42.205;20;10356272427;S
20240514;105524;42.21;10;10356273948;B
20240514;105525;42.21;700;10356274002;B
20240514;105532;42.21;30;10356274386;B
20240514;105533;42.21;1000;10356274450;B
20240514;105533;42.21;4000;10356274472;B
20240514;105534;42.205;60;10356274671;S
20240514;105542;42.21;20;10356275280;B
20240514;105547;42.21;30;10356275845;B
20240514;105549;42.21;10;10356275913;B
20240514;105553;42.21;20;10356276183;B
20240514;105554;42.21;140;10356276216;B
20240514;105557;42.205;1240;10356276469;S
20240514;105605;42.205;320;10356277113;S
20240514;105605;42.205;1250;10356277114;S
20240514;105605;42.205;10;10356277115;S
20240514;105605;42.205;3160;10356277116;S
20240514;105610;42.205;1000;10356277622;B
20240514;105618;42.2;20;10356278387;S
20240514;105622;42.2;50;10356278645;S
20240514;105622;42.205;10;10356278666;B
20240514;105623;42.2;1480;10356278733;S
20240514;105623;42.2;1070;10356278734;S
20240514;105623;42.2;10;10356278735;S
20240514;105623;42.2;67430;10356278736;S
20240514;105628;42.205;10;10356279176;B
20240514;105637;42.205;70;10356280258;B
20240514;105649;42.205;30;10356281157;B
20240514;105651;42.2;800;10356281276;S
20240514;105652;42.2;1770;10356281408;S
20240514;105652;42.2;6950;10356281409;S
20240514;105652;42.2;1250;10356281410;S
20240514;105652;42.2;20;10356281411;S
20240514;105653;42.205;100;10356281474;B
20240514;105659;42.205;20;10356282070;B
20240514;105705;42.2;3050;10356282695;S
20240514;105705;42.2;10000;10356282696;S
20240514;105705;42.2;940;10356282697;S
20240514;105708;42.205;10;10356283059;B
20240514;105712;42.205;10;10356283359;B
20240514;105716;42.2;90;10356283651;S
20240514;105719;42.205;1000;10356283891;B
20240514;105722;42.205;20;10356284069;B
20240514;105723;42.2;30;10356284142;S
20240514;105727;42.2;160;10356284368;S
20240514;105728;42.205;10;10356284425;B
20240514;105730;42.2;4720;10356284607;S
20240514;105730;42.2;1380;10356284608;S
20240514;105730;42.2;90;10356284609;S
20240514;105730;42.2;9810;10356284610;S
20240514;105735;42.2;140;10356284964;S
20240514;105736;42.205;10;10356285103;B
20240514;105736;42.2;100;10356285117;S
20240514;105736;42.2;50;10356285118;S
20240514;105736;42.2;20;10356285119;S
20240514;105740;42.2;5520;10356285425;S
20240514;105740;42.2;10;10356285426;S
20240514;105740;42.2;1370;10356285427;S
20240514;105740;42.2;10;10356285428;S
20240514;105740;42.2;90;10356285429;S
20240514;105740;42.2;20;10356285455;S
20240514;105747;42.2;15630;10356285949;S
20240514;105747;42.2;1370;10356285950;S
20240514;105752;42.205;2960;10356286650;B
20240514;105752;42.205;90;10356286651;B
20240514;105752;42.205;90;10356286652;B
20240514;105752;42.205;90;10356286653;B
20240514;105752;42.21;3110;10356286654;B
20240514;105752;42.205;30;10356286663;B
20240514;105752;42.2;6000;10356286693;S
20240514;105753;42.205;1660;10356286788;B
20240514;105758;42.205;1250;10356287504;S
20240514;105803;42.21;1000;10356287868;B
20240514;105804;42.21;10;10356287940;B
20240514;105817;42.21;10;10356288957;B
20240514;105817;42.205;20;10356288963;S
20240514;105817;42.205;3070;10356289001;S
20240514;105817;42.205;90;10356289002;S
20240514;105817;42.205;1350;10356289003;S
20240514;105821;42.2;800;10356289252;S
20240514;105823;42.2;40;10356289375;S
20240514;105824;42.205;10;10356289483;B
20240514;105828;42.2;4660;10356289813;S
20240514;105828;42.2;330;10356289814;S
20240514;105828;42.2;10;10356289815;S
20240514;105839;42.205;10;10356290562;B
20240514;105840;42.2;5000;10356290635;S
20240514;105843;42.205;10;10356290940;B
20240514;105857;42.2;3480;10356292006;S
20240514;105857;42.2;1320;10356292007;S
20240514;105857;42.2;200;10356292008;S
20240514;105859;42.205;350;10356292109;B
20240514;105859;42.205;110;10356292150;B
20240514;105859;42.205;330;10356292151;B
20240514;105859;42.21;60;10356292152;B
20240514;105901;42.2;800;10356292277;S
20240514;105903;42.2;800;10356292458;S
20240514;105905;42.2;400;10356292835;S
20240514;105906;42.205;30;10356292935;B
20240514;105911;42.2;1200;10356293613;S
20240514;105912;42.2;20;10356293751;S
20240514;105913;42.205;10;10356293912;B
20240514;105915;42.2;10;10356294201;S
20240514;105918;42.205;20;10356294757;B
20240514;105919;42.205;10;10356294911;B
20240514;105921;42.205;10;10356295070;B
20240514;105925;42.205;10;10356296247;B
20240514;105926;42.21;40;10356296387;B
20240514;105926;42.2;320;10356296415;S
20240514;105929;42.205;10;10356296638;B
20240514;105938;42.2;100;10356297847;S
20240514;105946;42.205;170;10356298432;B
20240514;105950;42.205;10;10356298750;B
20240514;105952;42.205;1480;10356298924;B
20240514;105952;42.205;1270;10356298925;B
20240514;105952;42.21;1950;10356298926;B
20240514;105952;42.21;2700;10356298927;B
20240514;105952;42.21;20;10356298928;B
20240514;105952;42.21;10;10356298929;B
20240514;105952;42.21;330;10356298930;B
20240514;105952;42.215;10;10356298931;B
20240514;105952;42.215;1000;10356298932;B
20240514;105952;42.22;2300;10356298933;B
20240514;105952;42.22;40;10356298934;B
20240514;105952;42.22;10;10356298935;B
20240514;105952;42.225;610;10356298936;B
20240514;105952;42.225;10;10356298937;B
20240514;105952;42.225;4760;10356298938;B
20240514;105956;42.2;180;10356299165;S
20240514;105956;42.2;70;10356299166;S
20240514;105958;42.205;10;10356299428;B
20240514;105959;42.205;60;10356299486;B
20240514;110004;42.22;100;10356300082;B
20240514;110030;42.21;200;10356306994;S
20240514;110030;42.21;450;10356306995;S
20240514;110030;42.21;10;10356306996;S
20240514;110030;42.21;870;10356306997;S
20240514;110030;42.21;1220;10356306998;S
20240514;110030;42.21;30;10356306999;S
20240514;110033;42.21;10;10356307564;B
20240514;110038;42.21;30;10356308654;B
20240514;110038;42.21;30;10356308745;B
20240514;110039;42.21;30;10356308870;B
20240514;110040;42.21;30;10356309045;B
20240514;110040;42.21;30;10356309235;B
20240514;110041;42.21;30;10356309309;B
20240514;110041;42.21;30;10356309401;B
20240514;110058;42.205;10;10356312876;S
20240514;110058;42.205;160;10356312877;S
20240514;110058;42.21;100;10356312985;B
20240514;110109;42.21;10;10356315357;B
20240514;110112;42.21;20;10356316146;B
20240514;110113;42.21;6870;10356316464;B
20240514;110113;42.215;10;10356316465;B
20240514;110113;42.215;1210;10356316466;B
20240514;110113;42.22;1000;10356316467;B
20240514;110113;42.22;10;10356316468;B
20240514;110113;42.22;10;10356316469;B
20240514;110113;42.225;10;10356316470;B
20240514;110113;42.225;450;10356316471;B
20240514;110113;42.23;10;10356316472;B
20240514;110113;42.235;10;10356316473;B
20240514;110113;42.235;10;10356316474;B
20240514;110113;42.235;1660;10356316475;B
20240514;110113;42.235;3740;10356316476;B
20240514;110130;42.23;10;10356319996;B
20240514;110130;42.23;1650;10356320111;B
20240514;110130;42.23;10;10356320112;B
20240514;110130;42.23;1190;10356320113;B
20240514;110130;42.235;10;10356320114;B
20240514;110130;42.235;1000;10356320115;B
20240514;110130;42.24;10;10356320116;B
20240514;110130;42.24;1000;10356320117;B
20240514;110130;42.24;10;10356320118;B
20240514;110130;42.245;10;10356320119;B
20240514;110130;42.245;10;10356320120;B
20240514;110130;42.245;3070;10356320121;B
20240514;110130;42.25;10;10356320122;B
20240514;110130;42.25;10;10356320123;B
20240514;110130;42.25;800;10356320124;B
20240514;110130;42.25;1450;10356320125;B
20240514;110138;42.24;110;10356321845;B
20240514;110138;42.245;490;10356321846;B
20240514;110151;42.225;10;10356324537;S
20240514;110151;42.225;10;10356324538;S
20240514;110154;42.24;10;10356325063;B
20240514;110154;42.24;690;10356325064;B
20240514;110158;42.22;40;10356325907;S
20240514;110158;42.215;260;10356325908;S
20240514;110209;42.225;1500;10356328148;B
20240514;110209;42.23;10;10356328149;B
20240514;110209;42.23;1160;10356328150;B
20240514;110209;42.235;260;10356328151;B
20240514;110209;42.235;10;10356328152;B
20240514;110209;42.24;1000;10356328153;B
20240514;110209;42.24;10;10356328154;B
20240514;110209;42.24;1660;10356328155;B
20240514;110209;42.245;8520;10356328156;B
20240514;110209;42.255;50;10356328157;B
20240514;110209;42.255;10;10356328158;B
20240514;110209;42.255;1000;10356328159;B
20240514;110209;42.26;700;10356328160;B
20240514;110209;42.26;10;10356328161;B
20240514;110209;42.26;1070;10356328162;B
20240514;110209;42.265;10;10356328163;B
20240514;110209;42.265;10;10356328164;B
20240514;110209;42.27;10;10356328165;B
20240514;110209;42.27;120;10356328166;B
20240514;110209;42.27;5630;10356328167;B
20240514;110209;42.275;10;10356328168;B
20240514;110209;42.275;10;10356328169;B
20240514;110209;42.275;870;10356328170;B
20240514;110209;42.265;30;10356328192;B
20240514;110225;42.245;500;10356331521;S
20240514;110232;42.265;10;10356332949;B
20240514;110246;42.265;10;10356336681;B
20240514;110247;42.26;10;10356336996;S
20240514;110247;42.25;10;10356336997;S
20240514;110249;42.265;10;10356337347;B
20240514;110249;42.265;60;10356337348;B
20240514;110249;42.265;110;10356337349;B
20240514;110255;42.245;20;10356338556;S
20240514;110317;42.25;10;10356344682;S
20240514;110326;42.265;10;10356346366;B
20240514;110333;42.25;40;10356348076;S
20240514;110336;42.245;450;10356348576;S
20240514;110336;42.245;350;10356348577;S
20240514;110338;42.265;10;10356349291;B
20240514;110346;42.265;10;10356350923;B
20240514;110346;42.265;10;10356350924;B
20240514;110346;42.265;1030;10356350925;B
20240514;110346;42.27;500;10356350926;B
20240514;110346;42.27;20;10356350927;B
20240514;110346;42.27;8430;10356350928;B
20240514;110358;42.265;20;10356353855;S
20240514;110358;42.26;780;10356353856;S
20240514;110405;42.26;10;10356355324;S
20240514;110405;42.255;790;10356355325;S
20240514;110406;42.25;800;10356355699;S
20240514;110415;42.25;10;10356357385;S
20240514;110423;42.265;40;10356358902;B
20240514;110424;42.265;400;10356359146;S
20240514;110425;42.27;60;10356359375;B
20240514;110430;42.27;20;10356360252;B
20240514;110433;42.265;60;10356360719;S
20240514;110433;42.26;740;10356360720;S
20240514;110436;42.275;20;10356361297;B
20240514;110436;42.275;400;10356361298;B
20240514;110436;42.275;1540;10356361299;B
20240514;110436;42.275;980;10356361300;B
20240514;110436;42.275;1000;10356361301;B
20240514;110439;42.275;240;10356361874;S
20240514;110441;42.275;800;10356362164;S
20240514;110445;42.275;180;10356363116;S
20240514;110447;42.275;800;10356363684;S
20240514;110453;42.275;10;10356364851;S
20240514;110454;42.275;160;10356364953;S
20240514;110505;42.275;10;10356366822;S
20240514;110505;42.28;10;10356366872;B
20240514;110505;42.28;10;10356366873;B
20240514;110505;42.28;20;10356366874;B
20240514;110505;42.28;960;10356366875;B
20240514;110506;42.285;10;10356366952;B
20240514;110506;42.285;10;10356366953;B
20240514;110506;42.285;180;10356366954;B
20240514;110506;42.29;30;10356366955;B
20240514;110506;42.29;10;10356366956;B
20240514;110506;42.29;10;10356366957;B
20240514;110506;42.29;10;10356366958;B
20240514;110506;42.29;20;10356366959;B
20240514;110506;42.29;1660;10356366960;B
20240514;110506;42.29;2960;10356366961;B
20240514;110506;42.28;10;10356367017;S
20240514;110507;42.28;800;10356367155;S
20240514;110511;42.285;8510;10356368060;B
20240514;110511;42.285;490;10356368061;B
20240514;110520;42.285;20;10356369629;B
20240514;110525;42.285;70;10356370400;B
20240514;110528;42.285;20;10356370889;B
20240514;110532;42.28;10;10356371559;S
20240514;110539;42.28;70;10356372668;S
20240514;110540;42.285;2250;10356372864;B
20240514;110540;42.285;1660;10356372865;B
20240514;110540;42.285;100;10356372866;B
20240514;110540;42.285;3070;10356372867;B
20240514;110540;42.285;850;10356372868;B
20240514;110540;42.285;2070;10356372869;B
20240514;110546;42.28;50;10356374099;S
20240514;110547;42.28;60;10356374201;S
20240514;110547;42.27;740;10356374202;S
20240514;110547;42.26;40;10356374291;S
20240514;110547;42.255;10;10356374292;S
20240514;110547;42.255;750;10356374293;S
20240514;110549;42.25;690;10356374680;S
20240514;110549;42.25;110;10356374681;S
20240514;110551;42.25;800;10356375008;S
20240514;110557;42.265;250;10356376184;B
20240514;110601;42.265;10;10356377016;B
20240514;110603;42.255;10;10356377408;S
20240514;110603;42.25;290;10356377409;S
20240514;110603;42.25;10;10356377410;S
20240514;110603;42.25;490;10356377411;S
20240514;110611;42.245;70;10356378998;S
20240514;110613;42.265;10;10356379799;B
20240514;110613;42.265;210;10356379800;B
20240514;110619;42.265;20;10356380735;B
20240514;110623;42.26;10;10356381342;S
20240514;110623;42.265;1000;10356381404;B
20240514;110627;42.26;130;10356382033;S
20240514;110627;42.25;110;10356382034;S
20240514;110636;42.245;50;10356384104;S
20240514;110639;42.26;100;10356384763;B
20240514;110644;42.26;10;10356385932;B
20240514;110648;42.26;20;10356386572;B
20240514;110652;42.26;10;10356387245;B
20240514;110659;42.26;10;10356388339;B
20240514;110701;42.265;10;10356388597;B
20240514;110703;42.26;890;10356389296;B
20240514;110703;42.265;430;10356389297;B
20240514;110703;42.265;10;10356389298;B
20240514;110703;42.265;1250;10356389299;B
20240514;110703;42.265;1000;10356389300;B
20240514;110703;42.27;10;10356389301;B
20240514;110703;42.27;8520;10356389302;B
20240514;110703;42.275;10;10356389303;B
20240514;110703;42.275;20;10356389304;B
20240514;110703;42.28;10;10356389305;B
20240514;110703;42.285;10;10356389306;B
20240514;110703;42.285;10;10356389307;B
20240514;110703;42.285;500;10356389308;B
20240514;110703;42.285;2360;10356389309;B
20240514;110703;42.285;3070;10356389310;B
20240514;110703;42.285;1660;10356389311;B
20240514;110703;42.29;10;10356389312;B
20240514;110703;42.29;10;10356389313;B
20240514;110703;42.29;1000;10356389314;B
20240514;110703;42.29;4500;10356389315;B
20240514;110703;42.295;10;10356389316;B
20240514;110703;42.295;10;10356389317;B
20240514;110703;42.295;30;10356389318;B
20240514;110703;42.295;420;10356389319;B
20240514;110703;42.295;1250;10356389320;B
20240514;110703;42.3;140;10356389321;B
20240514;110703;42.3;10;10356389322;B
20240514;110703;42.3;40000;10356389323;B
20240514;110703;42.3;1070;10356389324;B
20240514;110703;42.3;10;10356389325;B
20240514;110703;42.305;10;10356389326;B
20240514;110703;42.305;10;10356389327;B
20240514;110703;42.31;10;10356389328;B
20240514;110703;42.31;10;10356389329;B
20240514;110703;42.315;10;10356389330;B
20240514;110703;42.32;10;10356389331;B
20240514;110703;42.32;500;10356389332;B
20240514;110703;42.325;10;10356389333;B
20240514;110703;42.33;10;10356389334;B
20240514;110703;42.33;10;10356389335;B
20240514;110703;42.33;9600;10356389336;B
20240514;110703;42.335;110;10356389337;B
20240514;110703;42.335;30;10356389338;B
20240514;110703;42.335;6340;10356389339;B
20240514;110703;42.335;10;10356389340;B
20240514;110703;42.335;10000;10356389341;B
20240514;110703;42.335;7000;10356389342;B
20240514;110703;42.335;4000;10356389343;B
20240514;110703;42.335;12000;10356389344;B
20240514;110703;42.34;10;10356389345;B
20240514;110703;42.34;2000;10356389346;B
20240514;110703;42.34;80;10356389347;B
20240514;110703;42.33;1500;10356389360;B
20240514;110704;42.31;30;10356389408;B
20240514;110704;42.33;210;10356389409;B
20240514;110708;42.3;10;10356390330;S
20240514;110722;42.305;200;10356392394;B
20240514;110749;42.3;140;10356397066;B
20240514;110752;42.3;200;10356397457;B
