<DATE>;<TIME>;<LAST>;<VOL>;<ID>;<OPER>
20240307;095958;34.745;250;9789719053;B
20240307;095958;34.745;10;9789719054;S
20240307;095958;34.745;580;9789719055;S
20240307;095958;34.745;2000;9789719056;S
20240307;095958;34.745;500;9789719057;S
20240307;095958;34.745;20;9789719058;B
20240307;095958;34.745;230;9789719059;B
20240307;095958;34.745;10;9789719060;B
20240307;095958;34.745;10;9789719061;B
20240307;095958;34.745;10;9789719062;B
20240307;095958;34.745;510;9789719063;B
20240307;095958;34.745;30;9789719064;B
20240307;095958;34.745;50;9789719065;S
20240307;095958;34.745;20;9789719066;S
20240307;095958;34.745;20;9789719067;S
20240307;095958;34.745;10;9789719068;S
20240307;095958;34.745;110;9789719069;S
20240307;095958;34.745;20;9789719070;S
20240307;095958;34.745;10;9789719071;S
20240307;095958;34.745;10;9789719072;S
20240307;095958;34.745;1250;9789719073;B
20240307;095958;34.745;50;9789719074;B
20240307;095958;34.745;10;9789719075;S
20240307;095958;34.745;2830;9789719076;B
20240307;095958;34.745;10;9789719077;B
20240307;095958;34.745;10;9789719078;B
20240307;100000;34.725;10;9789719875;S
20240307;100001;34.7;10;9789720516;S
20240307;100001;34.69;20;9789720983;B
20240307;100001;34.705;60;9789721293;B
20240307;100002;34.695;10;9789721546;B
20240307;100002;34.675;70;9789721902;B
20240307;100002;34.68;150;9789722354;B
20240307;100005;34.675;50;9789723903;B
20240307;100005;34.685;280;9789723904;B
20240307;100005;34.685;30;9789723906;B
20240307;100005;34.655;10;9789724226;S
20240307;100005;34.685;30;9789724228;B
20240307;100005;34.655;30;9789724464;S
20240307;100006;34.655;20;9789724850;S
20240307;100006;34.675;10;9789725282;B
20240307;100006;34.655;40;9789725477;S
20240307;100007;34.675;20;9789725919;B
20240307;100007;34.655;70;9789725920;S
20240307;100007;34.655;10;9789725931;S
20240307;100007;34.675;100;9789725933;B
20240307;100007;34.675;680;9789726266;B
20240307;100007;34.665;40;9789726297;B
20240307;100007;34.665;10;9789726584;B
20240307;100007;34.665;10;9789726589;B
20240307;100007;34.665;20;9789726601;B
20240307;100007;34.665;30;9789726604;B
20240307;100007;34.665;10;9789726623;B
20240307;100007;34.665;450;9789726624;B
20240307;100008;34.65;30;9789726963;S
20240307;100008;34.665;10;9789726980;B
20240307;100008;34.65;40;9789727022;S
20240307;100008;34.65;30;9789727028;S
20240307;100008;34.665;20;9789727036;B
20240307;100009;34.675;10;9789727955;B
20240307;100009;34.675;10;9789727956;B
20240307;100010;34.65;50;9789728783;S
20240307;100010;34.65;470;9789728784;S
20240307;100011;34.645;20;9789729326;B
20240307;100011;34.625;10;9789729511;S
20240307;100016;34.625;20;9789731412;S
20240307;100017;34.625;2910;9789731629;S
20240307;100017;34.625;220;9789731630;S
20240307;100017;34.625;2920;9789731632;B
20240307;100017;34.625;3410;9789731633;B
20240307;100020;34.625;30;9789732659;B
20240307;100020;34.625;40;9789732660;B
20240307;100021;34.625;10;9789732761;B
20240307;100031;34.625;280;9789735590;B
20240307;100041;34.62;30;9789738153;S
20240307;100041;34.62;20;9789738154;S
20240307;100050;34.62;10;9789740234;S
20240307;100058;34.625;10;9789741889;B
20240307;100125;34.62;1550;9789746867;S
20240307;100143;34.625;150;9789750180;B
20240307;100149;34.625;140;9789751521;S
20240307;100200;34.625;10;9789753686;S
20240307;100207;34.645;80;9789754720;B
20240307;100207;34.66;50;9789754721;B
20240307;100211;34.665;20;9789755326;B
20240307;100217;34.675;300;9789756358;B
20240307;100224;34.675;70;9789757573;B
20240307;100229;34.68;100;9789758474;B
20240307;100229;34.68;80;9789758475;B
20240307;100229;34.68;320;9789758476;B
20240307;100230;34.645;480;9789758551;S
20240307;100230;34.645;520;9789758552;S
20240307;100248;34.66;400;9789761436;B
20240307;100248;34.665;480;9789761437;B
20240307;100248;34.67;1640;9789761438;B
20240307;100248;34.675;760;9789761439;B
20240307;100310;34.695;30;9789765133;B
20240307;100310;34.695;420;9789765134;B
20240307;100311;34.69;300;9789765284;S
20240307;100312;34.705;10;9789765485;B
20240307;100312;34.71;10;9789765486;B
20240307;100312;34.715;10;9789765488;B
20240307;100312;34.715;350;9789765494;S
20240307;100313;34.71;1000;9789765741;S
20240307;100313;34.71;1000;9789765742;S
20240307;100324;34.72;10;9789767545;B
20240307;100334;34.725;10;9789769413;B
20240307;100342;34.705;70;9789770814;S
20240307;100348;34.72;70;9789772225;B
20240307;100348;34.725;50;9789772226;B
20240307;100348;34.725;780;9789772227;B
20240307;100351;34.705;410;9789772875;S
20240307;100351;34.705;90;9789772876;S
20240307;100354;34.715;10;9789773337;B
20240307;100357;34.715;10;9789773860;B
20240307;100400;34.705;460;9789774565;S
20240307;100400;34.705;670;9789774566;S
20240307;100400;34.705;330;9789774656;S
20240307;100404;34.695;150;9789775432;S
20240307;100405;34.69;30;9789775703;S
20240307;100406;34.7;390;9789775871;B
20240307;100406;34.705;1130;9789775961;B
20240307;100406;34.72;390;9789775962;B
20240307;100406;34.72;4900;9789776098;B
20240307;100408;34.71;50;9789776593;S
20240307;100414;34.715;70;9789777982;S
20240307;100416;34.715;140;9789778354;S
20240307;100418;34.715;180;9789778767;S
20240307;100419;34.715;100;9789778960;S
20240307;100422;34.72;670;9789779547;B
20240307;100424;34.715;200;9789779936;S
20240307;100425;34.72;1000;9789780283;B
20240307;100425;34.72;10;9789780284;B
20240307;100425;34.72;10;9789780285;B
20240307;100425;34.715;160;9789780329;S
20240307;100425;34.72;60;9789780330;B
20240307;100428;34.72;1000;9789780858;B
20240307;100429;34.72;1960;9789780991;B
20240307;100429;34.725;40;9789780992;B
20240307;100436;34.74;100;9789782293;B
20240307;100441;34.72;470;9789783162;S
20240307;100441;34.72;660;9789783163;S
20240307;100441;34.72;340;9789783263;S
20240307;100441;34.715;150;9789783264;S
20240307;100441;34.71;370;9789783265;S
20240307;100442;34.705;630;9789783350;S
20240307;100442;34.705;500;9789783351;S
20240307;100442;34.705;500;9789783456;S
20240307;100442;34.705;480;9789783457;S
20240307;100442;34.7;150;9789783458;S
20240307;100442;34.695;1000;9789783493;S
20240307;100443;34.7;200;9789783575;B
20240307;100443;34.7;280;9789783577;B
20240307;100443;34.7;220;9789783578;B
20240307;100443;34.68;10;9789783686;S
20240307;100443;34.69;320;9789783747;S
20240307;100443;34.69;1000;9789783748;S
20240307;100443;34.685;1180;9789783749;S
20240307;100454;34.69;30;9789785557;B
20240307;100457;34.68;170;9789786328;S
20240307;100502;34.69;700;9789787303;B
20240307;100502;34.68;1130;9789787619;S
20240307;100502;34.685;1130;9789787664;B
20240307;100503;34.685;1130;9789787717;S
20240307;100503;34.685;1130;9789787765;B
20240307;100510;34.7;110;9789789174;B
20240307;100512;34.7;10;9789789394;B
20240307;100513;34.7;220;9789789650;B
20240307;100513;34.7;130;9789789651;B
20240307;100513;34.7;1130;9789789652;B
20240307;100513;34.7;1130;9789789726;S
20240307;100518;34.7;20;9789790703;S
20240307;100519;34.705;10;9789790741;B
20240307;100536;34.7;310;9789793255;B
20240307;100536;34.7;800;9789793288;S
20240307;100536;34.7;330;9789793289;S
20240307;100544;34.71;30;9789794767;B
20240307;100549;34.71;100;9789795618;B
20240307;100549;34.715;120;9789795619;B
20240307;100604;34.715;20;9789798037;B
20240307;100605;34.71;370;9789798167;S
20240307;100609;34.71;10;9789798956;S
20240307;100610;34.71;20;9789799030;S
20240307;100621;34.715;20;9789801420;B
20240307;100621;34.72;180;9789801421;B
20240307;100628;34.71;10;9789803125;S
20240307;100628;34.715;30;9789803136;B
20240307;100634;34.715;150;9789804096;B
20240307;100635;34.715;10;9789804338;B
20240307;100639;34.71;90;9789804971;S
20240307;100644;34.715;10;9789805884;B
20240307;100650;34.715;10;9789807005;B
20240307;100650;34.71;1700;9789807007;S
20240307;100651;34.71;20;9789807105;S
20240307;100653;34.71;350;9789807458;S
20240307;100656;34.715;10;9789808007;B
20240307;100700;34.71;830;9789808690;S
20240307;100700;34.71;380;9789808691;S
20240307;100700;34.71;260;9789808692;S
20240307;100700;34.71;2220;9789808693;S
20240307;100713;34.705;10;9789810741;B
20240307;100720;34.705;10;9789812141;B
20240307;100731;34.7;30;9789814150;S
20240307;100731;34.69;10;9789814151;S
20240307;100731;34.69;340;9789814152;S
20240307;100732;34.7;50;9789814240;B
20240307;100745;34.69;160;9789816098;S
20240307;100757;34.685;480;9789817726;S
20240307;100800;34.685;40;9789818116;B
20240307;100801;34.68;60;9789818316;S
20240307;100801;34.675;40;9789818317;S
20240307;100811;34.685;10;9789819719;B
20240307;100813;34.685;50;9789819974;B
20240307;100814;34.675;360;9789819994;S
20240307;100814;34.67;290;9789819995;S
20240307;100814;34.67;160;9789819996;S
20240307;100814;34.67;300;9789819997;S
20240307;100814;34.665;1500;9789819998;S
20240307;100814;34.66;480;9789819999;S
20240307;100814;34.655;10;9789820000;S
20240307;100814;34.655;150;9789820001;S
20240307;100827;34.67;40;9789821762;B
20240307;100829;34.675;250;9789821942;B
20240307;100832;34.66;10;9789822436;S
20240307;100846;34.66;20;9789824180;S
20240307;100846;34.655;30;9789824181;S
20240307;100851;34.67;460;9789824918;B
20240307;100851;34.675;680;9789824919;B
20240307;100854;34.675;20;9789825360;B
20240307;100854;34.68;480;9789825361;B
20240307;100854;34.68;500;9789825362;B
20240307;100855;34.67;10;9789825418;B
20240307;100858;34.665;70;9789825801;S
20240307;100858;34.665;300;9789825802;S
20240307;100858;34.66;630;9789825803;S
20240307;100900;34.67;10;9789826131;B
20240307;100905;34.67;220;9789826598;B
20240307;100905;34.675;480;9789826599;B
20240307;100905;34.675;300;9789826600;B
20240307;100921;34.66;300;9789828616;S
20240307;100921;34.66;40;9789828617;S
20240307;100921;34.655;11530;9789828618;S
20240307;100921;34.655;480;9789828619;S
20240307;100921;34.655;1760;9789828620;S
20240307;100924;34.655;20;9789829023;B
20240307;100930;34.655;30;9789829674;B
20240307;100931;34.655;120;9789829824;B
20240307;100935;34.655;30;9789830285;B
20240307;100952;34.655;20;9789832562;B
20240307;100954;34.655;570;9789832856;B
20240307;100955;34.655;10;9789832955;B
20240307;101000;34.65;100;9789833349;S
20240307;101000;34.65;300;9789833350;S
20240307;101000;34.65;100;9789833351;S
20240307;101000;34.65;250;9789833352;S
20240307;101000;34.65;300;9789833353;S
20240307;101000;34.65;60;9789833354;S
20240307;101000;34.645;40;9789833355;S
20240307;101000;34.64;10;9789833356;S
20240307;101000;34.64;10;9789833357;S
20240307;101000;34.64;830;9789833358;S
20240307;101004;34.65;30;9789834018;B
20240307;101016;34.65;50;9789835701;B
20240307;101022;34.655;50;9789836567;B
20240307;101028;34.655;10;9789837334;B
20240307;101028;34.655;20;9789837381;B
20240307;101032;34.655;720;9789837858;B
20240307;101033;34.655;30;9789837980;B
20240307;101038;34.655;20;9789838728;B
20240307;101039;34.65;10;9789838909;S
20240307;101044;34.65;180;9789839600;S
20240307;101045;34.655;500;9789839756;B
20240307;101049;34.65;760;9789840404;S
20240307;101049;34.65;240;9789840405;S
20240307;101050;34.655;500;9789840529;B
20240307;101055;34.65;20;9789841157;S
20240307;101057;34.65;10;9789841394;S
20240307;101058;34.655;10;9789841566;B
20240307;101059;34.655;20;9789841715;B
20240307;101100;34.655;210;9789841909;B
20240307;101100;34.66;290;9789841910;B
20240307;101121;34.66;200;9789844867;B
20240307;101123;34.65;30;9789845476;S
20240307;101125;34.66;20;9789845809;B
20240307;101132;34.66;100;9789846832;B
20240307;101150;34.66;440;9789848903;B
20240307;101150;34.665;480;9789848904;B
20240307;101150;34.665;20;9789848905;B
20240307;101150;34.665;280;9789848906;B
20240307;101150;34.67;320;9789848907;B
20240307;101150;34.67;1130;9789848908;B
20240307;101150;34.675;8500;9789848909;B
20240307;101150;34.675;2300;9789848910;B
20240307;101154;34.67;50;9789849410;B
20240307;101210;34.66;10;9789851611;S
20240307;101210;34.655;140;9789851612;S
20240307;101214;34.665;10;9789852194;B
20240307;101219;34.66;80;9789852767;B
20240307;101219;34.665;20;9789852768;B
20240307;101219;34.665;180;9789852769;B
20240307;101228;34.66;10;9789853978;B
20240307;101235;34.655;20;9789855133;B
20240307;101235;34.65;400;9789855199;S
20240307;101238;34.655;40;9789855660;B
20240307;101238;34.66;60;9789855661;B
20240307;101248;34.65;10;9789857446;S
20240307;101307;34.65;30;9789859901;S
20240307;101307;34.65;10;9789859902;S
20240307;101307;34.65;10;9789859903;S
20240307;101307;34.65;10;9789859904;S
20240307;101307;34.65;300;9789859905;S
20240307;101307;34.65;20;9789859906;S
20240307;101307;34.65;420;9789859907;S
20240307;101312;34.65;170;9789860647;S
20240307;101312;34.65;480;9789860648;S
20240307;101312;34.65;1440;9789860649;S
20240307;101312;34.65;10;9789860650;S
20240307;101312;34.645;10;9789860651;S
20240307;101312;34.645;270;9789860652;S
20240307;101312;34.64;10;9789860653;S
20240307;101312;34.64;10;9789860654;S
20240307;101312;34.64;11540;9789860655;S
20240307;101312;34.635;100;9789860656;B
20240307;101313;34.63;50;9789860876;B
20240307;101326;34.625;10;9789862242;B
20240307;101329;34.625;40;9789862551;B
20240307;101330;34.62;20;9789862751;S
20240307;101332;34.625;10;9789863009;B
20240307;101332;34.625;130;9789863052;B
20240307;101332;34.63;270;9789863053;B
20240307;101333;34.63;900;9789863144;S
20240307;101336;34.63;20;9789863511;B
20240307;101336;34.635;5960;9789863512;B
20240307;101336;34.635;1130;9789863513;B
20240307;101336;34.635;480;9789863514;B
20240307;101336;34.64;270;9789863515;B
20240307;101336;34.655;470;9789863516;B
20240307;101337;34.65;30;9789863572;B
20240307;101343;34.645;10;9789864582;B
20240307;101343;34.645;240;9789864583;B
20240307;101350;34.62;40;9789865673;S
20240307;101350;34.62;200;9789865674;S
20240307;101350;34.62;10;9789865675;S
20240307;101350;34.62;10;9789865676;S
20240307;101350;34.62;100;9789865677;S
20240307;101350;34.62;1130;9789865743;S
20240307;101351;34.615;50;9789865836;S
20240307;101419;34.625;20;9789869446;B
20240307;101420;34.625;530;9789869619;S
20240307;101420;34.63;20;9789869644;B
20240307;101436;34.63;140;9789872046;B
20240307;101451;34.625;10;9789874016;S
20240307;101452;34.635;10;9789874268;B
20240307;101509;34.625;430;9789877252;S
20240307;101509;34.625;110;9789877253;S
20240307;101519;34.62;1130;9789879991;B
20240307;101519;34.62;260;9789879992;B
20240307;101523;34.625;70;9789881021;B
20240307;101523;34.63;30;9789881022;B
20240307;101531;34.62;160;9789882477;S
20240307;101531;34.62;170;9789882478;S
20240307;101531;34.62;30;9789882479;S
20240307;101538;34.615;10;9789883683;S
20240307;101539;34.615;40;9789883805;S
20240307;101539;34.615;320;9789883806;S
20240307;101545;34.615;10;9789885041;S
20240307;101548;34.615;10;9789885691;S
20240307;101550;34.62;500;9789886059;B
20240307;101550;34.62;560;9789886171;B
20240307;101553;34.62;20;9789886690;B
20240307;101559;34.62;10;9789887687;B
20240307;101601;34.615;160;9789888031;S
20240307;101601;34.615;680;9789888032;S
20240307;101601;34.615;500;9789888033;S
20240307;101601;34.615;460;9789888034;S
20240307;101601;34.615;100;9789888035;S
20240307;101601;34.615;1970;9789888036;S
20240307;101601;34.61;300;9789888037;S
20240307;101601;34.61;10;9789888038;S
20240307;101601;34.61;10;9789888039;S
20240307;101601;34.61;30;9789888040;S
20240307;101601;34.61;10;9789888041;S
20240307;101601;34.61;10;9789888042;S
20240307;101601;34.61;10;9789888043;S
20240307;101601;34.61;30;9789888044;S
20240307;101601;34.61;300;9789888045;S
20240307;101601;34.61;10;9789888046;S
20240307;101601;34.61;10;9789888047;S
20240307;101601;34.61;20;9789888048;S
20240307;101601;34.61;50;9789888049;S
20240307;101601;34.61;50;9789888050;S
20240307;101601;34.61;100;9789888051;S
20240307;101601;34.605;50;9789888052;S
20240307;101601;34.6;1660;9789888053;S
20240307;101601;34.6;210;9789888054;S
20240307;101601;34.6;100;9789888055;S
20240307;101601;34.6;10;9789888056;S
20240307;101601;34.6;20;9789888057;S
20240307;101601;34.6;20;9789888058;S
20240307;101601;34.6;20;9789888059;S
20240307;101601;34.6;500;9789888060;S
20240307;101601;34.6;10;9789888061;S
20240307;101601;34.6;580;9789888068;B
20240307;101601;34.6;2000;9789888069;B
20240307;101601;34.61;420;9789888082;B
20240307;101601;34.61;60;9789888121;B
20240307;101601;34.615;1130;9789888122;B
20240307;101601;34.62;4510;9789888123;B
20240307;101601;34.62;4040;9789888312;B
20240307;101601;34.62;200;9789888313;B
20240307;101602;34.64;400;9789888473;B
20240307;101602;34.645;100;9789888474;B
20240307;101603;34.625;140;9789888635;S
20240307;101611;34.64;100;9789891026;B
20240307;101613;34.64;10;9789891352;B
20240307;101618;34.625;50;9789892439;S
20240307;101623;34.635;40;9789893749;B
20240307;101642;34.625;290;9789897038;S
20240307;101642;34.625;450;9789897039;S
20240307;101642;34.625;420;9789897040;S
20240307;101642;34.625;80;9789897041;S
20240307;101642;34.625;50;9789897042;S
20240307;101642;34.625;980;9789897044;B
20240307;101650;34.625;200;9789899311;B
20240307;101651;34.62;40;9789899600;S
20240307;101652;34.625;1140;9789899861;B
20240307;101654;34.62;10;9789900172;S
20240307;101656;34.625;10;9789900681;B
20240307;101704;34.62;1400;9789902519;S
20240307;101705;34.625;70;9789902763;B
20240307;101707;34.625;1820;9789902939;B
20240307;101717;34.62;250;9789904544;S
20240307;101719;34.625;4450;9789904680;B
20240307;101722;34.625;10;9789905454;B
20240307;101730;34.62;4500;9789906893;S
20240307;101730;34.62;10;9789906894;S
20240307;101733;34.615;10;9789907546;S
20240307;101737;34.62;490;9789908448;B
20240307;101738;34.625;10;9789908480;B
20240307;101752;34.625;20;9789912332;B
20240307;101752;34.625;10;9789912333;B
20240307;101753;34.625;10;9789912534;S
20240307;101753;34.62;10;9789912535;S
20240307;101759;34.635;130;9789913744;B
20240307;101809;34.635;10;9789916300;B
20240307;101815;34.63;50;9789917506;B
20240307;101824;34.63;10;9789918600;B
20240307;101830;34.63;50;9789919242;B
20240307;101830;34.635;950;9789919243;B
20240307;101836;34.64;10;9789919876;B
20240307;101856;34.64;10;9789922132;B
20240307;101911;34.64;10;9789923800;B
20240307;101927;34.65;10;9789926571;B
20240307;101934;34.65;30;9789927492;B
20240307;101939;34.65;5000;9789927915;B
20240307;101939;34.65;90;9789927956;B
20240307;101943;34.65;10;9789928369;B
20240307;101944;34.65;10;9789928398;B
20240307;101951;34.65;3460;9789929048;B
20240307;101958;34.65;70;9789929714;B
20240307;102000;34.65;10;9789929924;B
20240307;102002;34.65;30;9789930454;B
20240307;102009;34.64;100;9789931599;S
20240307;102012;34.65;600;9789931960;B
20240307;102013;34.65;10;9789932178;B
20240307;102021;34.65;10;9789934024;B
20240307;102023;34.65;30;9789935495;B
20240307;102031;34.65;10;9789937978;B
20240307;102034;34.65;690;9789938518;B
20240307;102034;34.65;6000;9789938565;B
20240307;102038;34.65;10;9789939440;B
20240307;102048;34.65;390;9789941589;B
20240307;102051;34.65;30;9789942235;B
20240307;102052;34.645;20;9789942266;S
20240307;102058;34.65;10;9789943990;B
20240307;102101;34.65;70;9789944482;B
20240307;102104;34.65;20;9789945774;B
20240307;102114;34.65;10;9789948124;B
20240307;102116;34.645;10;9789948992;S
20240307;102127;34.65;10;9789951401;B
20240307;102129;34.65;30;9789952136;B
20240307;102129;34.645;30;9789952469;S
20240307;102129;34.645;70;9789952470;S
20240307;102142;34.65;60;9789955241;B
20240307;102143;34.65;50;9789955344;B
20240307;102146;34.65;10;9789956455;B
20240307;102155;34.645;120;9789958343;S
20240307;102157;34.645;140;9789958969;S
20240307;102157;34.645;10;9789958970;S
20240307;102157;34.645;10;9789958971;S
20240307;102157;34.645;10;9789958972;S
20240307;102157;34.645;10;9789958973;S
20240307;102157;34.645;10;9789958974;S
20240307;102157;34.645;10;9789958975;S
20240307;102157;34.645;10;9789958976;S
20240307;102157;34.645;10;9789958977;S
20240307;102157;34.645;10;9789958978;S
20240307;102157;34.645;10;9789958979;S
20240307;102157;34.645;10;9789958980;S
20240307;102157;34.645;10;9789958981;S
20240307;102157;34.645;10;9789958982;S
20240307;102157;34.645;10;9789958983;S
20240307;102157;34.645;10;9789958984;S
20240307;102157;34.645;10;9789958985;S
20240307;102157;34.645;10;9789958986;S
20240307;102157;34.645;10;9789958987;S
20240307;102157;34.645;10;9789958988;S
20240307;102157;34.645;10;9789958989;S
20240307;102157;34.645;10;9789958990;S
20240307;102157;34.645;10;9789958991;S
20240307;102157;34.645;10;9789958992;S
20240307;102157;34.645;10;9789958993;S
20240307;102157;34.645;90;9789958994;S
20240307;102157;34.645;10;9789958996;B
20240307;102157;34.645;10;9789958997;B
20240307;102157;34.645;10;9789958998;B
20240307;102158;34.65;500;9789959055;B
20240307;102201;34.65;20;9789959665;B
20240307;102201;34.65;20;9789959733;B
20240307;102205;34.65;10;9789960435;B
20240307;102210;34.645;10;9789961804;S
20240307;102210;34.645;10;9789961805;S
20240307;102210;34.645;10;9789961806;S
20240307;102210;34.645;10;9789961807;S
20240307;102210;34.645;10;9789961808;S
20240307;102210;34.645;50;9789961809;S
20240307;102210;34.645;10;9789961815;B
20240307;102210;34.645;10;9789961816;B
20240307;102213;34.65;20;9789962464;B
20240307;102218;34.645;10;9789963407;S
20240307;102219;34.65;120;9789963477;B
20240307;102240;34.65;10;9789968019;B
20240307;102257;34.65;10;9789972433;B
20240307;102257;34.645;10;9789972452;S
20240307;102257;34.645;10;9789972453;S
20240307;102257;34.645;40;9789972454;S
20240307;102304;34.65;30;9789974248;B
20240307;102309;34.645;10;9789975764;S
20240307;102309;34.645;10;9789975765;S
20240307;102309;34.645;10;9789975806;S
20240307;102309;34.645;10;9789975807;S
20240307;102309;34.645;10;9789975818;B
20240307;102309;34.645;10;9789975822;B
20240307;102309;34.645;10;9789975829;B
20240307;102309;34.645;10;9789975830;B
20240307;102309;34.645;10;9789975844;B
20240307;102309;34.645;10;9789975846;B
20240307;102310;34.645;10;9789975853;B
20240307;102315;34.645;40;9789976494;B
20240307;102321;34.645;30;9789977188;B
20240307;102323;34.645;120;9789978404;B
20240307;102324;34.645;10;9789979065;B
20240307;102336;34.645;10;9789980668;B
20240307;102336;34.645;10;9789980670;B
20240307;102336;34.645;20;9789980671;B
20240307;102336;34.645;10;9789980672;B
20240307;102338;34.645;10;9789981430;B
20240307;102338;34.645;10;9789981441;B
20240307;102338;34.645;10;9789981442;B
20240307;102338;34.645;10;9789981443;B
20240307;102338;34.645;10;9789981444;B
20240307;102338;34.645;20;9789981445;B
20240307;102338;34.645;10;9789981446;B
20240307;102338;34.645;10;9789981447;B
20240307;102338;34.645;10;9789981448;B
20240307;102338;34.645;10;9789981449;B
20240307;102338;34.645;10;9789981450;B
20240307;102338;34.645;10;9789981452;B
20240307;102339;34.645;190;9789981560;B
20240307;102340;34.645;10;9789981957;B
20240307;102346;34.645;100;9789982618;B
20240307;102350;34.64;10;9789983104;S
20240307;102350;34.64;3100;9789983105;S
20240307;102350;34.64;30;9789983106;S
20240307;102350;34.63;800;9789983107;S
20240307;102350;34.63;10;9789983108;S
20240307;102350;34.63;90;9789983109;S
20240307;102350;34.63;480;9789983110;S
20240307;102350;34.62;50;9789983111;S
20240307;102350;34.62;430;9789983112;S
20240307;102352;34.625;10;9789983250;B
20240307;102401;34.62;10;9789985976;S
20240307;102406;34.62;60;9789986635;S
20240307;102410;34.615;10;9789987936;S
20240307;102410;34.615;10;9789987949;S
20240307;102410;34.615;10;9789987950;S
20240307;102410;34.615;10;9789987957;S
20240307;102410;34.615;10;9789987968;S
20240307;102410;34.615;10;9789987969;S
20240307;102410;34.615;10;9789987975;S
20240307;102410;34.615;10;9789987976;S
20240307;102410;34.615;10;9789987977;S
20240307;102410;34.615;10;9789987978;S
20240307;102410;34.615;10;9789987979;S
20240307;102410;34.615;10;9789987984;S
20240307;102410;34.615;10;9789987986;S
20240307;102410;34.615;10;9789987992;S
20240307;102410;34.615;10;9789987995;S
20240307;102410;34.615;10;9789987998;S
20240307;102411;34.615;10;9789988014;S
20240307;102411;34.615;70;9789988017;S
20240307;102411;34.615;50;9789988032;S
20240307;102411;34.615;70;9789988034;S
20240307;102411;34.615;50;9789988037;S
20240307;102411;34.615;70;9789988039;S
20240307;102411;34.615;30;9789988041;S
20240307;102411;34.615;20;9789988042;S
20240307;102411;34.615;70;9789988052;S
20240307;102411;34.615;50;9789988053;S
20240307;102411;34.615;70;9789988059;S
20240307;102411;34.615;50;9789988060;S
20240307;102411;34.615;70;9789988064;S
20240307;102411;34.615;50;9789988066;S
20240307;102411;34.615;70;9789988073;S
20240307;102411;34.615;50;9789988074;S
20240307;102411;34.615;70;9789988079;S
20240307;102411;34.615;50;9789988080;S
20240307;102411;34.615;70;9789988088;S
20240307;102411;34.615;50;9789988090;S
20240307;102411;34.615;70;9789988094;S
20240307;102411;34.615;40;9789988095;S
20240307;102411;34.615;40;9789988101;S
20240307;102422;34.62;680;9789990349;B
20240307;102424;34.62;10;9789990737;B
20240307;102438;34.615;10;9789994232;B
20240307;102441;34.615;30;9789994654;B
20240307;102448;34.61;10;9789996811;S
20240307;102448;34.61;20;9789996812;S
20240307;102448;34.61;10;9789996813;S
20240307;102448;34.61;20;9789996814;S
20240307;102448;34.61;20;9789996815;S
20240307;102449;34.61;450;9789996962;S
20240307;102449;34.61;10;9789996963;S
20240307;102449;34.61;10;9789996964;S
20240307;102449;34.605;30;9789996965;S
20240307;102450;34.615;700;9789997116;B
20240307;102457;34.61;10;9789999040;S
20240307;102503;34.615;700;9790000312;B
20240307;102503;34.615;170;9790000313;B
20240307;102507;34.615;10;9790001014;B
20240307;102507;34.615;100;9790001029;B
20240307;102512;34.605;80;9790001974;S
20240307;102520;34.61;10;9790003575;S
20240307;102521;34.605;2490;9790003777;S
20240307;102543;34.61;10;9790009507;B
20240307;102545;34.61;100;9790009979;B
20240307;102549;34.61;8080;9790010767;B
20240307;102549;34.61;14920;9790010768;B
20240307;102554;34.615;10;9790012193;B
20240307;102606;34.62;10;9790014687;B
20240307;102620;34.62;10;9790016757;B
20240307;102622;34.605;100;9790017132;S
20240307;102622;34.605;10;9790017133;S
20240307;102622;34.605;290;9790017134;S
20240307;102626;34.62;10;9790017715;B
20240307;102635;34.62;10;9790020640;B
20240307;102637;34.62;250;9790021100;B
20240307;102652;34.615;10;9790024147;B
20240307;102652;34.62;20;9790024148;B
20240307;102655;34.62;170;9790024723;B
20240307;102702;34.61;10;9790026872;S
20240307;102706;34.615;10;9790027276;B
20240307;102706;34.615;10;9790027299;B
20240307;102708;34.62;10;9790027430;B
20240307;102714;34.615;530;9790029969;S
20240307;102715;34.615;30;9790030028;S
20240307;102715;34.615;30;9790030029;S
20240307;102715;34.61;40;9790030030;S
20240307;102721;34.615;10;9790030768;B
20240307;102725;34.62;30;9790032487;B
20240307;102731;34.615;20;9790033643;S
20240307;102732;34.615;10;9790033867;S
20240307;102732;34.62;30;9790033868;B
20240307;102732;34.62;480;9790033869;B
20240307;102732;34.62;10;9790033870;B
20240307;102732;34.62;80;9790033871;B
20240307;102732;34.62;10;9790033872;B
20240307;102732;34.62;10;9790033873;B
20240307;102732;34.62;20;9790033874;B
20240307;102732;34.62;10;9790033875;B
20240307;102732;34.62;10;9790033876;B
20240307;102732;34.62;20;9790033877;B
20240307;102732;34.62;20;9790033878;B
20240307;102732;34.62;20;9790033879;B
20240307;102732;34.62;10;9790033880;B
20240307;102732;34.62;20;9790033881;B
20240307;102732;34.62;20;9790033882;B
20240307;102732;34.62;30;9790033883;B
20240307;102732;34.62;20;9790033884;B
20240307;102756;34.62;80;9790038024;S
20240307;102809;34.64;160;9790039424;B
20240307;102810;34.64;320;9790039534;B
20240307;102810;34.64;10;9790039535;B
20240307;102815;34.65;10;9790040625;B
20240307;102825;34.65;40;9790041787;B
20240307;102825;34.65;100;9790041788;B
20240307;102825;34.65;30;9790041789;B
20240307;102831;34.65;10;9790042687;B
20240307;102835;34.65;10;9790043272;B
20240307;102837;34.655;10;9790043519;B
20240307;102842;34.66;250;9790044257;B
20240307;102845;34.655;10;9790044785;B
20240307;102847;34.655;400;9790045027;B
20240307;102849;34.655;510;9790045381;S
20240307;102851;34.655;1380;9790045590;S
20240307;102851;34.655;60;9790045591;S
20240307;102851;34.65;90;9790045592;S
20240307;102851;34.65;2470;9790045593;S
20240307;102858;34.66;250;9790046588;B
20240307;102902;34.65;60;9790047578;S
20240307;102922;34.65;220;9790049739;S
20240307;102934;34.66;200;9790051293;B
20240307;102934;34.66;50;9790051294;B
20240307;102937;34.66;290;9790051516;B
20240307;102937;34.66;160;9790051517;B
20240307;102940;34.66;20;9790051794;B
20240307;102941;34.66;50;9790051845;B
20240307;102944;34.66;50;9790052215;B
20240307;102950;34.66;10;9790052884;B
20240307;102954;34.655;10;9790053268;S
20240307;102956;34.66;1500;9790053702;B
20240307;102958;34.66;170;9790053918;B
20240307;102958;34.655;10;9790053930;S
20240307;102958;34.655;20;9790053931;S
20240307;102958;34.655;10;9790053932;S
20240307;102958;34.655;2890;9790053933;S
20240307;102958;34.655;450;9790053934;S
20240307;102958;34.65;6620;9790053935;S
20240307;103000;34.655;1860;9790054384;B
20240307;103000;34.655;1360;9790054385;B
20240307;103000;34.66;18040;9790054386;B
20240307;103000;34.66;450;9790054387;B
20240307;103007;34.665;10;9790055969;B
20240307;103007;34.665;20;9790056007;B
20240307;103007;34.67;10;9790056008;B
20240307;103008;34.67;10;9790056055;B
20240307;103010;34.665;10;9790056362;S
20240307;103010;34.67;10;9790056363;B
20240307;103013;34.67;40;9790056547;B
20240307;103013;34.67;5000;9790056615;B
20240307;103013;34.67;40;9790056616;B
20240307;103014;34.665;100;9790056642;S
20240307;103019;34.67;150;9790057192;B
20240307;103020;34.67;9000;9790057246;B
20240307;103020;34.67;200;9790057247;B
20240307;103022;34.67;5000;9790057460;B
20240307;103022;34.67;50;9790057461;B
20240307;103024;34.67;20;9790057657;B
20240307;103025;34.67;50;9790057708;B
20240307;103027;34.67;180;9790057930;B
20240307;103030;34.67;50;9790058175;B
20240307;103030;34.67;190;9790058176;B
20240307;103030;34.67;10;9790058177;B
20240307;103030;34.675;10;9790058178;B
20240307;103030;34.675;910;9790058179;B
20240307;103030;34.675;10;9790058180;B
20240307;103030;34.675;410;9790058181;B
20240307;103031;34.675;50;9790058261;B
20240307;103031;34.675;30;9790058262;B
20240307;103031;34.675;20;9790058263;B
20240307;103041;34.67;100;9790059523;S
20240307;103048;34.675;120;9790060158;B
20240307;103048;34.675;190;9790060159;B
20240307;103050;34.675;80;9790060391;B
20240307;103050;34.675;380;9790060392;B
20240307;103059;34.675;310;9790061536;B
20240307;103059;34.68;200;9790061537;B
20240307;103059;34.68;7490;9790061538;B
20240307;103105;34.68;10;9790062167;B
20240307;103107;34.675;160;9790062272;B
20240307;103108;34.675;360;9790062370;B
20240307;103109;34.675;20;9790062548;B
20240307;103111;34.675;50;9790062765;B
20240307;103113;34.675;340;9790062842;B
20240307;103113;34.68;23380;9790062843;B
20240307;103116;34.675;3250;9790063266;B
20240307;103116;34.675;1750;9790063267;B
20240307;103119;34.675;10;9790063612;B
20240307;103120;34.675;10;9790063775;B
20240307;103121;34.675;10;9790063868;B
20240307;103121;34.675;40;9790063869;B
20240307;103121;34.675;10;9790063934;B
20240307;103121;34.675;190;9790063935;B
20240307;103122;34.675;40;9790064029;B
20240307;103123;34.675;10;9790064115;B
20240307;103123;34.675;10;9790064157;B
20240307;103126;34.675;30;9790064407;B
20240307;103126;34.675;60;9790064408;B
20240307;103128;34.675;20;9790064665;B
20240307;103130;34.675;340;9790064817;B
20240307;103130;34.675;1660;9790064818;B
20240307;103130;34.675;50;9790064819;B
20240307;103130;34.675;10;9790064820;B
20240307;103130;34.675;130;9790064821;B
20240307;103130;34.675;10;9790064822;B
20240307;103133;34.68;900;9790065271;B
20240307;103139;34.68;50;9790066059;B
20240307;103139;34.68;40;9790066060;B
20240307;103141;34.68;40;9790066264;B
20240307;103142;34.68;160;9790066393;B
20240307;103142;34.68;10;9790066394;B
20240307;103142;34.675;10;9790066481;S
20240307;103142;34.67;10;9790066482;S
20240307;103142;34.67;10;9790066483;S
20240307;103142;34.67;50;9790066484;S
20240307;103142;34.67;10;9790066485;S
20240307;103143;34.67;50;9790066618;B
20240307;103144;34.67;120;9790066785;B
20240307;103151;34.67;10;9790067591;B
20240307;103151;34.67;10;9790067664;B
20240307;103155;34.67;2000;9790067990;B
20240307;103156;34.67;30;9790068112;B
20240307;103157;34.665;30;9790068286;S
20240307;103204;34.67;280;9790069130;B
20240307;103207;34.67;1410;9790069781;B
20240307;103207;34.67;160;9790069782;B
20240307;103207;34.67;10;9790069783;B
20240307;103207;34.68;1420;9790069784;B
20240307;103214;34.67;50;9790070463;B
20240307;103217;34.665;20;9790070799;S
20240307;103219;34.67;200;9790070900;B
20240307;103220;34.67;150;9790071097;B
20240307;103221;34.67;200;9790071194;B
20240307;103224;34.67;10;9790071685;B
20240307;103224;34.67;50;9790071751;B
20240307;103228;34.67;100;9790072175;B
20240307;103228;34.67;100;9790072176;B
20240307;103229;34.67;200;9790072248;B
20240307;103230;34.67;200;9790072349;B
20240307;103230;34.67;200;9790072412;B
20240307;103232;34.67;1000;9790072621;B
20240307;103234;34.67;170;9790072724;B
20240307;103243;34.67;50;9790073765;B
20240307;103244;34.67;10;9790073933;B
20240307;103245;34.665;10;9790074026;S
20240307;103251;34.67;10;9790074786;B
20240307;103300;34.67;20;9790075829;B
20240307;103310;34.67;40;9790077016;B
20240307;103318;34.67;200;9790078141;B
20240307;103319;34.665;10;9790078153;S
20240307;103322;34.67;50;9790078517;B
20240307;103325;34.67;10;9790079096;B
20240307;103327;34.67;200;9790079404;B
20240307;103328;34.67;20;9790079561;B
20240307;103328;34.67;10;9790079603;B
20240307;103329;34.67;30;9790079693;B
20240307;103332;34.67;30;9790080026;B
20240307;103332;34.67;20;9790080027;B
20240307;103332;34.67;10;9790080028;B
20240307;103332;34.67;10;9790080029;B
20240307;103332;34.67;170;9790080030;B
20240307;103334;34.665;30;9790080341;S
20240307;103334;34.67;10;9790080346;B
20240307;103336;34.665;20;9790080681;S
20240307;103337;34.67;190;9790080714;B
20240307;103337;34.67;1810;9790080715;B
20240307;103344;34.67;100;9790081590;B
20240307;103357;34.67;90;9790083152;B
20240307;103404;34.67;170;9790084038;B
20240307;103406;34.665;10;9790084294;S
20240307;103406;34.665;120;9790084334;S
20240307;103406;34.665;10;9790084335;S
20240307;103406;34.665;10;9790084336;S
20240307;103406;34.665;10;9790084337;S
20240307;103406;34.665;10;9790084338;S
20240307;103406;34.665;10;9790084339;S
20240307;103406;34.665;130;9790084340;S
20240307;103409;34.665;10;9790084557;S
20240307;103409;34.67;10;9790084635;B
20240307;103414;34.67;50;9790085625;B
20240307;103418;34.67;10;9790086413;B
20240307;103420;34.67;10;9790086674;B
20240307;103425;34.67;20;9790087074;B
20240307;103426;34.67;10;9790087131;B
20240307;103429;34.67;10;9790087623;B
20240307;103434;34.67;20;9790089143;B
20240307;103436;34.67;40;9790089972;B
20240307;103441;34.665;50;9790091233;S
20240307;103442;34.67;50;9790091468;B
20240307;103445;34.67;1500;9790092557;B
20240307;103450;34.67;10;9790093854;B
20240307;103456;34.67;10;9790095730;B
20240307;103459;34.67;80;9790096363;B
20240307;103503;34.67;30;9790097487;B
20240307;103509;34.67;1000;9790098356;B
20240307;103509;34.67;1260;9790098357;B
20240307;103509;34.675;260;9790098358;B
20240307;103509;34.675;350;9790098359;B
20240307;103509;34.675;1640;9790098360;B
20240307;103509;34.68;2430;9790098361;B
20240307;103509;34.68;710;9790098362;B
20240307;103509;34.68;610;9790098363;B
20240307;103510;34.68;20;9790098553;B
20240307;103520;34.68;10;9790099936;B
20240307;103523;34.68;20;9790100488;B
20240307;103523;34.68;20;9790100489;B
20240307;103523;34.68;50;9790100490;B
20240307;103524;34.68;10;9790100500;B
20240307;103524;34.68;10;9790100501;B
20240307;103524;34.68;40;9790100502;B
20240307;103537;34.68;10;9790102072;B
20240307;103545;34.68;410;9790102872;B
20240307;103546;34.675;50;9790103152;S
20240307;103549;34.68;100;9790103432;B
20240307;103559;34.68;660;9790104507;B
20240307;103608;34.675;10;9790105380;S
20240307;103611;34.68;10;9790105707;B
20240307;103615;34.68;10;9790106043;B
20240307;103617;34.675;2880;9790106203;S
20240307;103617;34.675;510;9790106204;S
20240307;103617;34.675;100;9790106205;S
20240307;103619;34.67;150;9790106371;S
20240307;103624;34.675;10;9790106837;B
20240307;103624;34.675;50;9790106911;B
20240307;103631;34.675;10;9790107411;B
20240307;103631;34.675;100;9790107441;B
20240307;103643;34.67;250;9790108348;S
20240307;103646;34.67;2600;9790108651;S
20240307;103656;34.675;250;9790109627;B
20240307;103657;34.675;10;9790109658;B
20240307;103707;34.67;10;9790111039;S
20240307;103710;34.67;10;9790111276;S
20240307;103722;34.67;40;9790112476;S
20240307;103728;34.675;50;9790113535;B
20240307;103736;34.675;20;9790114856;B
20240307;103739;34.67;1000;9790115226;S
20240307;103745;34.67;20;9790115743;S
20240307;103750;34.675;10;9790116356;B
20240307;103751;34.67;10;9790116427;S
20240307;103752;34.67;3520;9790116469;S
20240307;103752;34.67;10;9790116470;S
20240307;103752;34.67;10;9790116471;S
20240307;103752;34.67;4320;9790116472;S
20240307;103752;34.67;10;9790116473;S
20240307;103752;34.67;10;9790116474;S
20240307;103752;34.67;10;9790116475;S
20240307;103752;34.67;10;9790116476;S
20240307;103752;34.67;10;9790116477;S
20240307;103752;34.67;10;9790116478;S
20240307;103752;34.67;10;9790116479;S
20240307;103752;34.67;10;9790116480;S
20240307;103752;34.67;10;9790116481;S
20240307;103752;34.67;10;9790116482;S
20240307;103752;34.67;10;9790116483;S
20240307;103752;34.67;10;9790116484;S
20240307;103752;34.67;10;9790116485;S
20240307;103752;34.67;10;9790116486;S
20240307;103752;34.67;20;9790116487;S
20240307;103752;34.67;30;9790116488;S
20240307;103752;34.67;10;9790116491;B
20240307;103752;34.67;10;9790116492;B
20240307;103752;34.67;10;9790116493;B
20240307;103752;34.67;10;9790116494;B
20240307;103752;34.67;10;9790116497;B
20240307;103752;34.67;10;9790116501;B
20240307;103752;34.67;10;9790116509;B
20240307;103752;34.67;10;9790116523;B
20240307;103752;34.67;10;9790116526;B
20240307;103752;34.67;100;9790116529;B
20240307;103755;34.67;10;9790116786;B
20240307;103758;34.665;20;9790117261;S
20240307;103812;34.67;20;9790118682;B
20240307;103818;34.67;30;9790119503;B
20240307;103818;34.665;20;9790119508;S
20240307;103821;34.67;10;9790120109;B
20240307;103826;34.67;10;9790120666;B
20240307;103831;34.67;330;9790121208;B
20240307;103835;34.67;100;9790121611;B
20240307;103839;34.665;30;9790121965;S
20240307;103841;34.665;10;9790122246;S
20240307;103841;34.665;10;9790122254;S
20240307;103842;34.665;10;9790122407;S
20240307;103844;34.665;210;9790122723;S
20240307;103847;34.67;10;9790123143;B
20240307;103852;34.665;700;9790123657;S
20240307;103854;34.665;150;9790123878;S
20240307;103858;34.665;6000;9790124258;S
20240307;103901;34.67;10;9790124572;B
20240307;103902;34.67;200;9790124694;B
20240307;103906;34.67;10;9790125131;B
20240307;103914;34.665;10;9790125822;S
20240307;103920;34.665;160;9790126532;S
20240307;103928;34.67;500;9790128977;B
20240307;103928;34.665;400;9790129083;S
20240307;103937;34.67;10;9790131969;B
20240307;103938;34.665;70;9790132229;S
20240307;103956;34.665;30;9790135941;S
20240307;104002;34.67;20;9790138008;B
20240307;104003;34.67;20;9790138237;B
20240307;104005;34.665;10;9790138505;S
20240307;104012;34.67;10;9790139860;B
20240307;104014;34.67;10;9790140117;B
20240307;104019;34.67;10;9790140703;B
20240307;104022;34.67;2000;9790141174;B
20240307;104026;34.67;440;9790141566;B
20240307;104027;34.67;10;9790141626;B
20240307;104030;34.665;10;9790141983;S
20240307;104030;34.67;10;9790142001;B
20240307;104036;34.67;2500;9790142626;B
20240307;104036;34.67;20;9790142762;B
20240307;104046;34.67;200;9790144036;B
20240307;104053;34.67;10;9790144775;B
20240307;104115;34.665;10;9790147254;S
20240307;104115;34.67;20;9790147280;B
20240307;104129;34.67;20;9790148499;B
20240307;104129;34.665;10;9790148591;S
20240307;104138;34.67;10;9790150201;B
20240307;104140;34.67;1750;9790150447;B
20240307;104143;34.665;40;9790150704;S
20240307;104149;34.665;20;9790151166;S
20240307;104150;34.665;10;9790151368;S
20240307;104150;34.67;10;9790151370;B
20240307;104200;34.67;10;9790153418;B
20240307;104204;34.67;30;9790153730;B
20240307;104206;34.67;100;9790153879;B
20240307;104217;34.67;10;9790154891;B
20240307;104217;34.67;1000;9790154912;B
20240307;104218;34.67;100;9790154970;B
20240307;104227;34.67;1000;9790155749;B
20240307;104247;34.665;180;9790158267;S
20240307;104254;34.67;10;9790159463;B
20240307;104302;34.665;100;9790160121;S
20240307;104303;34.67;50;9790160235;B
20240307;104312;34.665;60;9790160949;S
20240307;104318;34.67;500;9790161380;B
20240307;104334;34.665;50;9790162540;S
20240307;104346;34.67;170;9790163483;B
20240307;104355;34.67;10;9790164121;B
20240307;104358;34.67;20;9790164341;B
20240307;104408;34.67;100;9790165267;B
20240307;104412;34.67;10;9790165783;B
20240307;104415;34.67;10;9790166329;B
20240307;104420;34.665;220;9790167275;S
20240307;104421;34.665;10;9790167342;S
20240307;104421;34.67;210;9790167343;B
20240307;104424;34.665;50;9790167959;S
20240307;104435;34.665;60;9790170163;S
20240307;104437;34.67;70;9790170343;B
20240307;104455;34.67;10;9790171809;B
20240307;104516;34.67;20;9790173563;B
20240307;104519;34.67;970;9790173879;B
20240307;104519;34.67;30;9790173880;B
20240307;104525;34.665;450;9790174420;S
20240307;104547;34.665;30;9790176416;S
20240307;104551;34.67;20;9790176677;B
20240307;104606;34.67;880;9790177844;B
20240307;104606;34.67;50;9790177845;B
20240307;104606;34.67;240;9790177846;B
20240307;104606;34.67;10;9790177847;B
20240307;104606;34.67;10;9790177848;B
20240307;104606;34.67;10;9790177849;B
20240307;104606;34.67;10;9790177850;B
20240307;104606;34.67;10;9790177851;B
20240307;104606;34.67;10;9790177852;B
20240307;104606;34.67;10;9790177853;B
20240307;104606;34.67;10;9790177854;B
20240307;104606;34.67;10;9790177855;B
20240307;104606;34.67;10;9790177856;B
20240307;104606;34.67;10;9790177857;B
20240307;104606;34.67;10;9790177858;B
20240307;104606;34.67;10;9790177859;B
20240307;104606;34.67;10;9790177860;B
20240307;104606;34.67;10;9790177861;B
20240307;104606;34.67;10;9790177862;B
20240307;104606;34.67;10;9790177863;B
20240307;104606;34.67;10;9790177864;B
20240307;104606;34.67;10;9790177865;B
20240307;104606;34.67;10;9790177866;B
20240307;104606;34.67;10;9790177867;B
20240307;104606;34.67;10;9790177868;B
20240307;104606;34.67;10;9790177869;B
20240307;104606;34.67;10;9790177870;B
20240307;104606;34.67;10;9790177871;B
20240307;104606;34.67;10;9790177872;B
20240307;104606;34.67;10;9790177873;B
20240307;104606;34.67;10;9790177874;B
20240307;104606;34.67;10;9790177875;B
20240307;104606;34.67;10;9790177876;B
20240307;104606;34.67;10;9790177877;B
20240307;104606;34.67;100;9790177878;B
20240307;104606;34.67;370;9790177879;B
20240307;104607;34.665;2660;9790177971;S
20240307;104607;34.665;2280;9790177972;S
20240307;104607;34.665;5910;9790177973;S
20240307;104607;34.665;10;9790177974;S
20240307;104607;34.665;10;9790177975;S
20240307;104607;34.665;10;9790177976;S
20240307;104607;34.665;20;9790177977;S
20240307;104607;34.665;2000;9790177978;S
20240307;104607;34.665;1320;9790177979;S
20240307;104608;34.665;10;9790178023;S
20240307;104608;34.665;10;9790178024;S
20240307;104608;34.665;10;9790178111;S
20240307;104608;34.665;30;9790178112;S
20240307;104614;34.67;70;9790178520;B
20240307;104616;34.67;20;9790178691;B
20240307;104616;34.67;10;9790178692;B
20240307;104616;34.67;70;9790178693;B
20240307;104617;34.665;20;9790178779;S
20240307;104617;34.665;20;9790178780;S
20240307;104617;34.665;20;9790178781;S
20240307;104617;34.665;20;9790178782;S
20240307;104617;34.665;110;9790178783;S
20240307;104626;34.665;470;9790179423;S
20240307;104626;34.66;550;9790179424;S
20240307;104626;34.66;470;9790179425;S
20240307;104626;34.66;1910;9790179426;S
20240307;104627;34.66;10;9790179526;S
20240307;104627;34.66;10;9790179527;S
20240307;104627;34.66;30;9790179528;S
20240307;104628;34.66;3310;9790179560;S
20240307;104628;34.66;3220;9790179561;S
20240307;104630;34.665;300;9790179768;B
20240307;104632;34.66;10;9790179993;S
20240307;104640;34.66;100;9790180768;S
20240307;104641;34.66;2000;9790180840;S
20240307;104643;34.665;20;9790181025;B
20240307;104646;34.66;20;9790181313;S
20240307;104646;34.66;10;9790181314;S
20240307;104651;34.66;10000;9790181874;S
20240307;104651;34.66;2000;9790181936;S
20240307;104652;34.66;30;9790181967;S
20240307;104706;34.665;300;9790183039;B
20240307;104710;34.665;10;9790183531;B
20240307;104710;34.66;20;9790183654;S
20240307;104710;34.66;20;9790183655;S
20240307;104721;34.66;10;9790184667;S
20240307;104730;34.66;10;9790185643;S
20240307;104731;34.66;2000;9790185754;S
20240307;104732;34.66;10;9790185816;S
20240307;104732;34.66;540;9790185847;S
20240307;104732;34.66;10;9790185848;S
20240307;104732;34.66;10;9790185849;S
20240307;104732;34.66;10;9790185850;S
20240307;104732;34.66;10;9790185851;S
20240307;104732;34.66;10;9790185852;S
20240307;104732;34.66;120;9790185853;S
20240307;104732;34.66;1000;9790185854;S
20240307;104732;34.66;10;9790185855;S
20240307;104732;34.66;80;9790185856;S
20240307;104732;34.655;580;9790185857;S
20240307;104732;34.655;490;9790185858;S
20240307;104732;34.655;1930;9790185859;S
20240307;104739;34.655;2000;9790186826;S
20240307;104739;34.655;10;9790186827;S
20240307;104739;34.655;30;9790186828;S
20240307;104742;34.655;10;9790187517;S
20240307;104742;34.655;10;9790187519;S
20240307;104742;34.655;20;9790187520;S
20240307;104742;34.655;100;9790187521;S
20240307;104745;34.66;200;9790187869;B
20240307;104745;34.66;300;9790187870;B
20240307;104751;34.655;10;9790188324;S
20240307;104753;34.655;4210;9790188496;S
20240307;104753;34.65;500;9790188497;S
20240307;104753;34.65;70;9790188498;S
20240307;104753;34.65;10;9790188499;S
20240307;104753;34.65;50;9790188500;S
20240307;104753;34.65;300;9790188501;S
20240307;104753;34.65;1720;9790188502;S
20240307;104753;34.65;10;9790188514;S
20240307;104753;34.65;10;9790188515;S
20240307;104753;34.65;10;9790188516;S
20240307;104755;34.655;10;9790188683;B
20240307;104758;34.65;40;9790188953;S
20240307;104802;34.65;10;9790189450;S
20240307;104802;34.65;20;9790189451;S
20240307;104802;34.65;10;9790189452;S
20240307;104802;34.65;20;9790189453;S
20240307;104803;34.65;10;9790189551;S
20240307;104803;34.65;10;9790189552;S
20240307;104804;34.65;70;9790189726;S
20240307;104804;34.65;60;9790189727;S
20240307;104804;34.65;230;9790189728;S
20240307;104806;34.65;10;9790189845;S
20240307;104806;34.65;10;9790189846;S
20240307;104806;34.65;20;9790189847;S
20240307;104808;34.655;10;9790190005;B
20240307;104816;34.65;690;9790190698;S
20240307;104824;34.65;30;9790191398;S
20240307;104835;34.655;110;9790192412;B
20240307;104836;34.65;330;9790192475;S
20240307;104838;34.655;10;9790192728;B
20240307;104841;34.655;20;9790192990;B
20240307;104903;34.65;60;9790194551;S
20240307;104907;34.65;5520;9790194881;S
20240307;104908;34.65;2500;9790194948;S
20240307;104912;34.65;20;9790195242;S
20240307;104912;34.65;2500;9790195255;S
20240307;104917;34.65;10;9790195631;S
20240307;104921;34.655;20;9790195820;B
20240307;104921;34.65;200;9790195883;S
20240307;104921;34.655;30;9790195899;B
20240307;104922;34.65;10;9790195943;S
20240307;104942;34.65;250;9790197605;S
20240307;104951;34.65;250;9790198331;S
20240307;105008;34.655;150;9790199635;B
20240307;105009;34.65;10;9790199853;S
20240307;105009;34.65;10;9790199856;S
20240307;105009;34.65;10;9790199857;S
20240307;105009;34.65;10;9790199867;S
20240307;105009;34.65;10;9790199907;S
20240307;105009;34.65;10;9790199910;S
20240307;105009;34.65;10;9790199911;S
20240307;105009;34.65;10;9790199912;S
20240307;105009;34.65;10;9790199914;S
20240307;105009;34.65;10;9790199915;S
20240307;105009;34.65;10;9790199916;S
20240307;105009;34.65;10;9790199917;S
20240307;105009;34.65;10;9790199918;S
20240307;105009;34.65;10;9790199920;S
20240307;105009;34.65;10;9790199921;S
20240307;105009;34.65;10;9790199940;S
20240307;105009;34.65;10;9790199943;S
20240307;105009;34.65;10;9790199947;S
20240307;105009;34.65;10;9790199948;S
20240307;105009;34.65;10;9790199949;S
20240307;105009;34.65;10;9790199950;S
20240307;105009;34.65;10;9790199951;S
20240307;105009;34.65;10;9790199952;S
20240307;105010;34.65;10;9790199961;S
20240307;105010;34.65;10;9790199966;S
20240307;105010;34.65;10;9790199967;S
20240307;105010;34.65;10;9790199969;S
20240307;105010;34.65;10;9790199987;S
20240307;105010;34.65;10;9790199988;S
20240307;105010;34.65;10;9790199999;S
20240307;105010;34.65;10;9790200007;S
20240307;105010;34.65;10;9790200011;S
20240307;105010;34.65;10;9790200012;S
20240307;105010;34.65;10;9790200013;S
20240307;105010;34.65;10;9790200024;S
20240307;105010;34.65;10;9790200029;S
20240307;105010;34.65;10;9790200031;S
20240307;105010;34.65;10;9790200032;S
20240307;105010;34.65;10;9790200049;S
20240307;105010;34.65;10;9790200051;S
20240307;105010;34.65;10;9790200053;S
20240307;105010;34.65;10;9790200054;S
20240307;105010;34.65;10;9790200068;S
20240307;105010;34.65;10;9790200071;S
20240307;105010;34.65;10;9790200087;S
20240307;105010;34.65;10;9790200093;S
20240307;105010;34.65;10;9790200107;S
20240307;105010;34.65;10;9790200114;S
20240307;105010;34.65;10;9790200119;S
20240307;105010;34.65;10;9790200127;S
20240307;105011;34.65;4560;9790200161;S
20240307;105011;34.65;480;9790200162;S
20240307;105011;34.65;10;9790200163;S
20240307;105011;34.65;20;9790200164;S
20240307;105011;34.65;10;9790200165;S
20240307;105011;34.645;1110;9790200166;S
20240307;105011;34.64;260;9790200167;S
20240307;105011;34.63;10;9790200168;S
20240307;105011;34.63;760;9790200169;S
20240307;105011;34.63;240;9790200180;S
20240307;105011;34.62;10;9790200260;S
20240307;105011;34.62;400;9790200261;S
20240307;105011;34.615;150;9790200262;S
20240307;105018;34.615;250;9790201709;S
20240307;105028;34.615;20;9790203773;S
20240307;105035;34.62;20;9790205164;B
20240307;105039;34.62;600;9790205672;B
20240307;105039;34.62;10;9790205673;B
20240307;105039;34.62;10;9790205674;B
20240307;105039;34.62;10;9790205678;S
20240307;105042;34.63;500;9790205943;B
20240307;105042;34.62;3290;9790205945;S
20240307;105052;34.62;10;9790206660;S
20240307;105141;34.635;480;9790210811;B
20240307;105141;34.635;10;9790210812;B
20240307;105141;34.635;10;9790210813;B
20240307;105141;34.635;10;9790210814;B
20240307;105142;34.635;10;9790210882;S
20240307;105158;34.635;40;9790212330;S
20240307;105200;34.64;30;9790212481;B
20240307;105230;34.65;10;9790214701;B
20240307;105303;34.635;10;9790217722;S
20240307;105327;34.635;100;9790221499;S
20240307;105339;34.635;20;9790223589;S
20240307;105344;34.635;340;9790224022;S
20240307;105347;34.64;10;9790224216;B
20240307;105347;34.64;10;9790224217;B
20240307;105347;34.635;70;9790224218;S
20240307;105356;34.64;20;9790224928;B
20240307;105404;34.64;70;9790225778;B
20240307;105404;34.64;100;9790225779;B
20240307;105404;34.645;630;9790225780;B
20240307;105404;34.65;10;9790225781;B
20240307;105404;34.65;10;9790225782;B
20240307;105404;34.65;760;9790225783;B
20240307;105419;34.65;2130;9790227461;B
20240307;105419;34.65;600;9790227462;B
20240307;105419;34.65;620;9790227463;B
20240307;105420;34.65;300;9790227641;S
20240307;105422;34.65;20;9790227758;S
20240307;105435;34.655;10;9790228926;B
20240307;105436;34.65;40;9790228983;S
20240307;105436;34.65;840;9790228984;S
20240307;105436;34.65;10;9790228989;S
20240307;105442;34.65;100;9790229339;S
20240307;105448;34.65;2760;9790229893;S
20240307;105448;34.65;20;9790229894;S
20240307;105452;34.65;10;9790230160;S
20240307;105452;34.65;1380;9790230184;S
20240307;105454;34.655;10;9790230295;B
20240307;105454;34.655;9450;9790230337;B
20240307;105454;34.655;11540;9790230338;B
20240307;105454;34.655;630;9790230339;B
20240307;105454;34.655;3900;9790230340;B
20240307;105457;34.665;10;9790230476;B
20240307;105502;34.655;30;9790230864;S
20240307;105502;34.655;2890;9790230865;S
20240307;105502;34.655;80;9790230866;S
20240307;105504;34.66;840;9790231076;B
20240307;105504;34.665;10;9790231077;B
20240307;105504;34.665;400;9790231078;B
20240307;105504;34.665;1000;9790231079;B
20240307;105504;34.665;2750;9790231080;B
20240307;105509;34.665;10;9790231705;B
20240307;105511;34.665;20;9790231892;B
20240307;105512;34.66;2500;9790231955;S
20240307;105512;34.66;280;9790231956;S
20240307;105512;34.655;740;9790231957;S
20240307;105512;34.655;2890;9790231958;S
20240307;105514;34.66;90;9790232086;B
20240307;105514;34.66;210;9790232087;B
20240307;105522;34.655;2000;9790232495;S
20240307;105522;34.655;600;9790232496;S
20240307;105530;34.66;470;9790233059;B
20240307;105530;34.66;2530;9790233060;B
20240307;105530;34.66;10;9790233062;B
20240307;105532;34.655;620;9790233170;S
20240307;105532;34.66;20;9790233176;B
20240307;105538;34.66;8980;9790233583;B
20240307;105538;34.665;740;9790233584;B
20240307;105538;34.67;170;9790233585;B
20240307;105538;34.67;100;9790233586;B
20240307;105538;34.67;690;9790233587;B
20240307;105538;34.67;1130;9790233588;B
20240307;105538;34.67;620;9790233589;B
20240307;105538;34.67;1000;9790233590;B
20240307;105542;34.67;11570;9790233867;S
20240307;105542;34.67;610;9790233868;S
20240307;105542;34.655;1000;9790233869;S
20240307;105542;34.655;2890;9790233870;S
20240307;105542;34.655;380;9790233871;S
20240307;105542;34.67;10;9790233872;B
20240307;105549;34.655;140;9790234638;S
20240307;105549;34.67;10;9790234657;B
20240307;105607;34.67;10;9790236150;B
20240307;105612;34.66;30;9790236442;S
20240307;105617;34.67;10;9790236882;B
20240307;105617;34.67;10;9790236883;B
20240307;105617;34.67;260;9790236884;B
20240307;105618;34.66;20;9790237036;S
20240307;105622;34.67;30;9790237271;B
20240307;105625;34.67;10;9790237403;B
20240307;105631;34.67;30;9790237930;B
20240307;105631;34.67;50;9790237931;B
20240307;105631;34.67;50;9790237932;B
20240307;105635;34.675;50;9790238208;B
20240307;105642;34.665;100;9790238652;S
20240307;105656;34.665;500;9790239618;S
20240307;105656;34.665;30;9790239619;S
20240307;105657;34.665;170;9790239721;B
20240307;105657;34.675;30;9790239722;B
20240307;105706;34.675;600;9790240273;B
20240307;105712;34.665;270;9790240784;S
20240307;105727;34.675;20;9790241958;B
20240307;105741;34.67;60;9790243134;S
20240307;105742;34.67;20;9790243159;S
20240307;105749;34.675;40;9790244040;B
20240307;105756;34.675;10;9790244903;B
20240307;105811;34.675;250;9790246020;B
20240307;105811;34.675;20;9790246021;B
20240307;105811;34.675;10;9790246022;B
20240307;105811;34.675;100;9790246023;B
20240307;105811;34.675;120;9790246024;B
20240307;105812;34.67;70;9790246174;S
20240307;105812;34.67;40;9790246175;S
20240307;105835;34.675;1230;9790247893;B
20240307;105835;34.68;200;9790247894;B
20240307;105835;34.68;20;9790247895;B
20240307;105839;34.67;300;9790248098;S
20240307;105842;34.67;350;9790248341;S
20240307;105848;34.675;10;9790248838;B
20240307;105855;34.675;10;9790249350;B
20240307;105857;34.67;20;9790249508;S
20240307;105859;34.67;220;9790249639;S
20240307;105912;34.67;50;9790250660;S
20240307;105920;34.67;1520;9790251198;S
20240307;105920;34.67;20;9790251199;S
20240307;105930;34.665;30;9790251989;B
20240307;105932;34.66;10;9790252163;S
20240307;105932;34.665;60;9790252189;B
20240307;105937;34.665;10;9790252595;B
20240307;105940;34.66;90;9790252834;S
20240307;105942;34.66;350;9790252991;S
20240307;105950;34.665;40;9790253648;B
20240307;105950;34.665;590;9790253649;B
20240307;105950;34.67;1460;9790253650;B
20240307;105955;34.68;20;9790253986;B
20240307;105958;34.68;20;9790254111;B
20240307;110003;34.68;140;9790254804;B
20240307;110003;34.68;140;9790254805;B
20240307;110003;34.68;20;9790254806;B
20240307;110003;34.68;590;9790254807;B
20240307;110012;34.68;600;9790257495;S
20240307;110027;34.68;30;9790261151;S
20240307;110040;34.68;700;9790263450;S
20240307;110042;34.68;10;9790263784;S
20240307;110042;34.68;140;9790263785;S
20240307;110058;34.68;10;9790266289;B
20240307;110107;34.675;500;9790267269;S
20240307;110109;34.68;10;9790267744;B
20240307;110109;34.68;10;9790267745;B
20240307;110110;34.68;10;9790267755;B
20240307;110110;34.68;10;9790267757;B
20240307;110110;34.68;10;9790267783;B
20240307;110110;34.68;10;9790267785;B
20240307;110110;34.68;10;9790267786;B
20240307;110110;34.68;10;9790267816;B
20240307;110110;34.68;10;9790267821;B
20240307;110110;34.68;10;9790267822;B
20240307;110110;34.68;10;9790267838;B
20240307;110110;34.68;10;9790267839;B
20240307;110110;34.68;10;9790267840;B
20240307;110110;34.68;10;9790267863;B
20240307;110110;34.68;10;9790267864;B
20240307;110110;34.68;10;9790267865;B
20240307;110110;34.68;10;9790267866;B
20240307;110110;34.68;10;9790267867;B
20240307;110110;34.68;10;9790267868;B
20240307;110110;34.68;10;9790267871;B
20240307;110110;34.68;10;9790267881;B
20240307;110110;34.68;10;9790267882;B
20240307;110110;34.68;10;9790267884;B
20240307;110110;34.68;10;9790267896;B
20240307;110111;34.68;10;9790268061;B
20240307;110111;34.68;10;9790268072;B
20240307;110111;34.68;10;9790268077;B
20240307;110112;34.68;80;9790268094;B
20240307;110112;34.68;10;9790268097;B
20240307;110112;34.68;10;9790268098;B
20240307;110112;34.68;10;9790268099;B
20240307;110112;34.68;10;9790268116;B
20240307;110112;34.68;10;9790268117;B
20240307;110112;34.68;10;9790268118;B
20240307;110112;34.68;10;9790268119;B
20240307;110112;34.68;10;9790268122;B
20240307;110112;34.68;10;9790268123;B
20240307;110112;34.68;10;9790268124;B
20240307;110112;34.68;10;9790268128;B
20240307;110112;34.68;10;9790268129;B
20240307;110112;34.68;10;9790268130;B
20240307;110112;34.68;10;9790268131;B
20240307;110112;34.68;10;9790268132;B
20240307;110112;34.68;10;9790268134;B
20240307;110112;34.68;10;9790268138;B
20240307;110112;34.68;10;9790268139;B
20240307;110112;34.68;10;9790268140;B
20240307;110112;34.68;10;9790268141;B
20240307;110112;34.68;10;9790268142;B
20240307;110112;34.68;10;9790268143;B
20240307;110112;34.675;200;9790268145;S
20240307;110112;34.68;10;9790268147;B
20240307;110112;34.68;10;9790268148;B
20240307;110112;34.68;10;9790268150;B
20240307;110112;34.68;10;9790268151;B
20240307;110112;34.68;10;9790268152;B
20240307;110112;34.68;10;9790268153;B
20240307;110112;34.68;10;9790268154;B
20240307;110112;34.68;10;9790268159;B
20240307;110112;34.68;10;9790268167;B
20240307;110112;34.68;10;9790268168;B
20240307;110112;34.68;10;9790268169;B
20240307;110112;34.68;10;9790268170;B
20240307;110112;34.68;10;9790268171;B
20240307;110112;34.68;10;9790268177;B
20240307;110112;34.68;10;9790268178;B
20240307;110112;34.68;10;9790268179;B
20240307;110112;34.68;10;9790268180;B
20240307;110112;34.68;10;9790268187;B
20240307;110112;34.68;10;9790268188;B
20240307;110112;34.68;10;9790268189;B
20240307;110113;34.68;10;9790268196;B
20240307;110113;34.68;10;9790268197;B
20240307;110113;34.68;10;9790268198;B
20240307;110113;34.68;10;9790268201;B
20240307;110113;34.68;10;9790268202;B
20240307;110113;34.68;10;9790268221;B
20240307;110113;34.68;10;9790268225;B
20240307;110114;34.68;230;9790268371;B
20240307;110114;34.68;270;9790268372;B
20240307;110122;34.675;10;9790269939;S
20240307;110127;34.68;10;9790270804;B
20240307;110127;34.675;100;9790270912;S
20240307;110128;34.68;100;9790271015;B
20240307;110128;34.675;1500;9790271157;S
20240307;110130;34.68;10;9790271406;B
20240307;110135;34.68;180;9790272445;B
20240307;110135;34.68;820;9790272446;B
20240307;110142;34.675;710;9790273782;S
20240307;110145;34.675;10;9790274220;S
20240307;110146;34.675;10;9790274232;S
20240307;110146;34.675;10;9790274366;S
20240307;110207;34.675;40;9790277626;S
20240307;110212;34.675;20;9790278426;S
20240307;110213;34.68;10;9790278587;B
20240307;110214;34.675;9000;9790278647;S
20240307;110224;34.68;10;9790279901;B
20240307;110241;34.68;10;9790282386;B
20240307;110242;34.675;300;9790282609;S
20240307;110242;34.675;20;9790282610;S
20240307;110242;34.67;480;9790282611;S
20240307;110242;34.66;60;9790282612;S
20240307;110247;34.665;500;9790283414;B
20240307;110257;34.65;940;9790284854;S
20240307;110312;34.65;100;9790287687;S
20240307;110317;34.65;130;9790288537;S
20240307;110317;34.65;70;9790288538;S
20240307;110322;34.65;30;9790289316;S
20240307;110322;34.65;10;9790289317;S
20240307;110322;34.65;160;9790289318;S
20240307;110337;34.65;600;9790291653;S
20240307;110339;34.65;10;9790291865;S
20240307;110342;34.65;200;9790292454;S
20240307;110344;34.655;30;9790292773;B
20240307;110401;34.655;100;9790295370;B
20240307;110404;34.65;20;9790295743;S
20240307;110406;34.65;20;9790296035;S
20240307;110409;34.65;10;9790296493;S
20240307;110411;34.65;20;9790296862;S
20240307;110412;34.65;40;9790296985;S
20240307;110413;34.65;1420;9790297073;S
20240307;110413;34.65;10;9790297074;S
20240307;110413;34.65;10;9790297075;S
20240307;110413;34.645;100;9790297076;S
20240307;110413;34.645;1600;9790297077;S
20240307;110420;34.65;30;9790298088;B
20240307;110422;34.65;10;9790298385;S
20240307;110442;34.65;60;9790301420;S
20240307;110442;34.65;10;9790301421;S
20240307;110445;34.645;900;9790301769;S
20240307;110445;34.64;2500;9790301770;S
20240307;110445;34.64;50;9790301847;B
20240307;110448;34.635;2500;9790302329;S
20240307;110452;34.635;570;9790302866;S
20240307;110452;34.64;560;9790302867;B
20240307;110456;34.635;10;9790303634;S
20240307;110459;34.64;990;9790304176;B
20240307;110507;34.65;50;9790305511;B
20240307;110512;34.64;560;9790306250;S
20240307;110512;34.64;100;9790306251;S
20240307;110525;34.64;470;9790308498;S
20240307;110525;34.64;110;9790308499;S
20240307;110531;34.65;10;9790309182;B
20240307;110539;34.65;20;9790310187;B
20240307;110541;34.64;10;9790310571;S
20240307;110541;34.64;480;9790310572;S
20240307;110541;34.64;10;9790310573;S
20240307;110542;34.635;380;9790310718;S
20240307;110543;34.64;10;9790310758;B
20240307;110545;34.64;40;9790311153;B
20240307;110550;34.64;450;9790311878;B
20240307;110556;34.64;300;9790312702;S
20240307;110606;34.65;30;9790315040;B
20240307;110612;34.64;130;9790315855;S
20240307;110612;34.64;30;9790315856;S
20240307;110615;34.635;10;9790316077;S
20240307;110623;34.65;10;9790317449;B
20240307;110634;34.64;10;9790319600;S
20240307;110642;34.64;10;9790321492;S
20240307;110651;34.65;50;9790322941;B
20240307;110654;34.65;10;9790323525;B
20240307;110655;34.65;80;9790323608;B
20240307;110706;34.65;10;9790325060;B
20240307;110712;34.64;30;9790325834;S
20240307;110720;34.64;100;9790326747;S
20240307;110720;34.64;640;9790326748;S
20240307;110720;34.64;3000;9790326749;S
20240307;110720;34.64;520;9790326750;S
20240307;110734;34.64;10;9790328347;B
20240307;110736;34.635;120;9790328730;S
20240307;110736;34.64;90;9790328825;B
20240307;110742;34.635;310;9790329876;S
20240307;110742;34.635;10;9790329877;S
20240307;110742;34.635;10;9790329878;S
20240307;110742;34.635;10;9790329879;S
20240307;110754;34.635;10;9790331345;S
20240307;110754;34.635;10;9790331346;S
20240307;110812;34.635;10;9790333896;S
20240307;110822;34.635;10;9790335042;S
20240307;110832;34.635;10;9790336407;S
20240307;110832;34.635;50;9790336408;S
20240307;110838;34.65;40;9790337136;B
20240307;110838;34.65;60;9790337137;B
20240307;110843;34.635;10;9790337706;S
20240307;110848;34.63;250;9790338291;S
20240307;110851;34.65;40;9790338632;B
20240307;110853;34.63;470;9790338869;S
20240307;110900;34.63;540;9790339927;S
20240307;110913;34.63;160;9790341632;S
20240307;110916;34.63;60;9790342067;S
20240307;110922;34.63;60;9790342895;S
20240307;110925;34.635;1430;9790343076;B
20240307;110933;34.635;20;9790343999;S
20240307;110934;34.635;50;9790344088;S
20240307;110943;34.635;330;9790345210;S
20240307;110945;34.65;20;9790345528;B
20240307;111117;34.645;10;9790357391;B
20240307;111141;34.645;10;9790359954;B
20240307;111141;34.645;10;9790359955;B
20240307;111141;34.645;10;9790359956;B
20240307;111141;34.645;10;9790359957;B
20240307;111143;34.635;10;9790360142;S
20240307;111143;34.645;10;9790360211;B
20240307;111143;34.645;10;9790360212;B
20240307;111143;34.645;10;9790360213;B
20240307;111143;34.645;10;9790360214;B
20240307;111143;34.645;10;9790360215;B
20240307;111143;34.645;10;9790360216;B
20240307;111143;34.645;10;9790360217;B
20240307;111143;34.645;10;9790360218;B
20240307;111143;34.645;10;9790360219;B
20240307;111143;34.645;10;9790360220;B
20240307;111143;34.645;10;9790360221;B
20240307;111143;34.645;10;9790360222;B
20240307;111143;34.645;30;9790360223;B
20240307;111157;34.645;10;9790362564;B
20240307;111157;34.645;10;9790362565;B
20240307;111157;34.645;10;9790362566;B
20240307;111211;34.645;10;9790364193;B
20240307;111213;34.635;40;9790364378;S
20240307;111213;34.635;10;9790364489;S
20240307;111213;34.635;240;9790364490;S
20240307;111224;34.64;30;9790365562;B
20240307;111225;34.64;7970;9790365682;B
20240307;111225;34.64;490;9790365683;B
20240307;111237;34.645;10;9790367007;B
20240307;111237;34.64;20;9790367008;S
20240307;111239;34.635;190;9790367339;S
20240307;111239;34.635;40;9790367340;S
20240307;111243;34.63;320;9790367726;S
20240307;111243;34.63;20;9790367727;S
20240307;111243;34.63;1460;9790367728;S
20240307;111319;34.635;480;9790371638;S
20240307;111332;34.64;40;9790372911;B
20240307;111343;34.63;100;9790374094;S
20240307;111350;34.63;440;9790374814;S
20240307;111350;34.63;50;9790374815;S
20240307;111350;34.63;20;9790374816;S
20240307;111350;34.63;10;9790374817;S
20240307;111350;34.625;10;9790374818;S
20240307;111350;34.625;2000;9790374819;S
20240307;111350;34.62;500;9790374820;S
20240307;111350;34.62;100;9790374821;S
20240307;111350;34.62;480;9790374822;S
20240307;111350;34.62;7660;9790374823;S
20240307;111358;34.63;480;9790375685;B
20240307;111358;34.635;650;9790375686;B
20240307;111358;34.635;1000;9790375687;B
20240307;111358;34.635;720;9790375688;S
20240307;111358;34.635;60;9790375689;S
20240307;111358;34.635;710;9790375690;S
20240307;111359;34.64;20;9790375794;B
20240307;111359;34.635;10;9790375867;S
20240307;111359;34.635;10;9790375868;S
20240307;111402;34.635;10;9790376137;S
20240307;111402;34.635;40;9790376138;S
20240307;111404;34.64;300;9790376434;B
20240307;111408;34.64;40;9790378369;B
20240307;111413;34.635;1840;9790381870;S
20240307;111413;34.63;30;9790381871;S
20240307;111413;34.63;40;9790381872;S
20240307;111422;34.625;470;9790388378;B
20240307;111422;34.625;580;9790388379;B
20240307;111431;34.625;830;9790395379;S
20240307;111433;34.625;610;9790397347;B
20240307;111433;34.63;460;9790397348;B
20240307;111435;34.63;10;9790399081;S
20240307;111443;34.63;840;9790405026;S
20240307;111445;34.63;170;9790407106;S
20240307;111456;34.63;10;9790415457;S
20240307;111456;34.63;10;9790415458;S
20240307;111500;34.63;200;9790418753;S
20240307;111513;34.63;70;9790427627;S
20240307;111515;34.635;10;9790429033;B
20240307;111518;34.63;10;9790430610;S
20240307;111519;34.63;10;9790431423;S
20240307;111523;34.635;1240;9790434006;B
20240307;111523;34.635;460;9790434007;B
20240307;111528;34.635;20;9790437630;S
20240307;111530;34.635;780;9790438973;S
20240307;111530;34.63;480;9790438974;S
20240307;111530;34.63;10;9790438975;S
20240307;111530;34.63;460;9790438976;S
20240307;111530;34.625;480;9790438977;S
20240307;111530;34.62;1020;9790438978;S
20240307;111530;34.62;3500;9790438979;S
20240307;111530;34.615;4540;9790438980;S
20240307;111530;34.615;10;9790438981;S
20240307;111530;34.615;500;9790438982;S
20240307;111530;34.615;10;9790438983;S
20240307;111530;34.61;10;9790438984;S
20240307;111530;34.61;30;9790438985;S
20240307;111530;34.61;4760;9790438986;S
20240307;111533;34.615;30;9790441146;B
20240307;111540;34.615;20;9790446079;B
20240307;111543;34.61;410;9790448012;S
20240307;111543;34.61;500;9790448013;S
20240307;111543;34.61;30;9790448014;S
20240307;111543;34.61;170;9790448015;S
20240307;111543;34.61;30;9790448016;S
20240307;111553;34.605;260;9790454990;S
20240307;111553;34.605;10;9790454991;S
20240307;111553;34.605;2000;9790454992;S
20240307;111553;34.605;10;9790454993;S
20240307;111553;34.605;260;9790454994;S
20240307;111558;34.605;240;9790458351;S
20240307;111558;34.6;300;9790458352;S
20240307;111558;34.6;100;9790458353;S
20240307;111558;34.6;50;9790458354;S
20240307;111558;34.6;40;9790458355;S
20240307;111558;34.6;10;9790458356;S
20240307;111558;34.6;10;9790458357;S
20240307;111558;34.6;90;9790458358;S
20240307;111558;34.6;80;9790458359;S
20240307;111558;34.6;10;9790458360;S
20240307;111558;34.6;10;9790458361;S
20240307;111558;34.6;10;9790458362;S
20240307;111558;34.6;50;9790458363;S
20240307;111610;34.6;50;9790466742;S
20240307;111610;34.6;20;9790466743;S
20240307;111610;34.6;30;9790466744;S
20240307;111610;34.6;10;9790466745;S
20240307;111610;34.6;10;9790466746;S
20240307;111610;34.6;200;9790466747;S
20240307;111610;34.6;100;9790466748;S
20240307;111610;34.6;780;9790466749;S
20240307;111610;34.605;1340;9790466861;B
20240307;111610;34.61;460;9790466862;B
20240307;111610;34.61;1000;9790466863;B
20240307;111611;34.62;10;9790467933;B
20240307;111613;34.61;1000;9790468963;S
20240307;111613;34.61;1750;9790468964;S
20240307;111623;34.61;460;9790476070;B
20240307;111623;34.61;1000;9790476071;B
20240307;111624;34.61;2590;9790476933;S
20240307;111635;34.61;1500;9790485547;S
20240307;111636;34.61;200;9790486511;B
20240307;111643;34.6;1220;9790492197;S
20240307;111643;34.6;280;9790492198;S
20240307;111703;34.61;460;9790507829;B
20240307;111703;34.61;1000;9790507830;B
20240307;111703;34.61;1420;9790507834;S
20240307;111711;34.61;150;9790514595;S
20240307;111713;34.61;610;9790515698;S
20240307;111716;34.615;30;9790517389;B
20240307;111719;34.605;4460;9790520305;B
20240307;111719;34.61;450;9790520306;B
20240307;111719;34.61;640;9790520307;B
20240307;111730;34.61;30;9790528403;B
20240307;111730;34.61;100;9790528404;B
20240307;111730;34.61;450;9790528405;B
20240307;111735;34.61;280;9790532295;S
20240307;111738;34.61;690;9790534944;S
20240307;111738;34.605;450;9790534945;S
20240307;111738;34.6;4860;9790534946;S
20240307;111743;34.6;1280;9790538783;S
20240307;111743;34.6;1210;9790538784;S
20240307;111753;34.605;10;9790547386;S
20240307;111754;34.6;320;9790548148;S
20240307;111804;34.605;10;9790556356;B
20240307;111804;34.605;10;9790556357;B
20240307;111804;34.605;10;9790556358;B
20240307;111805;34.605;10;9790557238;B
20240307;111808;34.605;10;9790559518;B
20240307;111808;34.605;10;9790559519;B
20240307;111808;34.605;10;9790559520;B
20240307;111808;34.605;30;9790559888;B
20240307;111808;34.605;10;9790559889;B
20240307;111808;34.605;10;9790559890;B
20240307;111808;34.605;10;9790559891;B
20240307;111808;34.605;10;9790559892;B
20240307;111808;34.605;10;9790559893;B
20240307;111808;34.605;10;9790559894;B
20240307;111808;34.605;10;9790559920;S
20240307;111813;34.6;100;9790563557;S
20240307;111819;34.605;20;9790568171;B
20240307;111819;34.605;10;9790568172;B
20240307;111819;34.605;10;9790568173;B
20240307;111819;34.605;10;9790568174;B
20240307;111819;34.605;140;9790568175;B
20240307;111819;34.605;30;9790568252;S
20240307;111819;34.605;10;9790568265;S
20240307;111819;34.605;10;9790568272;S
20240307;111819;34.605;10;9790568279;S
20240307;111819;34.605;30;9790568355;S
20240307;111819;34.605;10;9790568371;S
20240307;111819;34.605;10;9790568451;S
20240307;111819;34.605;30;9790568466;S
20240307;111819;34.605;10;9790568473;S
20240307;111819;34.605;10;9790568526;S
20240307;111819;34.605;30;9790568536;S
20240307;111819;34.605;10;9790568631;S
20240307;111819;34.605;30;9790568632;S
20240307;111819;34.605;10;9790568656;S
20240307;111819;34.605;30;9790568657;S
20240307;111820;34.605;10;9790568676;S
20240307;111820;34.605;30;9790568678;S
20240307;111820;34.605;10;9790568694;S
20240307;111820;34.605;10;9790568695;S
20240307;111828;34.615;10;9790575873;B
20240307;111843;34.61;100;9790587628;S
20240307;111900;34.61;780;9790600014;S
20240307;111900;34.61;440;9790600015;S
20240307;111900;34.605;280;9790600016;S
20240307;111908;34.605;80;9790605396;S
20240307;111908;34.605;210;9790605397;S
20240307;111909;34.62;250;9790605771;B
20240307;111913;34.6;380;9790608497;S
20240307;111913;34.6;10;9790608498;S
20240307;111913;34.6;10;9790608499;S
20240307;111913;34.6;10;9790608500;S
20240307;111929;34.6;10;9790619008;S
20240307;112012;34.615;100;9790648961;B
20240307;112013;34.6;20;9790650033;S
20240307;112216;34.615;100;9790747566;B
20240307;112235;34.62;10;9790761020;B
20240307;112243;34.61;30;9790766918;S
20240307;112348;34.62;100;9790812492;B
20240307;112409;34.605;430;9790829398;S
20240307;112409;34.6;1110;9790829399;S
20240307;112413;34.62;30;9790832272;B
20240307;112413;34.62;90;9790832295;B
20240307;112413;34.62;170;9790832296;B
20240307;112413;34.62;380;9790832495;S
20240307;112418;34.625;50;9790836248;B
20240307;112419;34.62;1360;9790836802;S
20240307;112419;34.62;430;9790836803;S
20240307;112430;34.6;10;9790846444;S
20240307;112443;34.605;370;9790856410;S
20240307;112452;34.605;10;9790862998;B
20240307;112457;34.6;20;9790867219;S
20240307;112509;34.605;10;9790877317;B
20240307;112513;34.6;10;9790880332;S
20240307;112516;34.605;10;9790882473;B
20240307;112520;34.605;500;9790884907;B
20240307;112521;34.605;10;9790886174;B
20240307;112531;34.605;60;9790894128;B
20240307;112531;34.615;10;9790894187;B
20240307;112532;34.615;40;9790895010;B
20240307;112543;34.61;130;9790904150;S
20240307;112551;34.615;120;9790910450;B
20240307;112551;34.615;180;9790910451;B
20240307;112557;34.615;100;9790915257;S
20240307;112601;34.62;110;9790917780;B
20240307;112604;34.615;1210;9790920087;B
20240307;112613;34.61;10;9790926153;S
20240307;112622;34.605;50;9790931915;S
20240307;112622;34.605;10;9790931916;S
20240307;112623;34.605;50;9790932617;S
20240307;112625;34.615;20;9790933475;B
20240307;112627;34.6;40;9790935363;S
20240307;112627;34.6;10;9790935364;S
20240307;112627;34.6;10;9790935365;S
20240307;112627;34.6;70;9790935366;S
20240307;112633;34.6;90;9790939185;S
20240307;112633;34.6;140;9790939186;S
20240307;112633;34.6;10;9790939187;S
20240307;112633;34.6;10;9790939188;S
20240307;112633;34.6;30;9790939189;S
20240307;112641;34.61;20;9790944591;S
20240307;112643;34.61;10;9790946137;S
20240307;112653;34.6;40;9790953032;S
20240307;112713;34.6;1650;9790966489;S
20240307;112713;34.6;10;9790966490;S
20240307;112713;34.6;50;9790966491;S
20240307;112713;34.6;20;9790966492;S
20240307;112713;34.6;30;9790966493;S
20240307;112713;34.595;20;9790967444;S
20240307;112713;34.595;10;9790967445;S
20240307;112713;34.595;20;9790967446;S
20240307;112713;34.59;10;9790967501;S
20240307;112713;34.59;30;9790967502;S
20240307;112713;34.59;10;9790967503;S
20240307;112722;34.6;10;9790974056;B
20240307;112723;34.59;10;9790974290;S
20240307;112723;34.59;290;9790974291;S
20240307;112724;34.6;1010;9790975695;B
20240307;112724;34.6;410;9790975696;B
20240307;112728;34.605;20;9790978188;B
20240307;112728;34.6;100;9790978743;S
20240307;112733;34.6;20000;9790981758;S
20240307;112733;34.605;10;9790981851;B
20240307;112743;34.6;4320;9790989893;S
20240307;112746;34.605;30;9790991950;B
20240307;112747;34.605;180;9790993132;B
20240307;112806;34.6;10;9791007825;S
20240307;112813;34.6;40;9791013800;S
20240307;112817;34.6;20;9791016638;S
20240307;112819;34.6;20;9791018295;S
20240307;112829;34.6;5000;9791026159;S
20240307;112833;34.605;20;9791030154;B
20240307;112840;34.6;10;9791034743;S
20240307;112843;34.6;450;9791038040;S
20240307;112843;34.6;500;9791038041;S
20240307;112843;34.6;70;9791038042;S
20240307;112850;34.605;220;9791043571;B
20240307;112850;34.605;780;9791043572;B
20240307;112855;34.6;30;9791047840;S
20240307;112855;34.6;10;9791047841;S
20240307;112855;34.6;10;9791047842;S
20240307;112855;34.6;150;9791047843;S
20240307;112855;34.59;2390;9791047844;S
20240307;112855;34.59;70;9791047845;S
20240307;112855;34.59;420;9791047846;S
20240307;112855;34.59;410;9791047847;S
20240307;112905;34.59;10;9791055979;S
20240307;112905;34.585;60;9791055980;S
20240307;112905;34.585;150;9791055981;S
20240307;112913;34.585;940;9791062704;S
20240307;112921;34.6;410;9791067879;B
20240307;112921;34.6;410;9791067880;B
20240307;112921;34.605;1490;9791067881;B
20240307;112939;34.605;10;9791083185;B
20240307;112943;34.585;460;9791086117;S
20240307;112949;34.585;120;9791089689;S
20240307;112949;34.585;10;9791089690;S
20240307;112957;34.58;50;9791095147;S
20240307;112957;34.58;100;9791095148;S
20240307;112957;34.58;20;9791095149;S
20240307;112957;34.58;1000;9791095150;S
20240307;112957;34.58;10;9791095151;S
20240307;112957;34.58;30;9791095152;S
20240307;112957;34.58;670;9791095153;S
20240307;112957;34.58;410;9791095154;S
20240307;112957;34.575;20;9791095155;S
20240307;112957;34.575;200;9791095156;S
20240307;112957;34.575;80;9791095157;S
20240307;112957;34.57;100;9791095158;S
20240307;112957;34.57;100;9791095159;S
20240307;112957;34.57;210;9791095160;S
20240307;113013;34.565;100;9791106132;S
20240307;113013;34.565;10;9791106133;S
20240307;113013;34.565;10;9791106134;S
20240307;113013;34.565;10;9791106135;S
20240307;113013;34.565;100;9791106136;S
20240307;113013;34.565;20;9791106137;S
20240307;113013;34.565;380;9791106141;B
20240307;113014;34.575;200;9791106642;S
20240307;113014;34.565;320;9791106643;S
20240307;113014;34.565;410;9791106644;S
20240307;113014;34.56;10;9791106646;S
20240307;113014;34.56;140;9791106647;S
20240307;113014;34.56;90;9791106648;S
20240307;113014;34.56;60;9791106649;S
20240307;113014;34.56;10;9791106650;S
20240307;113014;34.56;10;9791106651;S
20240307;113014;34.56;20;9791106652;S
20240307;113014;34.56;10;9791106653;S
20240307;113014;34.56;2000;9791106654;S
20240307;113014;34.56;190;9791106655;S
20240307;113014;34.56;10;9791106656;S
20240307;113014;34.56;600;9791106657;S
20240307;113025;34.56;10;9791113823;B
20240307;113027;34.56;1040;9791114740;B
20240307;113027;34.565;420;9791114741;B
20240307;113027;34.565;1900;9791114742;B
20240307;113027;34.57;480;9791114743;B
20240307;113027;34.57;1000;9791114744;B
20240307;113027;34.57;710;9791114853;S
20240307;113027;34.56;420;9791114854;S
20240307;113035;34.56;20000;9791120344;B
20240307;113040;34.56;170;9791123123;B
20240307;113040;34.57;80;9791123124;B
20240307;113043;34.56;430;9791125556;S
20240307;113048;34.57;110;9791128483;B
20240307;113053;34.57;1470;9791132800;S
20240307;113054;34.585;10;9791133761;B
20240307;113103;34.555;50;9791140621;S
20240307;113103;34.555;1000;9791140622;S
20240307;113103;34.555;250;9791140623;S
20240307;113103;34.555;300;9791140624;S
20240307;113103;34.555;1980;9791140625;S
20240307;113105;34.585;10;9791142028;B
20240307;113113;34.56;610;9791148449;S
20240307;113136;34.585;250;9791165678;B
20240307;113136;34.585;100;9791165679;B
20240307;113136;34.585;2890;9791165680;B
20240307;113136;34.585;8680;9791165681;B
20240307;113136;34.585;400;9791165682;B
20240307;113136;34.585;2680;9791165683;B
20240307;113142;34.57;400;9791170659;S
20240307;113143;34.57;380;9791171424;S
20240307;113143;34.57;10;9791171425;S
20240307;113143;34.57;10;9791171426;S
20240307;113143;34.57;450;9791171427;S
20240307;113144;34.585;100;9791172476;B
20240307;113153;34.565;1300;9791179207;S
20240307;113205;34.565;280;9791188856;S
20240307;113205;34.565;930;9791188857;S
20240307;113213;34.565;10;9791194944;S
20240307;113213;34.565;400;9791194945;S
20240307;113219;34.565;20;9791199079;S
20240307;113224;34.565;70;9791203421;S
20240307;113237;34.58;200;9791214200;B
20240307;113243;34.57;40;9791219191;S
20240307;113246;34.585;10;9791221247;B
20240307;113253;34.57;10;9791226896;S
20240307;113258;34.57;30;9791231001;S
20240307;113303;34.57;10;9791235078;S
20240307;113310;34.585;10;9791240130;B
20240307;113312;34.585;70;9791241254;B
20240307;113313;34.575;10;9791241968;S
20240307;113323;34.585;20;9791245715;B
20240307;113324;34.58;700;9791245752;S
20240307;113324;34.575;300;9791245753;S
20240307;113333;34.57;20;9791249681;S
20240307;113333;34.57;90;9791250026;S
20240307;113333;34.57;10;9791250027;S
20240307;113333;34.57;50;9791250028;S
20240307;113339;34.58;30;9791252246;S
20240307;113339;34.575;440;9791252247;S
20240307;113339;34.57;1830;9791252248;S
20240307;113339;34.57;1000;9791252249;S
20240307;113339;34.565;900;9791252250;S
20240307;113339;34.565;10;9791252251;S
20240307;113339;34.56;8680;9791252252;S
20240307;113339;34.56;500;9791252253;S
20240307;113339;34.56;2890;9791252254;S
20240307;113339;34.56;50;9791252255;S
20240307;113339;34.555;23020;9791252256;S
20240307;113339;34.555;50;9791252257;S
20240307;113339;34.555;10;9791252258;S
20240307;113339;34.555;290;9791252259;S
20240307;113339;34.555;6500;9791252260;S
20240307;113339;34.55;20;9791252261;S
20240307;113339;34.55;10;9791252262;S
20240307;113339;34.55;53770;9791252263;S
20240307;113339;34.55;3000;9791252264;S
20240307;113343;34.56;10;9791253816;B
20240307;113343;34.55;16140;9791254027;S
20240307;113347;34.56;970;9791255381;B
20240307;113348;34.56;470;9791256044;B
20240307;113353;34.575;160;9791258236;B
20240307;113354;34.575;10;9791258835;B
20240307;113401;34.575;160;9791261763;B
20240307;113402;34.56;30;9791262489;S
20240307;113407;34.575;330;9791264615;B
20240307;113413;34.56;3460;9791268474;S
20240307;113420;34.575;100;9791272286;B
20240307;113432;34.56;580;9791281039;S
20240307;113444;34.56;100;9791288092;S
20240307;113452;34.575;30;9791294346;B
20240307;113454;34.565;10;9791295020;S
20240307;113504;34.56;10;9791302915;S
20240307;113519;34.565;500;9791314332;S
20240307;113519;34.565;290;9791314333;S
20240307;113520;34.575;20;9791315683;B
20240307;113524;34.565;130;9791318329;S
20240307;113532;34.575;10;9791325269;B
20240307;113534;34.57;30;9791325833;S
20240307;113538;34.575;20;9791329741;B
20240307;113544;34.57;10;9791332862;S
20240307;113552;34.575;100;9791333851;B
20240307;113554;34.57;10;9791334016;S
20240307;113556;34.57;10;9791334267;S
20240307;113556;34.57;20;9791334308;S
20240307;113556;34.575;20;9791334341;B
20240307;113559;34.575;20;9791334672;B
20240307;113604;34.57;20;9791335281;S
20240307;113610;34.57;40;9791336050;S
20240307;113613;34.575;250;9791336487;B
20240307;113614;34.57;40;9791336531;S
20240307;113624;34.57;10;9791337626;S
20240307;113625;34.57;500;9791337788;S
20240307;113626;34.575;100;9791337921;B
20240307;113626;34.57;60;9791337937;S
20240307;113634;34.57;110;9791338598;S
20240307;113644;34.57;10;9791339855;S
20240307;113653;34.575;10;9791340924;B
20240307;113654;34.57;10;9791341049;S
20240307;113703;34.575;20;9791341964;B
20240307;113703;34.57;30;9791341995;S
20240307;113704;34.57;10;9791341999;S
20240307;113710;34.57;160;9791342551;S
20240307;113710;34.565;1010;9791342552;S
20240307;113710;34.565;3460;9791342553;S
20240307;113710;34.565;10;9791342554;S
20240307;113710;34.565;10;9791342555;S
20240307;113710;34.565;80;9791342556;S
20240307;113710;34.56;5350;9791342557;S
20240307;113710;34.56;340;9791342558;S
20240307;113710;34.56;1440;9791342559;S
20240307;113710;34.55;17100;9791342560;S
20240307;113710;34.55;2400;9791342561;S
20240307;113710;34.55;700;9791342562;S
20240307;113710;34.55;1000;9791342563;S
20240307;113714;34.55;5030;9791342817;S
20240307;113714;34.555;60;9791342867;B
20240307;113724;34.555;20;9791343789;B
20240307;113727;34.555;5030;9791344058;B
20240307;113727;34.555;480;9791344059;B
20240307;113727;34.555;700;9791344060;B
20240307;113727;34.56;4900;9791344061;B
20240307;113728;34.56;10;9791344198;B
20240307;113728;34.56;10;9791344236;B
20240307;113732;34.55;860;9791344601;S
20240307;113732;34.55;1570;9791344602;S
20240307;113732;34.56;10;9791344621;B
20240307;113736;34.56;10;9791344955;B
20240307;113739;34.56;10;9791345248;B
20240307;113740;34.56;160;9791345431;B
20240307;113740;34.56;90;9791345432;B
20240307;113740;34.56;480;9791345433;B
20240307;113740;34.56;250;9791345434;B
20240307;113744;34.56;650;9791345957;S
20240307;113744;34.57;180;9791345975;B
20240307;113745;34.57;10;9791346110;B
20240307;113745;34.56;920;9791346126;S
20240307;113745;34.555;480;9791346127;S
20240307;113745;34.55;930;9791346128;S
20240307;113745;34.55;10;9791346129;S
20240307;113745;34.55;10;9791346130;S
20240307;113745;34.55;20;9791346131;S
20240307;113745;34.55;10;9791346132;S
20240307;113745;34.55;10;9791346133;S
20240307;113745;34.55;100;9791346134;S
20240307;113745;34.55;90;9791346135;S
20240307;113745;34.55;10;9791346136;S
20240307;113745;34.55;200;9791346137;S
20240307;113745;34.55;10;9791346138;S
20240307;113745;34.55;10;9791346139;S
20240307;113745;34.55;30;9791346140;S
20240307;113745;34.55;10;9791346141;S
20240307;113745;34.55;100;9791346142;S
20240307;113745;34.55;10;9791346143;S
20240307;113745;34.55;10;9791346144;S
20240307;113745;34.55;1000;9791346145;S
20240307;113745;34.55;50;9791346146;S
20240307;113745;34.55;10;9791346147;S
20240307;113745;34.55;1970;9791346148;S
20240307;113747;34.55;20;9791346279;S
20240307;113754;34.55;1060;9791347255;S
20240307;113754;34.56;290;9791347297;B
20240307;113759;34.555;10;9791347800;S
20240307;113804;34.55;210;9791348592;S
20240307;113805;34.555;20;9791348816;B
20240307;113814;34.55;40;9791351284;S
20240307;113817;34.555;120;9791351899;B
20240307;113817;34.555;130;9791351900;B
20240307;113824;34.555;50;9791353666;S
20240307;113827;34.56;50;9791354426;B
20240307;113832;34.56;10;9791355749;B
20240307;113834;34.555;20;9791356188;S
20240307;113837;34.555;120;9791357066;S
20240307;113838;34.56;30;9791357128;B
20240307;113838;34.56;30;9791357295;B
20240307;113843;34.555;360;9791358360;S
20240307;113844;34.55;80;9791358479;S
20240307;113849;34.55;20;9791359450;S
20240307;113850;34.555;100;9791359609;B
20240307;113850;34.55;10;9791359707;S
20240307;113853;34.555;40;9791360022;B
20240307;113854;34.555;40;9791360072;S
20240307;113902;34.56;350;9791361186;B
20240307;113904;34.555;60;9791361359;S
20240307;113904;34.56;80;9791361442;B
20240307;113914;34.555;20;9791362883;S
20240307;113915;34.56;10;9791363111;B
20240307;113917;34.56;10;9791363304;B
20240307;113923;34.56;10;9791364028;B
20240307;113924;34.555;10;9791364038;S
20240307;113934;34.56;10;9791365265;B
20240307;113934;34.56;20;9791365368;B
20240307;113939;34.56;340;9791365854;B
20240307;113944;34.555;50;9791366395;S
20240307;113945;34.56;50;9791366538;B
20240307;113945;34.56;50;9791366539;B
20240307;113945;34.555;4780;9791366548;S
20240307;113945;34.555;470;9791366549;S
20240307;113945;34.55;1590;9791366550;S
20240307;113945;34.55;30;9791366551;S
20240307;113945;34.55;50;9791366552;S
20240307;113945;34.55;20;9791366553;S
20240307;113945;34.55;10;9791366554;S
20240307;113945;34.55;10;9791366555;S
20240307;113945;34.55;10;9791366556;S
20240307;113945;34.545;10;9791366557;S
20240307;113945;34.545;10;9791366558;S
20240307;113945;34.545;1000;9791366559;S
20240307;113945;34.54;10;9791366560;S
20240307;113945;34.54;10;9791366561;S
20240307;113945;34.54;500;9791366562;S
20240307;113945;34.54;600;9791366563;S
20240307;113945;34.535;10;9791366564;S
20240307;113945;34.535;10;9791366565;S
20240307;113945;34.535;10;9791366566;S
20240307;113945;34.535;10;9791366567;S
20240307;113945;34.535;100;9791366568;S
20240307;113945;34.535;40;9791366569;S
20240307;113945;34.535;710;9791366570;S
20240307;113945;34.535;10;9791366573;S
20240307;113947;34.56;100;9791367099;B
20240307;113951;34.56;10;9791367784;B
20240307;113952;34.56;100;9791367849;B
20240307;113954;34.555;30;9791368045;S
20240307;114000;34.56;40;9791368750;B
20240307;114000;34.565;60;9791368751;B
20240307;114000;34.565;100;9791368821;B
20240307;114001;34.565;100;9791368946;B
20240307;114002;34.565;100;9791369012;B
20240307;114003;34.565;10;9791369144;B
20240307;114003;34.57;90;9791369145;B
20240307;114003;34.575;100;9791369217;B
20240307;114004;34.56;1880;9791369238;S
20240307;114013;34.555;30;9791370260;S
20240307;114013;34.55;150;9791370261;S
20240307;114013;34.55;450;9791370262;S
20240307;114013;34.545;350;9791370263;S
20240307;114014;34.545;130;9791370346;S
20240307;114014;34.545;440;9791370347;S
20240307;114024;34.56;120;9791371745;S
20240307;114031;34.575;490;9791372563;B
20240307;114031;34.58;100;9791372564;B
20240307;114031;34.58;390;9791372565;B
20240307;114034;34.56;120;9791372840;S
20240307;114044;34.56;20;9791373900;S
20240307;114058;34.575;160;9791375411;B
20240307;114059;34.575;320;9791375489;B
20240307;114101;34.575;10;9791375820;B
20240307;114101;34.58;150;9791375821;B
20240307;114102;34.58;50;9791375899;B
20240307;114104;34.565;80;9791376126;S
20240307;114109;34.58;10;9791376803;B
20240307;114114;34.565;20;9791377460;S
20240307;114129;34.565;10;9791379347;S
20240307;114149;34.58;90;9791381748;B
20240307;114149;34.585;600;9791381749;B
20240307;114149;34.59;100;9791381750;B
20240307;114149;34.59;210;9791381751;B
20240307;114154;34.565;80;9791382391;S
20240307;114204;34.565;10;9791383658;S
20240307;114214;34.565;10;9791384647;S
20240307;114219;34.565;10;9791385183;S
20240307;114231;34.585;30;9791386628;B
20240307;114231;34.59;1000;9791386629;B
20240307;114231;34.59;310;9791386630;B
20240307;114234;34.565;80;9791386899;S
20240307;114240;34.585;30;9791387580;B
20240307;114244;34.565;20;9791388113;S
20240307;114304;34.585;50;9791390248;B
20240307;114314;34.565;10;9791391422;S
20240307;114330;34.565;30;9791393616;S
20240307;114330;34.565;470;9791393617;S
20240307;114331;34.57;20;9791393698;B
20240307;114334;34.565;30;9791394169;S
20240307;114334;34.565;10;9791394170;S
20240307;114334;34.565;40;9791394171;S
20240307;114341;34.57;20;9791395325;B
20240307;114344;34.565;20;9791395774;S
20240307;114347;34.565;140;9791396414;S
20240307;114347;34.565;230;9791396415;S
20240307;114347;34.56;1620;9791396416;S
20240307;114347;34.56;10;9791396417;S
20240307;114347;34.56;10;9791396418;S
20240307;114347;34.55;1000;9791396419;S
20240307;114347;34.55;60;9791396420;S
20240307;114347;34.55;480;9791396421;S
20240307;114347;34.55;80;9791396422;S
20240307;114347;34.55;1000;9791396423;S
20240307;114347;34.545;10;9791396424;S
20240307;114347;34.545;120;9791396425;S
20240307;114347;34.545;10;9791396426;S
20240307;114347;34.545;1000;9791396427;S
20240307;114347;34.545;10;9791396428;S
20240307;114347;34.54;20;9791396429;S
20240307;114347;34.54;20;9791396430;S
20240307;114347;34.54;10;9791396431;S
20240307;114347;34.54;400;9791396432;S
20240307;114347;34.54;2440;9791396433;S
20240307;114354;34.54;1800;9791397217;B
20240307;114355;34.535;10;9791397363;S
20240307;114355;34.535;50;9791397364;S
20240307;114400;34.54;10;9791398051;B
20240307;114404;34.535;1420;9791398443;S
20240307;114406;34.55;200;9791398677;B
20240307;114412;34.55;20;9791399540;B
20240307;114414;34.545;300;9791399680;S
20240307;114415;34.54;10;9791399788;S
20240307;114418;34.545;10;9791400125;S
20240307;114424;34.54;50;9791400737;S
20240307;114426;34.535;10;9791400915;S
20240307;114427;34.55;260;9791401038;B
20240307;114434;34.55;60;9791401800;S
20240307;114444;34.55;10;9791402820;S
20240307;114529;34.55;50;9791407754;S
20240307;114534;34.555;10;9791408274;S
20240307;114609;34.565;100;9791411857;B
20240307;114611;34.565;50;9791412073;B
20240307;114611;34.565;50;9791412074;B
20240307;114614;34.55;20;9791412452;S
20240307;114615;34.57;140;9791412666;B
20240307;114621;34.57;20;9791413180;B
20240307;114622;34.57;30;9791413238;B
20240307;114624;34.55;20;9791413488;S
20240307;114626;34.57;30;9791413714;B
20240307;114634;34.55;10;9791414748;S
20240307;114715;34.57;180;9791419094;B
20240307;114715;34.57;380;9791419095;B
20240307;114715;34.57;180;9791419096;B
20240307;114715;34.575;60;9791419097;B
20240307;114724;34.555;10;9791419878;S
20240307;114724;34.555;10;9791419879;S
20240307;114724;34.555;100;9791419916;S
20240307;114725;34.575;10;9791420040;B
20240307;114729;34.575;30;9791420517;B
20240307;114734;34.555;20;9791421038;S
20240307;114735;34.555;180;9791421103;S
20240307;114735;34.555;10;9791421104;S
20240307;114735;34.555;10;9791421105;S
20240307;114735;34.555;10;9791421106;S
20240307;114735;34.55;1120;9791421107;S
20240307;114735;34.55;480;9791421108;S
20240307;114735;34.55;30;9791421109;S
20240307;114735;34.55;10;9791421110;S
20240307;114735;34.55;380;9791421111;S
20240307;114735;34.54;1000;9791421112;S
20240307;114735;34.535;5000;9791421113;S
20240307;114735;34.535;10;9791421114;S
20240307;114735;34.53;50;9791421115;S
20240307;114735;34.53;10;9791421116;S
20240307;114735;34.53;10;9791421117;S
20240307;114735;34.53;340;9791421118;S
20240307;114735;34.525;10;9791421119;S
20240307;114735;34.525;10;9791421120;S
20240307;114735;34.525;1000;9791421121;S
20240307;114735;34.525;10;9791421122;S
20240307;114735;34.525;2710;9791421123;S
20240307;114735;34.52;20;9791421124;S
20240307;114735;34.52;150;9791421125;S
20240307;114735;34.52;1000;9791421126;S
20240307;114735;34.52;10;9791421127;S
20240307;114735;34.52;10;9791421128;S
20240307;114735;34.52;4340;9791421129;S
20240307;114735;34.52;2890;9791421130;S
20240307;114735;34.52;2890;9791421131;S
20240307;114735;34.515;10;9791421132;S
20240307;114735;34.515;40;9791421133;S
20240307;114735;34.515;10;9791421134;S
20240307;114735;34.515;100;9791421135;S
20240307;114735;34.515;10;9791421136;S
20240307;114735;34.515;1000;9791421137;S
20240307;114735;34.515;11570;9791421138;S
20240307;114735;34.51;150;9791421139;S
20240307;114735;34.51;500;9791421140;S
20240307;114735;34.51;10;9791421141;S
20240307;114735;34.51;10;9791421142;S
20240307;114735;34.51;10;9791421143;S
20240307;114735;34.51;10;9791421144;S
20240307;114735;34.51;40;9791421145;S
20240307;114735;34.51;250;9791421146;S
20240307;114735;34.51;310;9791421147;S
20240307;114735;34.51;570;9791421148;S
20240307;114735;34.515;40;9791421205;S
20240307;114735;34.515;40;9791421242;S
20240307;114735;34.515;2810;9791421243;S
20240307;114735;34.515;1000;9791421244;S
20240307;114735;34.51;20;9791421245;S
20240307;114735;34.51;170;9791421246;S
20240307;114735;34.51;100;9791421255;S
20240307;114736;34.525;150;9791421302;S
20240307;114736;34.515;10;9791421303;S
20240307;114736;34.515;710;9791421304;B
20240307;114744;34.535;20;9791422356;B
20240307;114744;34.525;10;9791422361;S
20240307;114753;34.535;10;9791423121;B
20240307;114754;34.53;10;9791423209;S
20240307;114756;34.535;10;9791423474;B
20240307;114759;34.535;10;9791423683;B
20240307;114801;34.535;10;9791423970;B
20240307;114802;34.53;20;9791424067;S
20240307;114803;34.535;10;9791424184;B
20240307;114804;34.53;130;9791424296;S
20240307;114809;34.535;10;9791424769;B
20240307;114812;34.535;400;9791425178;B
20240307;114812;34.535;10;9791425179;B
20240307;114812;34.54;370;9791425180;B
20240307;114812;34.54;1000;9791425181;B
20240307;114812;34.54;10;9791425204;S
20240307;114814;34.54;760;9791425488;S
20240307;114818;34.54;300;9791425957;B
20240307;114824;34.525;580;9791426754;S
20240307;114834;34.52;500;9791428163;S
20240307;114834;34.52;50;9791428164;S
20240307;114834;34.52;10;9791428165;S
20240307;114844;34.515;50;9791429286;S
20240307;114854;34.535;330;9791430240;B
20240307;114854;34.52;30;9791430269;S
20240307;114854;34.515;110;9791430270;S
20240307;114858;34.53;10;9791430543;B
20240307;114903;34.53;100;9791431122;B
20240307;114904;34.515;590;9791431261;S
20240307;114904;34.515;360;9791431262;S
20240307;114909;34.53;150;9791431752;B
20240307;114910;34.53;10;9791431907;B
20240307;114913;34.53;10;9791432119;B
20240307;114914;34.52;360;9791432254;S
20240307;114915;34.53;10;9791432310;B
20240307;114924;34.515;360;9791433293;S
20240307;114924;34.515;1500;9791433294;S
20240307;114924;34.515;2430;9791433295;B
20240307;114930;34.53;70;9791433945;B
20240307;114930;34.53;10;9791433946;B
20240307;114930;34.535;10;9791433947;B
20240307;114933;34.53;100;9791434226;B
20240307;114934;34.52;390;9791434293;S
20240307;114940;34.53;30;9791434841;B
20240307;114944;34.515;10;9791435191;S
20240307;114944;34.515;350;9791435192;S
20240307;114944;34.515;60;9791435193;B
20240307;114950;34.53;50;9791435820;B
20240307;114954;34.52;80;9791436183;S
20240307;115004;34.52;10;9791437348;S
20240307;115007;34.53;150;9791437667;B
20240307;115012;34.53;40;9791438310;B
20240307;115014;34.525;30;9791438571;S
20240307;115017;34.53;30;9791438899;B
20240307;115024;34.525;40;9791439939;S
20240307;115029;34.53;150;9791440451;B
20240307;115029;34.53;610;9791440452;B
20240307;115029;34.53;1000;9791440453;B
20240307;115029;34.53;10;9791440454;B
20240307;115029;34.53;10;9791440456;S
20240307;115029;34.53;10;9791440470;B
20240307;115034;34.545;10;9791441123;B
20240307;115034;34.53;300;9791441177;S
20240307;115042;34.545;20;9791441915;B
20240307;115044;34.525;50;9791442146;S
20240307;115046;34.545;10;9791442322;B
20240307;115048;34.545;300;9791442476;B
20240307;115054;34.53;20;9791443068;S
20240307;115054;34.53;30;9791443069;S
20240307;115104;34.53;10;9791444022;S
20240307;115115;34.53;10;9791445681;S
20240307;115115;34.53;350;9791445682;S
20240307;115115;34.53;390;9791445683;S
20240307;115115;34.53;190;9791445684;B
20240307;115115;34.53;60;9791445685;B
20240307;115120;34.545;10;9791446223;B
20240307;115124;34.53;160;9791446596;S
20240307;115129;34.53;490;9791447261;S
20240307;115129;34.525;30;9791447262;S
20240307;115129;34.525;30;9791447263;S
20240307;115129;34.525;50;9791447264;S
20240307;115134;34.53;120;9791447699;S
20240307;115143;34.545;20;9791448638;B
20240307;115144;34.53;30;9791448724;S
20240307;115219;34.545;10;9791452243;B
20240307;115314;34.545;150;9791457725;B
20240307;115314;34.53;20;9791457731;S
20240307;115330;34.545;10;9791459289;B
20240307;115332;34.545;30;9791459486;B
20240307;115334;34.53;10;9791459679;S
20240307;115341;34.53;240;9791460403;S
20240307;115344;34.53;40;9791460783;S
20240307;115354;34.53;10;9791461906;S
20240307;115414;34.545;200;9791463970;B
20240307;115414;34.535;10;9791464010;S
20240307;115414;34.535;20;9791464011;S
20240307;115425;34.545;2340;9791465015;B
20240307;115428;34.545;10;9791465361;B
20240307;115430;34.545;1880;9791465649;B
20240307;115430;34.545;40;9791465650;B
20240307;115430;34.545;140;9791465651;B
20240307;115430;34.545;10;9791465652;B
20240307;115430;34.555;310;9791465653;B
20240307;115434;34.545;10;9791466051;S
20240307;115442;34.565;10;9791466759;B
20240307;115442;34.565;20;9791466760;B
20240307;115444;34.54;480;9791466976;S
20240307;115444;34.54;180;9791466977;S
20240307;115446;34.545;100;9791467184;B
20240307;115453;34.545;100;9791467878;B
20240307;115454;34.53;130;9791467937;S
20240307;115454;34.53;10;9791467938;S
20240307;115455;34.545;20;9791468036;B
20240307;115457;34.545;100;9791468140;B
20240307;115504;34.54;40;9791468744;S
20240307;115509;34.545;9680;9791469059;B
20240307;115509;34.545;480;9791469060;B
20240307;115509;34.545;340;9791469061;B
20240307;115509;34.56;1000;9791469062;B
20240307;115509;34.565;6000;9791469063;B
20240307;115509;34.565;1050;9791469064;B
20240307;115509;34.565;1450;9791469065;B
20240307;115514;34.55;480;9791469575;S
20240307;115514;34.55;220;9791469576;S
20240307;115524;34.55;110;9791470529;S
20240307;115531;34.56;10;9791471221;B
20240307;115532;34.56;470;9791471233;B
20240307;115532;34.565;10120;9791471234;B
20240307;115532;34.565;330;9791471235;B
