<DATE>;<TIME>;<LAST>;<VOL>;<ID>;<OPER>
20240301;095934;34.8;50;9730658152;B
20240301;095934;34.8;10;9730658153;B
20240301;095934;34.8;40;9730658154;S
20240301;095934;34.8;100;9730658155;B
20240301;095934;34.8;400;9730658156;B
20240301;095934;34.8;140;9730658157;B
20240301;095934;34.8;100;9730658158;B
20240301;095934;34.8;100;9730658159;S
20240301;095934;34.8;20;9730658160;B
20240301;095934;34.8;10;9730658161;B
20240301;095934;34.8;10;9730658162;S
20240301;095934;34.8;30;9730658163;S
20240301;095934;34.8;10;9730658164;S
20240301;095934;34.8;170;9730658165;S
20240301;095934;34.8;20;9730658166;S
20240301;095934;34.8;70;9730658167;S
20240301;095934;34.8;10;9730658168;B
20240301;095934;34.8;30;9730658169;B
20240301;095934;34.8;10;9730658170;B
20240301;095934;34.8;20;9730658171;B
20240301;095934;34.8;40;9730658172;S
20240301;095934;34.8;390;9730658173;S
20240301;095934;34.8;30;9730658174;B
20240301;095934;34.8;580;9730658175;S
20240301;095934;34.8;170;9730658176;S
20240301;095934;34.8;20;9730658177;S
20240301;095934;34.8;10;9730658178;S
20240301;095934;34.8;800;9730658179;S
20240301;095934;34.8;20;9730658180;S
20240301;095934;34.8;10;9730658181;S
20240301;095934;34.8;30;9730658182;S
20240301;095934;34.8;10;9730658183;S
20240301;095934;34.8;2500;9730658184;S
20240301;095934;34.8;50;9730658185;S
20240301;095934;34.8;50;9730658186;S
20240301;095934;34.8;20;9730658187;S
20240301;095934;34.8;80;9730658188;S
20240301;095934;34.8;70;9730658189;S
20240301;095934;34.8;10;9730658190;S
20240301;095934;34.8;10;9730658191;S
20240301;095934;34.8;30;9730658192;S
20240301;095934;34.8;30;9730658193;S
20240301;095934;34.8;20;9730658194;S
20240301;095934;34.8;30;9730658195;S
20240301;095934;34.8;10;9730658196;S
20240301;095934;34.8;10;9730658197;S
20240301;095934;34.8;10;9730658198;S
20240301;095934;34.8;40;9730658199;S
20240301;095934;34.8;30;9730658200;S
20240301;095934;34.8;10000;9730658201;S
20240301;095934;34.8;200;9730658202;S
20240301;095934;34.8;1500;9730658203;S
20240301;095934;34.8;10;9730658204;S
20240301;095934;34.8;10;9730658205;S
20240301;095934;34.8;10;9730658206;S
20240301;095934;34.8;20;9730658207;S
20240301;095934;34.8;80;9730658208;S
20240301;095934;34.8;10;9730658209;S
20240301;095934;34.8;40;9730658210;S
20240301;095934;34.8;20;9730658211;S
20240301;095934;34.8;100;9730658212;S
20240301;095934;34.8;10;9730658213;S
20240301;095934;34.8;900;9730658214;B
20240301;100000;34.8;2440;9730665813;B
20240301;100000;34.805;6050;9730665815;B
20240301;100000;34.805;100;9730665816;B
20240301;100000;34.815;10;9730665820;B
20240301;100000;34.825;10;9730666039;B
20240301;100000;34.825;20;9730666040;B
20240301;100001;34.865;40;9730666448;B
20240301;100001;34.89;50;9730666449;B
20240301;100001;34.89;10;9730666450;B
20240301;100001;34.89;400;9730666453;S
20240301;100001;34.89;100;9730666462;B
20240301;100001;34.895;10;9730666605;B
20240301;100002;34.88;2950;9730667029;B
20240301;100002;34.88;7050;9730667038;S
20240301;100002;34.9;10;9730667668;B
20240301;100002;34.9;90;9730667669;B
20240301;100003;34.905;30;9730668027;B
20240301;100005;34.84;30;9730669888;S
20240301;100005;34.84;40;9730669890;S
20240301;100005;34.845;200;9730670205;S
20240301;100006;34.87;100;9730670963;B
20240301;100006;34.87;30;9730671190;B
20240301;100006;34.84;10;9730671478;S
20240301;100006;34.875;10;9730671588;B
20240301;100007;34.875;10;9730671967;B
20240301;100007;34.84;30;9730672411;S
20240301;100007;34.845;60;9730672563;S
20240301;100007;34.845;10;9730672564;S
20240301;100007;34.845;10;9730672566;S
20240301;100008;34.875;10;9730672876;B
20240301;100008;34.875;10;9730672877;B
20240301;100008;34.875;10;9730672883;B
20240301;100008;34.84;10;9730673070;S
20240301;100008;34.875;10;9730673461;B
20240301;100008;34.875;40;9730673474;B
20240301;100008;34.875;20;9730673487;B
20240301;100009;34.835;10;9730673874;S
20240301;100009;34.875;10;9730674174;B
20240301;100010;34.875;80;9730674593;B
20240301;100016;34.875;30;9730676426;B
20240301;100016;34.875;230;9730676522;B
20240301;100016;34.895;6000;9730676523;B
20240301;100016;34.895;3770;9730676524;B
20240301;100028;34.87;10;9730680057;S
20240301;100029;34.885;340;9730680358;B
20240301;100030;34.91;20;9730680663;B
20240301;100037;34.91;10;9730682289;B
20240301;100040;34.9;800;9730682921;S
20240301;100042;34.91;10;9730683277;B
20240301;100046;34.9;20;9730684390;S
20240301;100048;34.9;80;9730684898;S
20240301;100052;34.91;10;9730685565;B
20240301;100057;34.91;130;9730686812;B
20240301;100057;34.91;140;9730686813;B
20240301;100057;34.92;100;9730686814;B
20240301;100057;34.92;1240;9730686815;B
20240301;100057;34.92;50;9730686858;B
20240301;100101;34.92;30;9730687797;B
20240301;100102;34.92;10;9730687882;B
20240301;100102;34.92;250;9730687977;B
20240301;100119;34.92;2420;9730691193;B
20240301;100119;34.92;20;9730691194;B
20240301;100119;34.92;400;9730691195;S
20240301;100119;34.92;20;9730691196;S
20240301;100136;34.92;30;9730694446;B
20240301;100149;34.915;100;9730696719;B
20240301;100150;34.9;800;9730696994;S
20240301;100207;34.915;100;9730700196;B
20240301;100210;34.915;20;9730700889;B
20240301;100212;34.905;1730;9730701197;S
20240301;100212;34.905;610;9730701198;S
20240301;100220;34.915;100;9730702681;B
20240301;100225;34.915;500;9730703611;S
20240301;100225;34.915;210;9730703669;S
20240301;100225;34.915;90;9730703670;S
20240301;100227;34.91;300;9730703926;S
20240301;100230;34.92;200;9730704550;B
20240301;100234;34.915;300;9730705357;S
20240301;100236;34.915;300;9730705816;S
20240301;100237;34.915;80;9730706145;S
20240301;100237;34.915;150;9730706147;S
20240301;100237;34.915;170;9730706226;S
20240301;100237;34.915;130;9730706227;S
20240301;100238;34.915;100;9730706283;S
20240301;100239;34.915;140;9730706387;S
20240301;100240;34.915;300;9730706662;S
20240301;100240;34.915;330;9730706684;S
20240301;100240;34.915;60;9730706685;S
20240301;100240;34.905;110;9730706686;S
20240301;100241;34.915;1790;9730706898;B
20240301;100242;34.905;1470;9730707074;S
20240301;100242;34.905;1000;9730707075;S
20240301;100242;34.9;5300;9730707076;S
20240301;100242;34.895;3660;9730707077;S
20240301;100242;34.895;30;9730707078;S
20240301;100242;34.895;200;9730707079;S
20240301;100242;34.89;470;9730707080;S
20240301;100242;34.89;10;9730707081;S
20240301;100242;34.89;2000;9730707129;B
20240301;100243;34.89;30;9730707241;B
20240301;100244;34.89;700;9730707758;B
20240301;100252;34.885;50;9730709019;S
20240301;100252;34.885;50;9730709020;S
20240301;100252;34.885;200;9730709021;S
20240301;100255;34.89;10;9730709682;B
20240301;100259;34.885;1000;9730710361;S
20240301;100259;34.885;1000;9730710362;S
20240301;100301;34.885;3000;9730710685;S
20240301;100302;34.89;500;9730710853;B
20240301;100302;34.89;9000;9730711017;B
20240301;100304;34.89;10;9730711284;B
20240301;100305;34.89;50;9730711629;B
20240301;100305;34.89;500;9730711630;B
20240301;100307;34.9;100;9730711906;B
20240301;100312;34.9;900;9730712909;B
20240301;100318;34.915;100;9730713826;B
20240301;100319;34.905;50;9730713937;S
20240301;100319;34.915;180;9730713990;B
20240301;100320;34.9;10;9730714328;S
20240301;100327;34.915;20;9730715287;B
20240301;100331;34.915;20;9730715987;B
20240301;100340;34.915;30;9730717213;B
20240301;100341;34.9;700;9730717374;S
20240301;100348;34.915;20;9730718476;B
20240301;100352;34.915;70;9730719203;B
20240301;100352;34.915;220;9730719204;B
20240301;100353;34.915;400;9730719251;B
20240301;100358;34.9;40;9730720085;S
20240301;100407;34.91;70;9730721450;S
20240301;100408;34.915;300;9730721624;B
20240301;100415;34.915;1280;9730723050;B
20240301;100415;34.915;5710;9730723051;B
20240301;100415;34.915;3690;9730723052;B
20240301;100415;34.915;50;9730723053;B
20240301;100415;34.92;250;9730723054;B
20240301;100415;34.92;6460;9730723055;B
20240301;100415;34.92;10;9730723062;B
20240301;100416;34.92;10;9730723143;B
20240301;100416;34.92;1570;9730723181;B
20240301;100416;34.92;100;9730723182;B
20240301;100416;34.92;2030;9730723183;B
20240301;100421;34.92;50;9730724075;S
20240301;100422;34.935;100;9730724308;B
20240301;100427;34.935;150;9730724887;B
20240301;100427;34.92;390;9730724947;S
20240301;100449;34.92;20;9730728570;S
20240301;100449;34.92;500;9730728604;S
20240301;100450;34.92;1100;9730728710;S
20240301;100457;34.935;30;9730729890;B
20240301;100458;34.92;1000;9730730001;S
20240301;100508;34.935;10;9730731476;B
20240301;100513;34.935;500;9730732551;B
20240301;100521;34.935;500;9730734098;B
20240301;100522;34.935;500;9730734365;B
20240301;100523;34.935;500;9730734624;B
20240301;100524;34.925;200;9730734686;S
20240301;100524;34.925;1000;9730734687;S
20240301;100524;34.925;50;9730734688;S
20240301;100524;34.925;500;9730734760;B
20240301;100525;34.925;300;9730734990;B
20240301;100525;34.92;50;9730734994;S
20240301;100532;34.92;1200;9730736410;S
20240301;100539;34.925;20;9730737843;B
20240301;100541;34.92;250;9730738175;S
20240301;100541;34.92;20;9730738176;S
20240301;100541;34.92;1080;9730738177;S
20240301;100541;34.92;30;9730738327;B
20240301;100551;34.915;100;9730739783;S
20240301;100553;34.92;10;9730739992;B
20240301;100553;34.92;10;9730739993;B
20240301;100553;34.915;30;9730740109;S
20240301;100601;34.925;20;9730741346;B
20240301;100604;34.92;370;9730741961;B
20240301;100605;34.92;70;9730742339;S
20240301;100605;34.92;10;9730742420;S
20240301;100613;34.92;1500;9730744003;S
20240301;100615;34.925;10;9730744358;B
20240301;100616;34.92;2000;9730744711;S
20240301;100617;34.925;180;9730744846;B
20240301;100618;34.92;100;9730745006;S
20240301;100620;34.925;50;9730745390;B
20240301;100621;34.92;6550;9730745664;S
20240301;100621;34.92;1100;9730745665;S
20240301;100621;34.915;3000;9730745671;S
20240301;100622;34.915;1500;9730745718;S
20240301;100623;34.91;2930;9730745972;S
20240301;100623;34.91;10;9730745973;S
20240301;100623;34.905;750;9730746062;S
20240301;100625;34.905;370;9730746470;S
20240301;100626;34.905;190;9730746692;S
20240301;100626;34.915;100;9730746697;B
20240301;100626;34.9;40;9730746712;S
20240301;100630;34.91;100;9730747425;B
20240301;100633;34.895;90;9730747910;S
20240301;100633;34.895;3000;9730747911;S
20240301;100633;34.89;40;9730747912;S
20240301;100633;34.89;1000;9730747913;S
20240301;100633;34.885;400;9730747914;S
20240301;100633;34.88;30;9730747915;S
20240301;100633;34.88;100;9730747916;S
20240301;100633;34.88;360;9730747917;S
20240301;100633;34.875;470;9730747918;S
20240301;100633;34.875;5900;9730747919;S
20240301;100633;34.87;30;9730747920;S
20240301;100633;34.87;6500;9730747921;S
20240301;100633;34.87;1000;9730747922;S
20240301;100633;34.87;1080;9730747923;S
20240301;100633;34.865;11460;9730747924;S
20240301;100633;34.855;50;9730747925;S
20240301;100633;34.855;50;9730747926;S
20240301;100633;34.85;7880;9730747927;S
20240301;100633;34.85;1270;9730747928;S
20240301;100633;34.845;620;9730747929;S
20240301;100633;34.82;8670;9730747930;S
20240301;100634;34.83;50;9730747956;S
20240301;100637;34.84;30;9730748483;S
20240301;100649;34.855;10;9730750418;B
20240301;100650;34.84;10;9730750650;S
20240301;100650;34.835;30;9730750651;S
20240301;100650;34.83;10;9730750652;S
20240301;100654;34.83;40;9730751252;S
20240301;100654;34.825;1960;9730751253;S
20240301;100655;34.835;30;9730751372;B
20240301;100657;34.82;400;9730751617;S
20240301;100657;34.82;300;9730751618;S
20240301;100657;34.82;980;9730751619;S
20240301;100657;34.815;11480;9730751620;S
20240301;100657;34.81;50;9730751621;S
20240301;100657;34.805;20;9730751622;S
20240301;100657;34.8;10;9730751623;S
20240301;100657;34.8;180;9730751624;S
20240301;100657;34.8;730;9730751625;S
20240301;100657;34.795;30;9730751626;S
20240301;100657;34.795;150;9730751627;S
20240301;100657;34.795;70;9730751628;S
20240301;100657;34.795;10;9730751629;S
20240301;100657;34.79;30;9730751630;S
20240301;100657;34.79;1000;9730751631;S
20240301;100657;34.785;20;9730751632;S
20240301;100657;34.775;30;9730751633;S
20240301;100657;34.775;2880;9730751634;S
20240301;100657;34.77;10;9730751635;S
20240301;100657;34.77;3410;9730751636;S
20240301;100657;34.805;840;9730751637;S
20240301;100657;34.795;870;9730751638;S
20240301;100658;34.805;11480;9730751907;S
20240301;100658;34.8;1130;9730751908;S
20240301;100658;34.8;8040;9730751909;B
20240301;100658;34.8;100;9730751910;B
20240301;100702;34.785;100;9730752455;S
20240301;100702;34.8;10;9730752470;B
20240301;100702;34.8;20;9730752477;B
20240301;100704;34.795;20;9730752994;B
20240301;100705;34.795;60;9730753055;S
20240301;100706;34.8;10;9730753184;B
20240301;100706;34.8;200;9730753285;B
20240301;100710;34.795;150;9730753929;S
20240301;100712;34.79;10;9730754139;S
20240301;100718;34.8;1650;9730755071;B
20240301;100719;34.8;200;9730755230;B
20240301;100720;34.8;10;9730755250;B
20240301;100734;34.8;200;9730757792;B
20240301;100741;34.8;20;9730759013;B
20240301;100743;34.8;710;9730759540;B
20240301;100744;34.795;440;9730759718;S
20240301;100744;34.79;560;9730759719;S
20240301;100748;34.8;4000;9730760482;B
20240301;100749;34.8;10;9730760578;B
20240301;100749;34.795;30;9730760622;S
20240301;100754;34.8;100;9730761297;B
20240301;100755;34.795;10;9730761431;S
20240301;100755;34.795;50;9730761432;S
20240301;100755;34.79;160;9730761433;S
20240301;100757;34.8;100;9730761771;B
20240301;100801;34.795;700;9730762309;S
20240301;100802;34.795;530;9730762548;S
20240301;100802;34.795;440;9730762549;S
20240301;100802;34.79;460;9730762550;S
20240301;100805;34.795;20;9730763060;S
20240301;100806;34.8;10;9730763239;B
20240301;100808;34.8;50;9730763586;B
20240301;100810;34.795;1000;9730763969;S
20240301;100815;34.8;70;9730764689;B
20240301;100820;34.795;700;9730765547;S
20240301;100820;34.8;500;9730765584;B
20240301;100822;34.8;1000;9730765710;B
20240301;100822;34.8;5380;9730765711;B
20240301;100822;34.8;1040;9730765712;B
20240301;100822;34.8;30;9730765713;B
20240301;100822;34.83;400;9730765771;B
20240301;100822;34.82;300;9730765806;S
20240301;100823;34.82;20;9730765882;S
20240301;100825;34.82;30;9730766090;S
20240301;100827;34.84;10;9730766486;B
20240301;100843;34.83;10;9730769130;B
20240301;100844;34.825;10;9730769312;S
20240301;100845;34.83;10;9730769409;B
20240301;100847;34.83;20;9730769658;B
20240301;100852;34.83;10;9730770297;B
20240301;100900;34.82;450;9730771342;S
20240301;100900;34.815;550;9730771343;S
20240301;100904;34.83;50;9730771894;B
20240301;100913;34.84;30;9730773335;B
20240301;100929;34.83;650;9730775463;S
20240301;100933;34.83;1300;9730776120;S
20240301;100933;34.83;200;9730776121;S
20240301;100936;34.83;40;9730776561;S
20240301;100941;34.835;10;9730777280;B
20240301;100944;34.835;20;9730777600;B
20240301;100951;34.83;10;9730778479;S
20240301;100956;34.83;250;9730779145;S
20240301;101008;34.81;220;9730780636;S
20240301;101020;34.83;30;9730782512;B
20240301;101034;34.83;10;9730784407;B
20240301;101042;34.83;30;9730785526;B
20240301;101048;34.83;250;9730786121;B
20240301;101051;34.81;300;9730786432;S
20240301;101053;34.83;10;9730786755;B
20240301;101101;34.81;30;9730787787;S
20240301;101105;34.83;270;9730788264;B
20240301;101107;34.805;10;9730788552;S
20240301;101111;34.825;400;9730789045;B
20240301;101115;34.815;1000;9730789748;S
20240301;101119;34.81;50;9730790345;S
20240301;101119;34.81;2880;9730790346;S
20240301;101119;34.805;70;9730790347;S
20240301;101129;34.83;140;9730791687;B
20240301;101132;34.815;80;9730792000;S
20240301;101144;34.815;50;9730793681;S
20240301;101144;34.815;1450;9730793682;S
20240301;101145;34.83;10;9730793756;B
20240301;101145;34.83;50;9730793757;B
20240301;101145;34.815;1000;9730793830;S
20240301;101148;34.83;450;9730794260;B
20240301;101148;34.83;290;9730794261;B
20240301;101153;34.83;440;9730794798;B
20240301;101153;34.83;70;9730794799;S
20240301;101156;34.83;10;9730795254;B
20240301;101156;34.82;50;9730795329;S
20240301;101156;34.82;100;9730795330;S
20240301;101156;34.835;80;9730795331;B
20240301;101156;34.835;800;9730795332;B
20240301;101156;34.835;230;9730795333;B
20240301;101156;34.835;1330;9730795334;B
20240301;101156;34.84;8630;9730795335;B
20240301;101156;34.84;20;9730795336;B
20240301;101156;34.84;10000;9730795337;B
20240301;101156;34.84;440;9730795338;B
20240301;101156;34.845;700;9730795339;B
20240301;101156;34.85;2000;9730795340;B
20240301;101156;34.85;1000;9730795341;B
20240301;101156;34.865;2000;9730795342;B
20240301;101156;34.87;140;9730795343;B
20240301;101156;34.87;1000;9730795344;B
20240301;101156;34.88;300;9730795345;B
20240301;101156;34.88;2880;9730795346;B
20240301;101156;34.88;11480;9730795347;B
20240301;101156;34.885;10;9730795348;B
20240301;101156;34.89;20;9730795349;B
20240301;101156;34.89;20;9730795350;B
20240301;101156;34.9;6920;9730795351;S
20240301;101156;34.885;490;9730795352;S
20240301;101156;34.885;510;9730795353;S
20240301;101156;34.875;140;9730795354;S
20240301;101156;34.89;440;9730795356;B
20240301;101156;34.89;140;9730795357;B
20240301;101156;34.895;2880;9730795358;B
20240301;101156;34.9;1540;9730795359;B
20240301;101156;34.87;880;9730795360;S
20240301;101156;34.865;320;9730795361;S
20240301;101156;34.875;460;9730795366;S
20240301;101156;34.875;2000;9730795367;S
20240301;101156;34.875;540;9730795368;S
20240301;101156;34.865;680;9730795369;S
20240301;101156;34.865;80;9730795370;S
20240301;101156;34.84;700;9730795371;S
20240301;101156;34.84;2000;9730795372;S
20240301;101156;34.845;830;9730795373;S
20240301;101156;34.84;1170;9730795374;S
20240301;101156;34.84;1300;9730795375;S
20240301;101156;34.84;700;9730795376;S
20240301;101156;34.84;800;9730795377;S
20240301;101157;34.87;840;9730795403;S
20240301;101157;34.87;4160;9730795404;S
20240301;101157;34.875;5000;9730795450;B
20240301;101157;34.865;30;9730795558;S
20240301;101207;34.875;10;9730796927;B
20240301;101229;34.865;140;9730800217;S
20240301;101232;34.87;280;9730800617;B
20240301;101232;34.87;220;9730800618;S
20240301;101232;34.875;10;9730800639;B
20240301;101233;34.87;280;9730800721;B
20240301;101233;34.875;70;9730800722;B
20240301;101234;34.865;60;9730801004;S
20240301;101238;34.865;160;9730801617;S
20240301;101238;34.865;300;9730801618;S
20240301;101238;34.865;1110;9730801619;S
20240301;101238;34.85;10;9730801629;S
20240301;101238;34.845;50;9730801630;S
20240301;101238;34.84;30;9730801631;S
20240301;101242;34.85;290;9730802343;B
20240301;101243;34.85;30;9730802422;B
20240301;101250;34.84;10;9730803572;S
20240301;101250;34.84;280;9730803573;S
20240301;101255;34.845;500;9730804450;B
20240301;101305;34.835;10;9730805842;S
20240301;101306;34.845;10;9730805959;B
20240301;101328;34.855;2880;9730808890;B
20240301;101328;34.855;400;9730808891;B
20240301;101328;34.86;4300;9730808892;B
20240301;101328;34.87;750;9730808893;B
20240301;101328;34.87;300;9730808894;B
20240301;101328;34.875;410;9730808895;B
20240301;101328;34.875;2000;9730808896;B
20240301;101328;34.88;3620;9730808897;B
20240301;101328;34.88;2880;9730808898;B
20240301;101328;34.885;5880;9730808899;B
20240301;101333;34.88;100;9730809552;B
20240301;101341;34.845;20;9730810409;S
20240301;101348;34.845;240;9730811122;S
20240301;101348;34.845;20;9730811134;S
20240301;101349;34.845;220;9730811228;S
20240301;101349;34.845;10;9730811229;S
20240301;101349;34.845;80;9730811230;S
20240301;101349;34.845;30;9730811298;B
20240301;101406;34.835;100;9730813363;S
20240301;101407;34.835;1900;9730813439;S
20240301;101407;34.835;70;9730813440;S
20240301;101407;34.83;500;9730813441;S
20240301;101407;34.83;800;9730813442;S
20240301;101407;34.83;700;9730813443;S
20240301;101407;34.825;11030;9730813444;S
20240301;101414;34.845;20;9730814225;B
20240301;101414;34.845;30;9730814302;B
20240301;101414;34.85;20;9730814303;B
20240301;101414;34.85;50;9730814304;B
20240301;101417;34.845;10;9730814636;B
20240301;101418;34.82;10;9730814768;S
20240301;101421;34.845;710;9730815247;B
20240301;101421;34.85;90;9730815248;B
20240301;101425;34.845;30;9730815815;B
20240301;101432;34.85;610;9730816713;B
20240301;101432;34.855;10;9730816714;B
20240301;101432;34.855;370;9730816715;B
20240301;101432;34.855;10;9730816716;B
20240301;101437;34.845;10;9730817160;B
20240301;101448;34.845;10;9730818432;B
20240301;101456;34.83;10;9730819355;S
20240301;101456;34.83;50;9730819356;S
20240301;101456;34.825;350;9730819357;S
20240301;101456;34.825;150;9730819358;S
20240301;101457;34.82;40;9730819479;S
20240301;101457;34.82;150;9730819480;S
20240301;101457;34.82;10;9730819481;S
20240301;101458;34.815;50;9730819578;S
20240301;101458;34.815;40;9730819579;S
20240301;101458;34.815;60;9730819580;S
20240301;101458;34.815;350;9730819581;S
20240301;101458;34.815;500;9730819582;S
20240301;101458;34.81;740;9730819586;S
20240301;101458;34.815;1000;9730819587;S
20240301;101458;34.84;10;9730819629;B
20240301;101459;34.84;10;9730819803;B
20240301;101504;34.845;120;9730820645;B
20240301;101506;34.845;10;9730821181;B
20240301;101508;34.845;10;9730821692;B
20240301;101511;34.825;30;9730822257;S
20240301;101515;34.825;10;9730823397;S
20240301;101519;34.82;30;9730824410;S
20240301;101520;34.815;10;9730824523;S
20240301;101525;34.835;10;9730825667;B
20240301;101532;34.835;20;9730826998;B
20240301;101549;34.835;10;9730830144;S
20240301;101549;34.835;10;9730830170;S
20240301;101549;34.825;40;9730830171;S
20240301;101551;34.84;10;9730830534;B
20240301;101551;34.845;10;9730830535;B
20240301;101552;34.84;10;9730830938;B
20240301;101553;34.84;260;9730831180;B
20240301;101553;34.845;240;9730831181;B
20240301;101556;34.82;150;9730831979;S
20240301;101603;34.835;2500;9730833312;B
20240301;101626;34.84;10;9730839333;B
20240301;101626;34.84;20;9730839334;B
20240301;101628;34.84;70;9730839918;B
20240301;101635;34.825;10;9730841863;S
20240301;101635;34.82;20;9730841864;S
20240301;101636;34.835;20;9730842011;B
20240301;101636;34.835;260;9730842012;B
20240301;101650;34.835;10;9730845624;B
20240301;101650;34.84;90;9730845625;B
20240301;101655;34.815;10;9730846708;S
20240301;101658;34.835;10;9730847510;B
20240301;101713;34.835;40;9730851053;B
20240301;101713;34.84;180;9730851054;B
20240301;101713;34.84;180;9730851055;B
20240301;101723;34.835;10;9730853047;S
20240301;101723;34.825;20;9730853048;S
20240301;101725;34.85;10;9730853485;B
20240301;101725;34.855;90;9730853486;B
20240301;101748;34.835;200;9730857518;S
20240301;101748;34.835;50;9730857519;S
20240301;101748;34.83;230;9730857520;S
20240301;101751;34.83;240;9730858309;S
20240301;101751;34.83;200;9730858310;S
20240301;101751;34.825;1560;9730858311;S
20240301;101807;34.845;100;9730860683;B
20240301;101808;34.825;30;9730860805;S
20240301;101811;34.845;150;9730861390;B
20240301;101820;34.845;50;9730863392;B
20240301;101820;34.845;20;9730863393;B
20240301;101843;34.825;70;9730870278;S
20240301;101859;34.845;20;9730874862;B
20240301;101900;34.845;1130;9730874979;B
20240301;101902;34.85;490;9730875378;B
20240301;101902;34.855;230;9730875379;B
20240301;101902;34.855;280;9730875380;B
20240301;101913;34.855;10;9730878412;B
20240301;101927;34.845;20;9730881036;S
20240301;101929;34.845;10;9730881379;S
20240301;101935;34.845;300;9730882530;S
20240301;101936;34.845;30;9730882615;S
20240301;101957;34.855;480;9730886555;B
20240301;101957;34.855;100;9730886556;B
20240301;101957;34.86;30;9730886557;B
20240301;101957;34.86;350;9730886558;B
20240301;101957;34.865;510;9730886559;B
20240301;101959;34.845;10;9730886852;S
20240301;102001;34.845;30;9730887042;B
20240301;102031;34.845;260;9730896329;B
20240301;102031;34.85;240;9730896330;B
20240301;102031;34.865;350;9730896331;B
20240301;102031;34.87;10;9730896332;B
20240301;102031;34.87;500;9730896333;B
20240301;102031;34.87;400;9730896334;B
20240301;102031;34.875;1060;9730896335;B
20240301;102031;34.875;180;9730896336;B
20240301;102052;34.85;10;9730905150;S
20240301;102056;34.87;10;9730905804;B
20240301;102056;34.87;200;9730905805;B
20240301;102056;34.875;500;9730905806;B
20240301;102056;34.875;290;9730905807;B
20240301;102058;34.845;10;9730906418;S
20240301;102105;34.875;10;9730908485;B
20240301;102108;34.845;10;9730909489;S
20240301;102108;34.845;10;9730909502;S
20240301;102111;34.845;30;9730910863;S
20240301;102111;34.845;60;9730910864;S
20240301;102113;34.845;10;9730911325;S
20240301;102115;34.845;10;9730911682;S
20240301;102119;34.87;60;9730913157;B
20240301;102119;34.875;40;9730913158;B
20240301;102120;34.875;70;9730913910;B
20240301;102120;34.875;20;9730913911;B
20240301;102120;34.88;90;9730913912;B
20240301;102120;34.88;820;9730913913;B
20240301;102124;34.855;20;9730914526;S
20240301;102125;34.855;10;9730915275;S
20240301;102137;34.855;10;9730917798;S
20240301;102145;34.855;30;9730921270;S
20240301;102147;34.855;10;9730921424;S
20240301;102147;34.855;10;9730921431;S
20240301;102147;34.855;10;9730921433;S
20240301;102147;34.855;10;9730921446;S
20240301;102147;34.855;10;9730921480;S
20240301;102149;34.855;10;9730921988;S
20240301;102149;34.855;10;9730922014;S
20240301;102149;34.855;10;9730922027;S
20240301;102149;34.855;10;9730922048;S
20240301;102149;34.855;10;9730922068;S
20240301;102149;34.855;10;9730922089;S
20240301;102149;34.855;10;9730922101;S
20240301;102200;34.85;100;9730926934;S
20240301;102207;34.875;10;9730929340;B
20240301;102222;34.845;90;9730932954;S
20240301;102227;34.875;10;9730935653;B
20240301;102227;34.875;10;9730935654;B
20240301;102227;34.875;130;9730935655;B
20240301;102238;34.855;10;9730940228;S
20240301;102240;34.855;20;9730941011;S
20240301;102240;34.85;200;9730941012;S
20240301;102240;34.85;290;9730941013;S
20240301;102240;34.845;910;9730941014;S
20240301;102240;34.845;80;9730941015;S
20240301;102244;34.875;10;9730941793;B
20240301;102245;34.875;170;9730942226;B
20240301;102245;34.875;10;9730942227;B
20240301;102245;34.875;110;9730942228;B
20240301;102249;34.87;10;9730942953;B
20240301;102251;34.87;10;9730943975;B
20240301;102302;34.87;20;9730947713;B
20240301;102312;34.87;40;9730951842;B
20240301;102312;34.87;1000;9730951843;B
20240301;102312;34.875;320;9730951844;B
20240301;102312;34.875;140;9730951845;B
20240301;102313;34.875;40;9730952011;B
20240301;102316;34.845;130;9730953687;S
20240301;102323;34.87;10;9730956004;B
20240301;102343;34.87;20;9730962353;B
20240301;102344;34.87;10;9730963601;B
20240301;102346;34.87;90;9730963932;B
20240301;102346;34.875;120;9730963933;B
20240301;102346;34.875;290;9730963934;B
20240301;102349;34.88;20;9730965570;B
20240301;102403;34.855;10;9730971452;S
20240301;102404;34.88;70;9730972487;B
20240301;102404;34.88;150;9730972488;B
20240301;102404;34.88;10;9730972489;B
20240301;102404;34.885;30;9730972490;B
20240301;102404;34.885;100;9730972491;B
20240301;102404;34.885;1000;9730972492;B
20240301;102404;34.885;320;9730972493;B
20240301;102404;34.885;1120;9730972494;B
20240301;102430;34.86;40;9730983331;S
20240301;102448;34.88;10;9730989286;B
20240301;102448;34.885;20;9730989287;B
20240301;102448;34.865;40;9730989354;S
20240301;102452;34.885;1740;9730989922;B
20240301;102452;34.885;280;9730989923;B
20240301;102452;34.89;8550;9730989924;B
20240301;102454;34.89;1060;9730990680;B
20240301;102505;34.87;1900;9730993408;S
20240301;102508;34.89;2860;9730994875;B
20240301;102514;34.89;10;9730995783;B
20240301;102523;34.87;10;9730999144;S
20240301;102526;34.89;2520;9730999797;B
20240301;102528;34.9;10;9731000003;B
20240301;102533;34.9;50;9731002236;B
20240301;102535;34.9;10;9731002467;B
20240301;102602;34.89;20;9731008802;S
20240301;102616;34.9;120;9731010569;B
20240301;102616;34.9;10;9731010570;B
20240301;102616;34.9;10;9731010571;B
20240301;102616;34.9;50;9731010572;B
20240301;102616;34.9;30;9731010573;B
20240301;102616;34.9;50;9731010574;B
20240301;102616;34.91;330;9731010575;B
20240301;102616;34.915;100;9731010576;B
20240301;102616;34.915;300;9731010577;B
20240301;102622;34.915;30;9731011558;B
20240301;102635;34.915;2080;9731013430;B
20240301;102635;34.915;3920;9731013431;B
20240301;102636;34.92;10;9731013623;B
20240301;102636;34.92;200;9731013624;B
20240301;102636;34.925;240;9731013625;B
20240301;102640;34.92;250;9731014766;B
20240301;102641;34.905;10;9731015177;S
20240301;102641;34.905;70;9731015186;S
20240301;102641;34.915;10;9731015240;B
20240301;102642;34.91;20;9731015334;B
20240301;102645;34.9;50;9731016035;S
20240301;102649;34.9;330;9731017260;B
20240301;102649;34.9;490;9731017261;S
20240301;102651;34.9;100;9731017544;S
20240301;102654;34.89;170;9731018232;S
20240301;102654;34.89;290;9731018233;S
20240301;102654;34.89;40;9731018234;S
20240301;102654;34.89;10;9731018235;S
20240301;102654;34.89;30;9731018236;S
20240301;102654;34.88;10000;9731018238;S
20240301;102654;34.87;10;9731018381;S
20240301;102654;34.87;10;9731018382;S
20240301;102654;34.87;10;9731018383;S
20240301;102654;34.87;10;9731018384;S
20240301;102654;34.87;10;9731018385;S
20240301;102654;34.87;10;9731018386;S
20240301;102654;34.87;10;9731018387;S
20240301;102654;34.87;10;9731018388;S
20240301;102654;34.87;10;9731018389;S
20240301;102654;34.87;10;9731018390;S
20240301;102654;34.87;10;9731018391;S
20240301;102654;34.87;10;9731018392;S
20240301;102654;34.87;10;9731018393;S
20240301;102654;34.87;10;9731018394;S
20240301;102654;34.87;10;9731018395;S
20240301;102654;34.87;10;9731018396;S
20240301;102654;34.87;10;9731018397;S
20240301;102654;34.87;10;9731018398;S
20240301;102654;34.87;10;9731018399;S
20240301;102654;34.87;10;9731018400;S
20240301;102654;34.87;10;9731018401;S
20240301;102654;34.87;10;9731018402;S
20240301;102654;34.87;10;9731018403;S
20240301;102654;34.87;10;9731018404;S
20240301;102654;34.87;10;9731018405;S
20240301;102654;34.87;10;9731018406;S
20240301;102654;34.87;10;9731018407;S
20240301;102654;34.87;10;9731018408;S
20240301;102654;34.87;10;9731018409;S
20240301;102654;34.87;10;9731018410;S
20240301;102654;34.87;740;9731018411;S
20240301;102654;34.87;2520;9731018412;S
20240301;102654;34.87;5000;9731018413;S
20240301;102654;34.87;10;9731018414;S
20240301;102654;34.865;230;9731018416;S
20240301;102654;34.865;200;9731018417;S
20240301;102654;34.865;2070;9731018418;S
20240301;102654;34.865;10;9731018419;S
20240301;102654;34.865;10;9731018420;S
20240301;102654;34.865;20;9731018421;S
20240301;102654;34.865;20;9731018422;S
20240301;102654;34.865;10;9731018423;S
20240301;102654;34.865;10;9731018424;S
20240301;102654;34.865;20;9731018425;S
20240301;102654;34.865;10;9731018426;S
20240301;102654;34.865;10;9731018427;S
20240301;102654;34.865;10;9731018428;S
20240301;102654;34.865;10;9731018429;S
20240301;102654;34.865;10;9731018430;S
20240301;102654;34.865;10;9731018431;S
20240301;102654;34.865;10;9731018432;S
20240301;102654;34.865;10;9731018433;S
20240301;102654;34.865;10;9731018434;S
20240301;102654;34.865;20;9731018435;S
20240301;102654;34.865;10;9731018436;S
20240301;102654;34.865;20;9731018437;S
20240301;102654;34.865;10;9731018438;S
20240301;102654;34.865;10;9731018439;S
20240301;102654;34.865;10;9731018440;S
20240301;102654;34.865;20;9731018441;S
20240301;102654;34.865;10;9731018442;S
20240301;102654;34.865;10;9731018443;S
20240301;102654;34.865;10;9731018444;S
20240301;102654;34.865;20;9731018445;S
20240301;102654;34.865;10;9731018446;S
20240301;102654;34.865;20;9731018447;S
20240301;102654;34.865;10;9731018448;S
20240301;102654;34.865;10;9731018449;S
20240301;102654;34.865;20;9731018450;S
20240301;102654;34.865;10;9731018451;S
20240301;102654;34.865;10;9731018452;S
20240301;102654;34.865;10;9731018453;S
20240301;102654;34.865;10;9731018454;S
20240301;102654;34.865;20;9731018455;S
20240301;102654;34.865;30;9731018456;S
20240301;102654;34.865;10;9731018457;S
20240301;102654;34.865;10;9731018458;S
20240301;102654;34.865;10;9731018459;S
20240301;102654;34.865;30;9731018460;S
20240301;102654;34.865;20;9731018461;S
20240301;102654;34.865;10;9731018462;S
20240301;102654;34.865;10;9731018463;S
20240301;102654;34.865;20;9731018464;S
20240301;102654;34.865;10;9731018465;S
20240301;102654;34.865;20;9731018466;S
20240301;102654;34.865;10;9731018467;S
20240301;102654;34.865;10;9731018468;S
20240301;102654;34.865;10;9731018469;S
20240301;102654;34.865;10;9731018470;S
20240301;102654;34.865;10;9731018471;S
20240301;102654;34.865;10;9731018472;S
20240301;102654;34.865;60;9731018473;S
20240301;102654;34.865;20;9731018474;S
20240301;102654;34.865;10;9731018475;S
20240301;102654;34.865;10;9731018476;S
20240301;102654;34.86;100;9731018477;S
20240301;102654;34.86;130;9731018478;S
20240301;102654;34.86;240;9731018479;S
20240301;102654;34.85;10;9731018489;S
20240301;102654;34.85;10;9731018529;B
20240301;102655;34.87;10;9731018538;B
20240301;102655;34.87;10;9731018539;B
20240301;102655;34.87;10;9731018567;B
20240301;102655;34.87;10;9731018568;B
20240301;102655;34.87;10;9731018569;B
20240301;102655;34.87;10;9731018570;B
20240301;102655;34.87;10;9731018581;B
20240301;102655;34.87;10;9731018586;B
20240301;102655;34.87;10;9731018589;B
20240301;102655;34.87;10;9731018611;B
20240301;102655;34.87;10;9731018613;B
20240301;102655;34.87;10;9731018615;B
20240301;102655;34.855;340;9731018619;S
20240301;102655;34.855;290;9731018620;S
20240301;102655;34.855;370;9731018621;S
20240301;102655;34.86;10;9731018640;B
20240301;102655;34.86;10;9731018642;B
20240301;102655;34.86;10;9731018654;B
20240301;102657;34.845;50;9731019010;S
20240301;102657;34.84;20;9731019059;S
20240301;102657;34.84;10;9731019060;S
20240301;102657;34.84;100;9731019061;S
20240301;102657;34.84;10;9731019062;S
20240301;102701;34.835;10;9731019679;S
20240301;102701;34.835;10;9731019680;S
20240301;102702;34.84;210;9731019803;B
20240301;102703;34.84;30;9731020027;S
20240301;102714;34.84;270;9731021650;S
20240301;102714;34.825;30;9731021702;S
20240301;102719;34.84;430;9731022365;B
20240301;102719;34.84;10;9731022366;B
20240301;102719;34.845;10;9731022367;B
20240301;102719;34.85;470;9731022368;B
20240301;102719;34.865;2880;9731022369;B
20240301;102719;34.87;280;9731022370;B
20240301;102719;34.84;10;9731022377;S
20240301;102719;34.84;10;9731022385;S
20240301;102719;34.84;10;9731022399;S
20240301;102719;34.84;10;9731022405;S
20240301;102719;34.84;10;9731022418;S
20240301;102719;34.84;10;9731022431;S
20240301;102719;34.84;10;9731022437;S
20240301;102719;34.84;10;9731022457;S
20240301;102719;34.84;10;9731022477;S
20240301;102719;34.84;10;9731022484;S
20240301;102719;34.84;10;9731022485;S
20240301;102719;34.84;10;9731022497;S
20240301;102720;34.84;10;9731022501;S
20240301;102727;34.84;200;9731023631;S
20240301;102751;34.845;300;9731027534;S
20240301;102753;34.845;80;9731028087;B
20240301;102800;34.845;100;9731029992;B
20240301;102802;34.845;30;9731030473;B
20240301;102803;34.845;30;9731030613;B
20240301;102808;34.845;20;9731031817;B
20240301;102812;34.84;10;9731032417;S
20240301;102812;34.84;10;9731032424;S
20240301;102812;34.84;30;9731032425;S
20240301;102815;34.845;40;9731032711;B
20240301;102815;34.845;60;9731032712;B
20240301;102825;34.84;40;9731034279;S
20240301;102825;34.84;60;9731034280;S
20240301;102825;34.84;40;9731034281;S
20240301;102825;34.835;290;9731034282;S
20240301;102825;34.83;450;9731034283;S
20240301;102825;34.825;620;9731034284;S
20240301;102832;34.845;940;9731034998;B
20240301;102832;34.845;200;9731034999;B
20240301;102832;34.85;330;9731035000;B
20240301;102832;34.85;290;9731035001;B
20240301;102832;34.85;1000;9731035002;B
20240301;102832;34.865;2880;9731035003;B
20240301;102832;34.865;2880;9731035004;B
20240301;102832;34.865;1480;9731035005;B
20240301;102843;34.845;600;9731036145;S
20240301;102843;34.845;20;9731036146;S
20240301;102843;34.845;470;9731036147;S
20240301;102843;34.845;280;9731036148;S
20240301;102843;34.835;250;9731036149;S
20240301;102846;34.84;10;9731036472;S
20240301;102901;34.845;30;9731038589;S
20240301;102915;34.87;30;9731040625;B
20240301;102932;34.87;10;9731044162;B
20240301;102944;34.87;10;9731045973;B
20240301;102944;34.87;60;9731045974;B
20240301;102944;34.875;280;9731045975;B
20240301;102944;34.875;200;9731045976;B
20240301;102944;34.875;1000;9731045977;B
20240301;102944;34.875;250;9731045978;B
20240301;102944;34.88;1130;9731045979;B
20240301;102944;34.88;450;9731045980;B
20240301;102944;34.88;400;9731045981;B
20240301;102944;34.89;10;9731045982;B
20240301;102944;34.89;10;9731045983;B
20240301;102944;34.89;4500;9731045984;B
20240301;102944;34.895;140;9731045985;B
20240301;102944;34.895;520;9731045986;B
20240301;102944;34.895;1040;9731045987;B
20240301;102949;34.9;1000;9731046551;B
20240301;102949;34.87;30;9731046588;S
20240301;102950;34.895;10;9731046640;B
20240301;102958;34.875;570;9731047864;S
20240301;103001;34.875;10;9731048438;S
20240301;103009;34.875;100;9731049700;S
20240301;103020;34.89;40;9731052387;B
20240301;103020;34.875;1550;9731052395;S
20240301;103023;34.89;10;9731052901;B
20240301;103033;34.89;150;9731054789;B
20240301;103033;34.895;20;9731054790;B
20240301;103033;34.895;100;9731054791;B
20240301;103033;34.895;280;9731054792;B
20240301;103033;34.895;1000;9731054793;B
20240301;103033;34.9;190;9731054794;B
20240301;103033;34.9;10;9731054795;B
20240301;103033;34.9;90;9731054796;B
20240301;103033;34.9;250;9731054797;B
20240301;103033;34.9;100;9731054798;B
20240301;103033;34.9;10;9731054799;B
20240301;103033;34.9;400;9731054800;B
20240301;103033;34.905;100;9731054801;B
20240301;103033;34.905;2300;9731054802;B
20240301;103035;34.89;10;9731055140;S
20240301;103036;34.905;10;9731055461;B
20240301;103046;34.88;500;9731057224;S
20240301;103046;34.875;300;9731057225;S
20240301;103049;34.9;470;9731057620;B
20240301;103049;34.9;410;9731057621;B
20240301;103049;34.905;10;9731057622;B
20240301;103049;34.905;650;9731057623;B
20240301;103051;34.905;20;9731057793;B
20240301;103052;34.88;10;9731057991;S
20240301;103056;34.88;460;9731058617;S
20240301;103056;34.875;340;9731058618;S
20240301;103111;34.88;10;9731061884;S
20240301;103113;34.875;20;9731062176;S
20240301;103120;34.875;10;9731064301;S
20240301;103141;34.88;10;9731068884;S
20240301;103141;34.88;10;9731068885;S
20240301;103141;34.875;480;9731068886;S
20240301;103143;34.9;10;9731069194;B
20240301;103146;34.88;10;9731069651;S
20240301;103146;34.88;70;9731069652;S
20240301;103146;34.875;5700;9731069653;S
20240301;103152;34.895;10;9731070566;B
20240301;103152;34.895;10;9731070567;B
20240301;103158;34.9;80;9731071433;B
20240301;103206;34.905;10;9731072553;B
20240301;103206;34.905;80;9731072597;B
20240301;103206;34.905;320;9731072598;B
20240301;103207;34.905;130;9731072667;B
20240301;103207;34.905;20;9731072668;B
20240301;103209;34.905;100;9731072899;B
20240301;103209;34.9;3000;9731073016;S
20240301;103214;34.895;330;9731073854;B
20240301;103214;34.9;2190;9731073855;B
20240301;103218;34.9;9270;9731074308;B
20240301;103218;34.9;470;9731074309;B
20240301;103218;34.9;330;9731074310;B
20240301;103228;34.905;100;9731075847;B
20240301;103232;34.905;40;9731076345;B
20240301;103237;34.905;10;9731077021;B
20240301;103239;34.905;100;9731077228;B
20240301;103306;34.9;10;9731080269;S
20240301;103308;34.905;30;9731080463;B
20240301;103315;34.905;100;9731081523;B
20240301;103320;34.905;750;9731082110;B
20240301;103320;34.905;250;9731082111;B
20240301;103320;34.9;9920;9731082112;S
20240301;103320;34.9;3590;9731082113;S
20240301;103320;34.9;560;9731082115;S
20240301;103326;34.905;50;9731082817;B
20240301;103326;34.905;50;9731082818;B
20240301;103326;34.9;150;9731082819;S
20240301;103335;34.9;250;9731083820;S
20240301;103338;34.905;40;9731084168;B
20240301;103339;34.905;100;9731084346;B
20240301;103340;34.905;10;9731084475;B
20240301;103340;34.905;90;9731084476;B
20240301;103344;34.905;10;9731085069;B
20240301;103350;34.905;80;9731085631;B
20240301;103352;34.905;300;9731085811;B
20240301;103404;34.9;140;9731087169;S
20240301;103407;34.9;50;9731087498;S
20240301;103414;34.905;10;9731088343;B
20240301;103421;34.9;140;9731089081;S
20240301;103427;34.905;50;9731089851;B
20240301;103431;34.905;10;9731090290;B
20240301;103431;34.9;30;9731090291;S
20240301;103433;34.905;500;9731090572;B
20240301;103435;34.905;40;9731090840;B
20240301;103435;34.9;20;9731090841;S
20240301;103435;34.9;20;9731090842;S
20240301;103436;34.9;10;9731090930;S
20240301;103436;34.9;10;9731090931;S
20240301;103436;34.905;30;9731090950;B
20240301;103438;34.905;7730;9731091072;B
20240301;103438;34.905;380;9731091073;B
20240301;103438;34.91;140;9731091074;B
20240301;103438;34.915;100;9731091075;B
20240301;103438;34.915;1000;9731091076;B
20240301;103438;34.92;650;9731091077;B
20240301;103439;34.905;2880;9731091262;S
20240301;103439;34.9;490;9731091263;S
20240301;103442;34.915;10;9731091558;B
20240301;103450;34.905;20;9731092667;B
20240301;103455;34.905;10;9731093245;B
20240301;103456;34.9;480;9731093320;S
20240301;103504;34.9;10;9731094899;S
20240301;103505;34.905;10;9731094935;B
20240301;103512;34.905;80;9731096528;B
20240301;103512;34.91;410;9731096529;B
20240301;103512;34.915;10;9731096530;B
20240301;103525;34.91;50;9731097928;S
20240301;103525;34.905;30;9731097929;S
20240301;103525;34.9;120;9731097930;S
20240301;103536;34.915;30;9731099357;B
20240301;103541;34.915;10;9731100041;B
20240301;103603;34.91;20;9731102547;B
20240301;103613;34.91;20;9731103827;B
20240301;103617;34.91;10;9731104478;B
20240301;103617;34.905;10;9731104551;S
20240301;103617;34.905;10;9731104552;S
20240301;103617;34.905;10;9731104553;S
20240301;103617;34.905;10;9731104554;S
20240301;103617;34.905;10;9731104555;S
20240301;103621;34.905;10;9731104999;S
20240301;103621;34.905;10;9731105000;S
20240301;103621;34.905;10;9731105001;S
20240301;103621;34.905;10;9731105002;S
20240301;103621;34.905;10;9731105003;S
20240301;103621;34.905;460;9731105004;S
20240301;103622;34.91;90;9731105186;B
20240301;103622;34.91;10;9731105187;B
20240301;103622;34.91;10;9731105188;B
20240301;103622;34.91;10;9731105189;B
20240301;103622;34.91;10;9731105190;B
20240301;103622;34.91;170;9731105191;B
20240301;103623;34.905;10;9731105292;S
20240301;103628;34.91;20;9731106152;B
20240301;103630;34.91;50;9731106368;B
20240301;103647;34.905;10;9731108168;S
20240301;103647;34.905;10;9731108169;S
20240301;103647;34.905;10;9731108170;S
20240301;103647;34.905;10;9731108171;S
20240301;103651;34.91;60;9731108529;B
20240301;103651;34.91;10;9731108530;B
20240301;103651;34.91;10;9731108531;B
20240301;103651;34.91;10;9731108532;B
20240301;103651;34.91;10;9731108533;B
20240301;103651;34.91;10;9731108534;B
20240301;103651;34.91;10;9731108535;B
20240301;103651;34.91;10;9731108536;B
20240301;103651;34.91;10;9731108537;B
20240301;103651;34.91;10;9731108538;B
20240301;103651;34.91;10;9731108539;B
20240301;103651;34.91;10;9731108540;B
20240301;103651;34.91;10;9731108541;B
20240301;103651;34.91;10;9731108542;B
20240301;103651;34.91;10;9731108543;B
20240301;103651;34.91;10;9731108544;B
20240301;103651;34.91;10;9731108545;B
20240301;103651;34.91;10;9731108546;B
20240301;103651;34.91;10;9731108547;B
20240301;103651;34.91;10;9731108548;B
20240301;103651;34.91;50;9731108549;B
20240301;103651;34.91;600;9731108550;B
20240301;103654;34.905;10;9731108848;S
20240301;103654;34.905;10;9731108849;S
20240301;103654;34.905;10;9731108850;S
20240301;103654;34.905;10;9731108851;S
20240301;103654;34.905;410;9731108852;S
20240301;103705;34.905;10;9731110552;S
20240301;103707;34.91;10;9731110755;B
20240301;103714;34.91;60;9731112164;B
20240301;103715;34.91;10;9731112260;B
20240301;103715;34.91;10;9731112261;B
20240301;103715;34.91;10;9731112262;B
20240301;103716;34.905;10;9731112297;S
20240301;103716;34.905;10;9731112298;S
20240301;103716;34.905;10;9731112299;S
20240301;103716;34.905;10;9731112300;S
20240301;103716;34.905;60;9731112301;S
20240301;103726;34.91;10;9731113575;B
20240301;103727;34.905;500;9731113647;S
20240301;103728;34.91;10;9731114048;B
20240301;103729;34.91;200;9731114133;B
20240301;103729;34.905;40;9731114251;S
20240301;103730;34.91;90;9731114355;B
20240301;103733;34.91;1190;9731114750;B
20240301;103733;34.91;10;9731114751;B
20240301;103733;34.91;10;9731114752;B
20240301;103733;34.91;10;9731114753;B
20240301;103733;34.91;10;9731114754;B
20240301;103733;34.91;10;9731114755;B
20240301;103733;34.91;8760;9731114756;B
20240301;103737;34.91;10;9731115390;B
20240301;103737;34.91;10;9731115391;B
20240301;103737;34.91;90;9731115392;B
20240301;103737;34.91;90;9731115393;B
20240301;103739;34.91;10;9731115534;B
20240301;103739;34.91;10;9731115535;B
20240301;103739;34.91;80;9731115536;B
20240301;103739;34.915;30;9731115587;B
20240301;103749;34.905;200;9731116716;S
20240301;103752;34.905;20;9731117194;S
20240301;103800;34.915;120;9731118075;B
20240301;103801;34.91;50;9731118158;S
20240301;103803;34.905;10;9731118449;S
20240301;103810;34.915;50;9731119397;B
20240301;103811;34.915;450;9731119527;B
20240301;103811;34.92;20;9731119528;B
20240301;103811;34.92;20;9731119529;B
20240301;103811;34.925;100;9731119530;B
20240301;103811;34.925;2010;9731119531;B
20240301;103811;34.93;400;9731119532;B
20240301;103811;34.93;150;9731119533;B
20240301;103811;34.93;2880;9731119534;B
20240301;103811;34.93;7800;9731119535;B
20240301;103812;34.93;5700;9731119632;B
20240301;103813;34.93;10;9731119805;S
20240301;103813;34.935;20;9731119877;B
20240301;103816;34.93;1000;9731120290;S
20240301;103818;34.935;80;9731120485;B
20240301;103818;34.935;2570;9731120486;B
20240301;103818;34.935;970;9731120487;B
20240301;103819;34.94;500;9731120663;B
20240301;103819;34.94;20;9731120664;B
20240301;103819;34.94;730;9731120665;B
20240301;103820;34.94;480;9731120737;B
20240301;103820;34.94;900;9731120748;B
20240301;103821;34.94;20;9731120817;B
20240301;103821;34.935;40;9731120837;S
20240301;103822;34.945;20;9731121020;B
20240301;103824;34.94;10;9731121386;B
20240301;103825;34.94;140;9731121500;B
20240301;103831;34.945;230;9731121957;B
20240301;103834;34.945;110;9731122288;B
20240301;103852;34.935;30;9731124240;S
20240301;103854;34.945;1650;9731124396;B
20240301;103854;34.945;400;9731124397;B
20240301;103854;34.945;410;9731124398;B
20240301;103854;34.945;2880;9731124399;B
20240301;103854;34.95;10;9731124400;B
20240301;103854;34.95;40;9731124401;B
20240301;103854;34.95;3000;9731124402;B
20240301;103854;34.95;60;9731124403;B
20240301;103854;34.95;600;9731124404;B
20240301;103854;34.95;950;9731124405;B
20240301;103854;34.95;1550;9731124491;B
20240301;103854;34.95;450;9731124492;B
20240301;103901;34.95;110;9731125264;B
20240301;103901;34.95;40;9731125265;B
20240301;103901;34.95;60;9731125266;B
20240301;103901;34.955;100;9731125267;B
20240301;103901;34.955;300;9731125268;B
20240301;103901;34.955;9390;9731125269;B
20240301;103904;34.945;410;9731125640;S
20240301;103904;34.94;1500;9731125641;S
20240301;103904;34.935;200;9731125642;S
20240301;103904;34.935;730;9731125643;S
20240301;103904;34.955;2880;9731125650;B
20240301;103904;34.955;900;9731125651;S
20240301;103904;34.955;100;9731125664;S
20240301;103904;34.955;400;9731125666;S
20240301;103905;34.96;10;9731125714;B
20240301;103907;34.955;10;9731125953;S
20240301;103907;34.955;70;9731125985;S
20240301;103910;34.955;320;9731126222;S
20240301;103910;34.955;200;9731126234;S
20240301;103911;34.955;2080;9731126291;S
20240301;103911;34.96;10;9731126323;B
20240301;103916;34.96;20;9731126779;B
20240301;103916;34.96;10;9731126780;B
20240301;103916;34.96;300;9731126785;B
20240301;103916;34.96;1510;9731126796;B
20240301;103916;34.965;2490;9731126797;B
20240301;103922;34.955;50;9731127364;S
20240301;103922;34.96;10;9731127397;B
20240301;103922;34.965;2880;9731127398;B
20240301;103922;34.97;10;9731127399;B
20240301;103922;34.97;2000;9731127400;B
20240301;103922;34.97;1450;9731127401;B
20240301;103922;34.97;410;9731127402;B
20240301;103922;34.97;1960;9731127403;B
20240301;103922;34.975;1280;9731127404;B
20240301;103928;34.965;20;9731127923;S
20240301;103928;34.96;300;9731127924;S
20240301;103928;34.96;70;9731127925;S
20240301;103928;34.96;10;9731127926;S
20240301;103929;34.97;160;9731128110;B
20240301;103930;34.97;160;9731128254;B
20240301;103935;34.97;790;9731128835;B
20240301;103936;34.97;10;9731128957;B
20240301;103937;34.96;10;9731128993;S
20240301;103937;34.96;420;9731128994;S
20240301;103937;34.96;10;9731128995;B
20240301;103937;34.96;560;9731128996;B
20240301;103944;34.96;250;9731129789;B
20240301;103944;34.965;250;9731129790;B
20240301;103944;34.97;880;9731129791;B
20240301;103944;34.97;170;9731129792;B
20240301;103944;34.975;3720;9731129793;B
20240301;103944;34.975;50;9731129794;B
20240301;103944;34.975;1890;9731129795;B
20240301;103955;34.975;10;9731130955;B
20240301;103957;34.97;40;9731131096;S
20240301;103959;34.975;80;9731131302;B
20240301;104007;34.97;1000;9731132524;S
20240301;104007;34.975;10;9731132604;B
20240301;104010;34.975;30;9731133054;B
20240301;104011;34.975;170;9731133107;B
20240301;104011;34.975;410;9731133108;B
20240301;104011;34.98;10;9731133109;B
20240301;104011;34.98;100;9731133110;B
20240301;104011;34.98;810;9731133111;B
20240301;104013;34.98;50;9731133269;B
20240301;104015;34.98;10;9731133629;B
20240301;104021;34.98;10;9731134073;B
20240301;104021;34.98;40;9731134121;B
20240301;104021;34.975;30;9731134123;S
20240301;104026;34.975;20;9731134855;S
20240301;104026;34.97;980;9731134856;S
20240301;104028;34.98;30;9731135019;B
20240301;104033;34.98;10;9731135510;B
20240301;104043;34.98;100;9731136495;B
20240301;104052;34.98;10;9731137273;B
20240301;104058;34.97;40;9731138007;S
20240301;104117;34.975;250;9731140271;B
20240301;104118;34.975;250;9731140376;B
20240301;104118;34.975;410;9731140377;B
20240301;104118;34.975;4340;9731140378;B
20240301;104134;34.975;10;9731142406;B
20240301;104135;34.97;10;9731142684;S
20240301;104148;34.97;30;9731144873;S
20240301;104149;34.975;10;9731145060;B
20240301;104156;34.97;10;9731145748;S
20240301;104156;34.97;10;9731145749;S
20240301;104156;34.97;20;9731145765;S
20240301;104157;34.97;30;9731145825;S
20240301;104159;34.975;10;9731146006;B
20240301;104201;34.97;700;9731146245;S
20240301;104202;34.97;250;9731146343;S
20240301;104202;34.975;30;9731146346;B
20240301;104206;34.97;10;9731146771;S
20240301;104209;34.97;10;9731147055;S
20240301;104218;34.975;10;9731148235;B
20240301;104218;34.975;50;9731148262;B
20240301;104221;34.975;500;9731148574;B
20240301;104221;34.97;150;9731148575;S
20240301;104221;34.97;30;9731148576;S
20240301;104222;34.97;50;9731148708;S
20240301;104226;34.97;920;9731149056;S
20240301;104226;34.97;30;9731149057;S
20240301;104226;34.97;10;9731149058;S
20240301;104227;34.955;1050;9731149133;S
20240301;104227;34.955;30;9731149134;S
20240301;104231;34.955;10;9731149456;S
20240301;104232;34.955;60;9731149559;S
20240301;104239;34.955;2500;9731150148;S
20240301;104239;34.96;10;9731150201;B
20240301;104240;34.96;10;9731150309;B
20240301;104240;34.96;10;9731150310;B
20240301;104240;34.96;10;9731150311;B
20240301;104240;34.96;10;9731150312;B
20240301;104240;34.96;10;9731150313;B
20240301;104240;34.96;10;9731150314;B
20240301;104240;34.96;10;9731150315;B
20240301;104240;34.96;10;9731150316;B
20240301;104240;34.96;10;9731150317;B
20240301;104240;34.96;410;9731150318;B
20240301;104240;34.96;1600;9731150319;B
20240301;104243;34.96;10;9731150541;B
20240301;104243;34.96;20;9731150542;B
20240301;104245;34.955;5500;9731150791;S
20240301;104248;34.955;60;9731151083;S
20240301;104252;34.955;100;9731151356;S
20240301;104252;34.955;40;9731151357;S
20240301;104253;34.955;40;9731151424;S
20240301;104253;34.955;10;9731151425;S
20240301;104253;34.96;10;9731151430;B
20240301;104253;34.96;10;9731151431;B
20240301;104253;34.96;30;9731151432;B
20240301;104300;34.955;90;9731151993;S
20240301;104301;34.955;70;9731152086;S
20240301;104302;34.955;3430;9731152174;S
20240301;104302;34.95;30;9731152175;S
20240301;104302;34.95;10000;9731152176;S
20240301;104302;34.945;20;9731152177;S
20240301;104305;34.94;10;9731152479;B
20240301;104305;34.935;10;9731152480;S
20240301;104307;34.945;10;9731152783;B
20240301;104308;34.94;10;9731152958;B
20240301;104311;34.945;30;9731153294;B
20240301;104314;34.94;40;9731153663;B
20240301;104318;34.945;10;9731154000;B
20240301;104321;34.935;80;9731154308;S
20240301;104340;34.935;20;9731155935;S
20240301;104340;34.935;50;9731155937;S
20240301;104343;34.935;30;9731156169;S
20240301;104345;34.94;400;9731156264;B
20240301;104345;34.945;2360;9731156265;B
20240301;104346;34.935;80;9731156368;S
20240301;104346;34.93;220;9731156369;B
20240301;104346;34.945;780;9731156370;B
20240301;104401;34.92;470;9731157560;S
20240301;104401;34.92;400;9731157561;S
20240301;104407;34.91;500;9731158011;S
20240301;104407;34.935;50;9731158039;B
20240301;104408;34.91;500;9731158143;S
20240301;104416;34.92;50;9731158727;S
20240301;104418;34.92;50;9731158832;S
20240301;104430;34.935;10;9731160235;B
20240301;104431;34.915;10;9731160266;S
20240301;104431;34.91;2990;9731160267;S
20240301;104431;34.935;50;9731160268;B
20240301;104431;34.935;10;9731160269;B
20240301;104438;34.935;50;9731160933;B
20240301;104440;34.915;150;9731161059;S
20240301;104440;34.915;300;9731161060;S
20240301;104440;34.91;2550;9731161061;S
20240301;104441;34.92;400;9731161112;B
20240301;104502;34.91;10;9731162886;S
20240301;104511;34.925;10;9731164346;B
20240301;104511;34.93;470;9731164347;B
20240301;104511;34.93;1000;9731164348;B
20240301;104511;34.93;390;9731164349;B
20240301;104511;34.935;2880;9731164350;B
20240301;104511;34.94;30;9731164351;B
20240301;104516;34.915;1000;9731165015;S
20240301;104525;34.93;140;9731165984;B
20240301;104540;34.92;10;9731167909;B
20240301;104540;34.92;10;9731167910;B
20240301;104540;34.92;10;9731167911;B
20240301;104540;34.92;10;9731167912;B
20240301;104544;34.92;10;9731168746;B
20240301;104544;34.92;10;9731168747;B
20240301;104544;34.92;10;9731168748;B
20240301;104602;34.915;2000;9731170762;B
20240301;104603;34.91;10;9731170857;S
20240301;104603;34.91;10;9731170858;S
20240301;104603;34.91;10;9731170859;S
20240301;104603;34.91;10;9731170860;S
20240301;104603;34.91;10;9731170861;S
20240301;104603;34.91;10;9731170862;S
20240301;104603;34.91;10;9731170863;S
20240301;104603;34.91;10;9731170864;S
20240301;104603;34.91;10;9731170865;S
20240301;104603;34.91;10;9731170866;S
20240301;104603;34.91;10;9731170867;S
20240301;104603;34.91;10;9731170868;S
20240301;104603;34.91;10;9731170869;S
20240301;104603;34.91;10;9731170870;S
20240301;104603;34.91;10;9731170871;S
20240301;104603;34.91;10;9731170872;S
20240301;104603;34.91;100;9731170873;S
20240301;104603;34.91;140;9731170874;S
20240301;104604;34.915;100;9731170954;B
20240301;104606;34.915;2000;9731171100;B
20240301;104606;34.91;10;9731171117;S
20240301;104608;34.915;10;9731171304;B
20240301;104619;34.91;20;9731172467;S
20240301;104620;34.91;10;9731172524;S
20240301;104626;34.91;3530;9731173343;S
20240301;104627;34.915;10;9731173468;B
20240301;104628;34.915;280;9731173529;B
20240301;104629;34.915;1120;9731173613;B
20240301;104629;34.915;390;9731173614;B
20240301;104629;34.915;10;9731173615;B
20240301;104629;34.92;10;9731173616;B
20240301;104629;34.92;10;9731173617;B
20240301;104629;34.92;10;9731173618;B
20240301;104629;34.92;10650;9731173619;B
20240301;104632;34.915;4260;9731173900;B
20240301;104632;34.915;390;9731173901;B
20240301;104632;34.92;15830;9731173902;B
20240301;104634;34.915;1800;9731174079;S
20240301;104634;34.91;190;9731174080;S
20240301;104640;34.92;10;9731174713;B
20240301;104653;34.92;1000;9731176968;B
20240301;104653;34.92;2510;9731176969;B
20240301;104657;34.92;20;9731178016;B
20240301;104705;34.915;40;9731180247;S
20240301;104705;34.915;100;9731180248;S
20240301;104705;34.91;310;9731180249;S
20240301;104709;34.92;200;9731181088;B
20240301;104711;34.92;50;9731181486;B
20240301;104724;34.915;20;9731184470;B
20240301;104733;34.915;40;9731186093;B
20240301;104743;34.91;10;9731187700;S
20240301;104749;34.915;10;9731188274;B
20240301;104755;34.915;50;9731188846;B
20240301;104800;34.915;40;9731189414;B
20240301;104810;34.91;500;9731190766;S
20240301;104819;34.91;50;9731191965;S
20240301;104822;34.91;1230;9731192361;S
20240301;104822;34.91;10;9731192362;S
20240301;104822;34.91;10;9731192363;S
20240301;104822;34.91;10;9731192364;S
20240301;104822;34.91;10;9731192365;S
20240301;104822;34.91;10;9731192366;S
20240301;104822;34.91;10;9731192367;S
20240301;104822;34.91;10;9731192368;S
20240301;104822;34.91;10;9731192369;S
20240301;104822;34.91;10;9731192370;S
20240301;104822;34.91;10;9731192371;S
20240301;104822;34.91;10;9731192372;S
20240301;104822;34.91;10;9731192373;S
20240301;104822;34.91;10;9731192374;S
20240301;104822;34.91;10;9731192375;S
20240301;104822;34.91;10;9731192376;S
20240301;104822;34.91;10;9731192377;S
20240301;104822;34.91;10;9731192378;S
20240301;104822;34.91;10;9731192379;S
20240301;104822;34.91;10;9731192380;S
20240301;104822;34.91;10;9731192381;S
20240301;104822;34.91;10;9731192382;S
20240301;104822;34.91;10;9731192383;S
20240301;104822;34.91;10;9731192396;B
20240301;104822;34.91;10;9731192397;B
20240301;104822;34.91;10;9731192398;B
20240301;104822;34.91;10;9731192399;B
20240301;104822;34.91;10;9731192400;B
20240301;104830;34.915;10;9731193409;B
20240301;104830;34.915;40;9731193410;B
20240301;104831;34.91;10;9731193561;S
20240301;104832;34.91;10;9731193812;S
20240301;104832;34.91;10;9731193813;S
20240301;104836;34.91;10;9731194424;S
20240301;104836;34.91;10;9731194425;S
20240301;104836;34.905;80;9731194426;S
20240301;104837;34.91;10;9731194441;B
20240301;104837;34.905;40;9731194453;S
20240301;104837;34.91;10;9731194454;B
20240301;104837;34.905;20;9731194455;S
20240301;104837;34.91;10;9731194473;B
20240301;104837;34.91;10;9731194475;B
20240301;104837;34.91;10;9731194481;B
20240301;104837;34.91;10;9731194482;B
20240301;104837;34.91;10;9731194488;B
20240301;104837;34.91;10;9731194491;B
20240301;104839;34.905;1030;9731194805;S
20240301;104839;34.905;10;9731194806;S
20240301;104839;34.9;100;9731194807;S
20240301;104839;34.9;200;9731194808;S
20240301;104839;34.9;100;9731194809;S
20240301;104839;34.9;300;9731194810;S
20240301;104839;34.9;200;9731194811;S
20240301;104839;34.9;100;9731194812;S
20240301;104839;34.9;20;9731194813;S
20240301;104839;34.9;5000;9731194814;S
20240301;104839;34.9;5800;9731194815;S
20240301;104839;34.9;10;9731194816;S
20240301;104839;34.9;200;9731194817;S
20240301;104839;34.9;1530;9731194818;S
20240301;104839;34.9;1000;9731194819;S
20240301;104839;34.9;460;9731194820;S
20240301;104839;34.9;540;9731194821;S
20240301;104839;34.9;20;9731194822;S
20240301;104839;34.9;20;9731194823;S
20240301;104839;34.9;1440;9731194824;S
20240301;104839;34.9;30;9731194825;S
20240301;104839;34.9;20;9731194826;S
20240301;104839;34.89;250;9731194827;S
20240301;104839;34.89;10;9731194828;S
20240301;104840;34.88;30;9731194855;S
20240301;104840;34.875;10;9731194856;S
20240301;104840;34.875;490;9731194901;S
20240301;104840;34.875;10;9731194902;S
20240301;104840;34.875;400;9731194903;S
20240301;104840;34.875;40;9731194906;S
20240301;104841;34.88;1060;9731195039;B
20240301;104841;34.88;380;9731195040;B
20240301;104841;34.9;760;9731195041;B
20240301;104843;34.88;30;9731195249;B
20240301;104847;34.88;70;9731195858;B
20240301;104901;34.885;10;9731197979;B
20240301;104904;34.89;170;9731198423;B
20240301;104904;34.895;1000;9731198424;B
20240301;104904;34.9;20;9731198425;B
20240301;104904;34.9;2880;9731198426;B
20240301;104904;34.9;2880;9731198427;B
20240301;104904;34.9;6040;9731198428;B
20240301;104904;34.9;380;9731198429;B
20240301;104904;34.9;20;9731198430;S
20240301;104904;34.9;630;9731198431;S
20240301;104904;34.9;630;9731198432;S
20240301;104904;34.9;630;9731198433;S
20240301;104904;34.9;610;9731198435;S
20240301;104904;34.9;610;9731198436;S
20240301;104904;34.9;610;9731198437;S
20240301;104904;34.9;980;9731198438;S
20240301;104904;34.9;980;9731198439;S
20240301;104904;34.9;930;9731198440;S
20240301;104913;34.875;60;9731199790;S
20240301;104913;34.875;8620;9731199791;S
20240301;104913;34.875;2880;9731199792;S
20240301;104921;34.875;1000;9731200720;B
20240301;104923;34.875;20;9731200900;B
20240301;104931;34.875;10;9731201884;B
20240301;104937;34.87;200;9731202616;S
20240301;104937;34.87;10;9731202617;S
20240301;104937;34.87;4790;9731202618;S
20240301;104938;34.875;10;9731202831;B
20240301;104944;34.87;210;9731203391;S
20240301;104944;34.87;10;9731203392;S
20240301;104944;34.87;30;9731203393;S
20240301;104944;34.87;220;9731203394;S
20240301;104953;34.875;140;9731204464;B
20240301;104957;34.875;10;9731205085;B
20240301;104958;34.87;2000;9731205142;S
20240301;104958;34.875;10;9731205189;B
20240301;105007;34.87;6480;9731206150;S
20240301;105007;34.865;1000;9731206151;S
20240301;105007;34.86;10;9731206152;S
20240301;105007;34.86;390;9731206153;S
20240301;105007;34.855;120;9731206154;S
20240301;105008;34.855;2740;9731206181;S
20240301;105008;34.86;10;9731206247;B
20240301;105008;34.85;500;9731206270;S
20240301;105008;34.85;100;9731206271;S
20240301;105008;34.85;200;9731206272;S
20240301;105008;34.85;300;9731206273;S
20240301;105008;34.85;100;9731206274;S
20240301;105008;34.845;80;9731206275;S
20240301;105008;34.845;200;9731206276;S
20240301;105008;34.845;10;9731206277;S
20240301;105008;34.84;390;9731206278;S
20240301;105008;34.835;520;9731206279;S
20240301;105008;34.83;10;9731206280;S
20240301;105008;34.83;6000;9731206281;S
20240301;105008;34.825;380;9731206282;S
20240301;105008;34.825;10;9731206283;S
20240301;105008;34.825;10;9731206284;S
20240301;105008;34.825;1190;9731206285;S
20240301;105017;34.85;100;9731207262;B
20240301;105018;34.83;30;9731207392;S
20240301;105019;34.85;10;9731207449;B
20240301;105021;34.85;430;9731207542;B
20240301;105021;34.85;70;9731207543;B
20240301;105033;34.85;20;9731209277;B
20240301;105033;34.85;10;9731209278;B
20240301;105034;34.83;810;9731209338;S
20240301;105034;34.83;550;9731209339;S
20240301;105035;34.83;10;9731209558;B
20240301;105040;34.83;150;9731210076;B
20240301;105041;34.83;100;9731210113;B
20240301;105043;34.83;10;9731210353;B
20240301;105051;34.825;300;9731211148;S
20240301;105053;34.83;30;9731211301;B
20240301;105055;34.83;1200;9731211544;B
20240301;105055;34.83;10;9731211545;B
20240301;105106;34.835;750;9731212701;S
20240301;105106;34.835;380;9731212702;S
20240301;105110;34.835;1610;9731213239;B
20240301;105112;34.845;1870;9731213470;B
20240301;105112;34.85;550;9731213473;B
20240301;105112;34.85;200;9731213474;B
20240301;105113;34.85;10;9731213657;S
20240301;105121;34.865;10;9731214459;B
20240301;105127;34.85;10;9731215043;B
20240301;105127;34.84;20;9731215091;S
20240301;105135;34.84;600;9731215728;S
20240301;105136;34.845;200;9731215817;S
20240301;105136;34.845;170;9731215818;S
20240301;105136;34.845;20;9731215832;B
20240301;105137;34.84;10;9731215900;S
20240301;105143;34.845;370;9731216373;S
20240301;105143;34.84;990;9731216374;S
20240301;105143;34.84;100;9731216375;S
20240301;105143;34.84;540;9731216376;S
20240301;105155;34.84;360;9731217680;S
20240301;105156;34.835;10;9731217810;S
20240301;105158;34.84;10;9731217964;B
20240301;105201;34.835;2660;9731218269;S
20240301;105201;34.835;360;9731218270;S
20240301;105201;34.83;1000;9731218271;S
20240301;105201;34.825;510;9731218272;S
20240301;105201;34.825;10;9731218273;S
20240301;105201;34.825;2880;9731218274;S
20240301;105201;34.825;10;9731218275;S
20240301;105201;34.825;10;9731218276;S
20240301;105201;34.825;470;9731218277;S
20240301;105201;34.825;90;9731218278;S
20240301;105204;34.84;1160;9731218619;B
20240301;105205;34.825;10;9731218695;S
20240301;105205;34.825;10;9731218696;S
20240301;105205;34.825;10;9731218697;S
20240301;105205;34.825;2880;9731218698;S
20240301;105205;34.825;360;9731218699;S
20240301;105205;34.825;2880;9731218700;S
20240301;105205;34.82;8050;9731218701;S
20240301;105205;34.82;10;9731218702;S
20240301;105205;34.82;10;9731218703;S
20240301;105205;34.82;10;9731218704;S
20240301;105205;34.82;1000;9731218705;S
20240301;105205;34.82;770;9731218706;B
20240301;105205;34.82;160;9731218707;B
20240301;105205;34.82;770;9731218708;B
20240301;105205;34.82;20;9731218709;B
20240301;105205;34.82;10;9731218776;B
20240301;105205;34.82;10;9731218777;B
20240301;105205;34.82;10;9731218781;B
20240301;105205;34.82;10;9731218782;B
20240301;105205;34.82;30;9731218791;B
20240301;105205;34.82;2980;9731218792;B
20240301;105210;34.84;30;9731219164;B
20240301;105238;34.825;400;9731221569;B
20240301;105238;34.835;360;9731221570;B
20240301;105238;34.84;1320;9731221571;B
20240301;105238;34.84;470;9731221572;B
20240301;105238;34.84;40;9731221573;S
20240301;105252;34.84;40;9731222864;S
20240301;105252;34.84;90;9731222887;S
20240301;105258;34.845;10;9731223457;B
20240301;105258;34.84;230;9731223458;S
20240301;105311;34.835;10;9731224796;B
20240301;105321;34.84;50;9731225887;B
20240301;105327;34.835;30;9731226431;S
20240301;105327;34.825;1000;9731226432;S
20240301;105327;34.825;350;9731226433;S
20240301;105327;34.825;1000;9731226434;S
20240301;105327;34.82;470;9731226435;S
20240301;105327;34.82;2880;9731226436;S
20240301;105327;34.815;30;9731226437;S
20240301;105327;34.815;200;9731226438;S
20240301;105327;34.815;10;9731226439;S
20240301;105327;34.815;10000;9731226440;S
20240301;105327;34.815;2000;9731226441;S
20240301;105327;34.81;10;9731226442;S
20240301;105327;34.81;20;9731226443;S
20240301;105327;34.81;11480;9731226444;S
20240301;105327;34.805;30;9731226445;S
20240301;105327;34.805;100;9731226446;S
20240301;105327;34.8;30;9731226447;S
20240301;105327;34.8;10;9731226448;S
20240301;105327;34.8;10;9731226449;S
20240301;105327;34.8;50;9731226450;S
20240301;105327;34.8;10;9731226451;S
20240301;105327;34.8;10;9731226452;S
20240301;105327;34.8;1440;9731226453;S
20240301;105327;34.8;50;9731226454;S
20240301;105327;34.8;10;9731226455;S
20240301;105327;34.8;50;9731226456;S
20240301;105327;34.8;40;9731226457;S
20240301;105327;34.8;2000;9731226458;S
20240301;105327;34.8;100;9731226459;S
20240301;105327;34.8;10;9731226460;S
20240301;105327;34.8;1000;9731226461;S
20240301;105327;34.8;10;9731226462;S
20240301;105327;34.8;1000;9731226463;S
20240301;105327;34.795;10;9731226464;S
20240301;105327;34.795;50;9731226465;S
20240301;105327;34.795;50;9731226466;S
20240301;105327;34.795;500;9731226467;S
20240301;105327;34.79;10;9731226468;S
20240301;105327;34.79;2000;9731226469;S
20240301;105327;34.785;20;9731226470;S
20240301;105327;34.785;80;9731226471;S
20240301;105327;34.785;50;9731226472;S
20240301;105327;34.785;4310;9731226473;S
20240301;105327;34.785;10;9731226474;S
20240301;105327;34.78;210;9731226475;S
20240301;105327;34.78;30;9731226476;S
20240301;105327;34.78;50;9731226477;S
20240301;105327;34.78;10;9731226478;S
20240301;105327;34.78;10;9731226479;S
20240301;105327;34.78;140;9731226480;S
20240301;105327;34.78;10;9731226481;S
20240301;105327;34.78;2880;9731226482;S
20240301;105327;34.78;1080;9731226483;S
20240301;105327;34.775;2300;9731226484;S
20240301;105328;34.795;2880;9731226540;S
20240301;105328;34.795;1000;9731226541;S
20240301;105328;34.79;2880;9731226542;S
20240301;105328;34.79;1020;9731226543;S
20240301;105328;34.79;350;9731226544;S
20240301;105328;34.785;11480;9731226545;S
20240301;105328;34.78;390;9731226546;S
20240301;105340;34.8;10;9731228151;B
20240301;105341;34.8;20;9731228217;B
20240301;105349;34.8;20;9731229045;S
20240301;105349;34.8;10;9731229046;S
20240301;105352;34.785;20;9731229423;S
20240301;105352;34.785;30;9731229494;S
20240301;105357;34.795;10;9731229965;B
20240301;105400;34.795;350;9731230507;B
20240301;105401;34.795;10;9731230634;B
20240301;105402;34.795;20;9731230912;B
20240301;105402;34.795;590;9731230941;B
20240301;105403;34.795;20;9731231148;B
20240301;105403;34.795;170;9731231150;B
20240301;105404;34.795;20;9731231387;B
20240301;105406;34.795;10;9731231877;B
20240301;105406;34.79;350;9731231962;S
20240301;105406;34.79;1050;9731231963;S
20240301;105406;34.795;30;9731231964;B
20240301;105406;34.795;30;9731231997;B
20240301;105407;34.795;30;9731232110;B
20240301;105407;34.79;400;9731232151;S
20240301;105408;34.795;30;9731232245;B
20240301;105409;34.795;30;9731232585;B
20240301;105413;34.79;10;9731233065;S
20240301;105413;34.79;10;9731233069;S
20240301;105413;34.79;10;9731233070;S
20240301;105413;34.79;10;9731233071;S
20240301;105413;34.79;10;9731233076;S
20240301;105413;34.79;10;9731233077;S
20240301;105413;34.79;10;9731233078;S
20240301;105413;34.79;10;9731233079;S
20240301;105413;34.79;10;9731233080;S
20240301;105413;34.79;10;9731233083;S
20240301;105413;34.79;10;9731233084;S
20240301;105413;34.79;10;9731233085;S
20240301;105413;34.79;10;9731233086;S
20240301;105413;34.79;10;9731233088;S
20240301;105413;34.79;10;9731233089;S
20240301;105414;34.79;10;9731233126;S
20240301;105414;34.79;10;9731233130;S
20240301;105414;34.79;10;9731233131;S
20240301;105414;34.79;10;9731233132;S
20240301;105414;34.79;10;9731233133;S
20240301;105414;34.79;10;9731233140;S
20240301;105414;34.79;10;9731233149;S
20240301;105414;34.79;10;9731233150;S
20240301;105414;34.79;10;9731233157;S
20240301;105414;34.79;10;9731233160;S
20240301;105414;34.79;10;9731233164;S
20240301;105414;34.79;10;9731233174;S
20240301;105414;34.79;10;9731233180;S
20240301;105414;34.79;10;9731233188;S
20240301;105415;34.79;2590;9731233245;S
20240301;105415;34.79;1000;9731233246;S
20240301;105415;34.79;350;9731233247;S
20240301;105415;34.79;10;9731233248;S
20240301;105415;34.79;20;9731233249;S
20240301;105415;34.785;10;9731233250;S
20240301;105415;34.785;10;9731233251;S
20240301;105415;34.785;2880;9731233252;S
20240301;105415;34.785;11490;9731233253;S
20240301;105415;34.785;1540;9731233259;B
20240301;105415;34.785;10;9731233260;B
20240301;105415;34.785;570;9731233279;B
20240301;105419;34.78;20;9731233674;S
20240301;105419;34.78;20;9731233675;S
20240301;105419;34.78;10;9731233676;S
20240301;105419;34.78;120;9731233677;S
20240301;105419;34.79;10;9731233701;B
20240301;105425;34.78;30;9731234198;S
20240301;105425;34.79;10;9731234218;B
20240301;105439;34.78;870;9731236604;S
20240301;105450;34.79;10;9731237625;B
20240301;105451;34.79;10;9731237763;B
20240301;105458;34.785;300;9731238305;S
20240301;105458;34.78;10;9731238336;S
20240301;105505;34.78;100;9731238997;S
20240301;105514;34.795;50;9731239977;B
20240301;105533;34.785;2880;9731241903;S
20240301;105533;34.785;350;9731241904;S
20240301;105533;34.78;100;9731241905;S
20240301;105533;34.78;1000;9731241906;S
20240301;105533;34.78;50;9731241907;S
20240301;105533;34.78;2000;9731241908;S
20240301;105533;34.775;2250;9731241909;S
20240301;105538;34.775;10;9731242800;S
20240301;105542;34.785;100;9731243131;B
20240301;105543;34.775;100;9731243346;S
20240301;105556;34.79;10;9731244645;B
20240301;105633;34.78;10;9731249311;S
20240301;105633;34.78;10;9731249312;S
20240301;105633;34.78;2880;9731249313;S
20240301;105635;34.775;200;9731249515;S
20240301;105648;34.78;10;9731251347;B
20240301;105648;34.775;150;9731251378;S
20240301;105650;34.78;90;9731251791;B
20240301;105650;34.785;360;9731251792;B
20240301;105650;34.79;2710;9731251793;B
20240301;105650;34.79;300;9731251794;B
20240301;105650;34.795;100;9731251795;B
20240301;105650;34.795;8620;9731251796;B
20240301;105650;34.795;1000;9731251797;B
20240301;105650;34.795;100;9731251798;S
20240301;105650;34.795;180;9731251799;S
20240301;105657;34.785;4600;9731252933;S
20240301;105657;34.785;370;9731252934;S
20240301;105657;34.78;4430;9731252935;S
20240301;105707;34.78;50;9731255215;S
20240301;105712;34.79;370;9731256405;B
20240301;105712;34.79;10;9731256406;B
20240301;105712;34.79;10;9731256407;B
20240301;105712;34.79;10;9731256408;B
20240301;105712;34.79;10;9731256409;B
20240301;105712;34.79;90;9731256411;S
20240301;105713;34.79;10;9731256440;B
20240301;105713;34.79;10;9731256441;B
20240301;105713;34.795;980;9731256442;B
20240301;105723;34.78;10;9731257929;S
20240301;105724;34.79;10;9731257991;B
20240301;105724;34.79;10;9731257992;B
20240301;105724;34.795;980;9731257993;B
20240301;105727;34.785;10;9731258543;S
20240301;105728;34.785;10;9731258556;S
20240301;105733;34.79;10;9731259150;B
20240301;105733;34.795;70;9731259151;B
20240301;105746;34.79;10;9731260291;B
20240301;105747;34.79;10;9731260296;S
20240301;105756;34.8;800;9731261120;B
20240301;105829;34.79;480;9731263856;S
20240301;105829;34.78;1020;9731263857;S
20240301;105836;34.78;10;9731264438;S
20240301;105858;34.79;270;9731267443;B
20240301;105908;34.79;10;9731268531;B
20240301;105913;34.78;2880;9731269106;S
20240301;105913;34.78;120;9731269107;S
20240301;105914;34.78;570;9731269129;S
20240301;105915;34.78;200;9731269270;S
20240301;105917;34.79;370;9731269484;B
20240301;105917;34.79;630;9731269485;B
20240301;105946;34.78;10;9731272326;S
20240301;105946;34.78;10;9731272327;S
20240301;110006;34.78;20;9731274763;S
20240301;110006;34.78;50;9731274901;S
20240301;110015;34.78;930;9731276583;S
20240301;110022;34.78;100;9731277632;S
20240301;110022;34.785;200;9731277695;B
20240301;110023;34.78;1000;9731277944;S
20240301;110046;34.795;110;9731281873;B
20240301;110047;34.78;1880;9731282003;S
20240301;110047;34.78;10;9731282004;S
20240301;110047;34.78;10;9731282005;S
20240301;110047;34.78;2100;9731282006;S
20240301;110057;34.795;290;9731283563;B
20240301;110057;34.795;500;9731283564;B
20240301;110108;34.795;10;9731285453;B
20240301;110117;34.795;2900;9731286868;B
20240301;110117;34.795;10;9731286869;B
20240301;110122;34.795;40;9731287670;S
20240301;110132;34.795;50;9731289397;S
20240301;110132;34.785;380;9731289398;S
20240301;110132;34.785;2160;9731289399;S
20240301;110132;34.785;10;9731289400;S
20240301;110132;34.78;400;9731289401;S
20240301;110133;34.8;30;9731289597;B
20240301;110138;34.785;4000;9731290272;S
20240301;110138;34.785;390;9731290273;S
20240301;110138;34.78;500;9731290274;S
20240301;110138;34.78;340;9731290275;S
20240301;110138;34.78;1000;9731290276;S
20240301;110138;34.78;8620;9731290277;S
20240301;110138;34.78;2880;9731290278;S
20240301;110138;34.775;31990;9731290279;S
20240301;110138;34.775;20;9731290280;S
20240301;110138;34.775;50;9731290281;S
20240301;110138;34.775;20;9731290282;S
20240301;110138;34.775;80;9731290283;S
20240301;110138;34.775;10;9731290284;S
20240301;110138;34.775;50;9731290285;S
20240301;110138;34.775;130;9731290286;S
20240301;110138;34.775;20;9731290287;S
20240301;110138;34.775;60;9731290288;S
20240301;110138;34.775;10;9731290289;S
20240301;110138;34.775;1000;9731290290;S
20240301;110138;34.77;160;9731290291;S
20240301;110138;34.77;10;9731290292;S
20240301;110138;34.77;10;9731290293;S
20240301;110138;34.77;100;9731290294;S
20240301;110138;34.765;50;9731290295;S
20240301;110138;34.765;30;9731290296;S
20240301;110138;34.76;100;9731290297;S
20240301;110138;34.76;170;9731290298;S
20240301;110138;34.76;100;9731290314;S
20240301;110138;34.76;720;9731290416;S
20240301;110138;34.76;10;9731290417;S
20240301;110138;34.76;70;9731290418;S
20240301;110138;34.76;430;9731290419;S
20240301;110138;34.755;10;9731290420;S
20240301;110138;34.755;50;9731290421;S
20240301;110138;34.755;50;9731290422;S
20240301;110138;34.755;1500;9731290423;S
20240301;110138;34.755;960;9731290424;S
20240301;110138;34.755;1920;9731290438;S
20240301;110138;34.755;1000;9731290439;S
20240301;110138;34.755;3000;9731290440;S
20240301;110138;34.75;10;9731290441;S
20240301;110138;34.75;30;9731290442;S
20240301;110138;34.75;7790;9731290443;S
20240301;110138;34.75;100;9731290444;S
20240301;110138;34.75;100;9731290445;S
20240301;110138;34.75;10;9731290446;S
20240301;110138;34.75;250;9731290447;S
20240301;110138;34.75;700;9731290448;S
20240301;110138;34.75;390;9731290449;S
20240301;110138;34.745;20;9731290450;S
20240301;110138;34.745;50;9731290451;S
20240301;110138;34.745;10;9731290452;S
20240301;110138;34.74;570;9731290453;S
20240301;110138;34.74;10;9731290454;S
20240301;110138;34.74;60;9731290455;S
20240301;110138;34.74;50;9731290456;S
20240301;110138;34.74;500;9731290457;B
20240301;110138;34.74;1000;9731290458;B
20240301;110138;34.74;500;9731290459;B
20240301;110138;34.74;1200;9731290460;B
20240301;110138;34.74;200;9731290461;B
20240301;110138;34.735;10;9731290463;S
20240301;110139;34.735;10;9731290486;S
20240301;110139;34.735;930;9731290487;S
20240301;110139;34.735;1120;9731290488;S
20240301;110139;34.735;830;9731290489;S
20240301;110139;34.735;560;9731290490;S
20240301;110139;34.73;10;9731290491;S
20240301;110139;34.73;50;9731290492;S
20240301;110139;34.73;690;9731290493;S
20240301;110139;34.73;640;9731290494;S
20240301;110139;34.73;8330;9731290495;S
20240301;110139;34.73;20;9731290525;S
20240301;110139;34.73;320;9731290610;S
20240301;110139;34.73;10;9731290611;S
20240301;110139;34.73;150;9731290612;S
20240301;110139;34.725;50;9731290613;S
20240301;110139;34.725;1120;9731290614;S
20240301;110139;34.72;330;9731290615;S
20240301;110139;34.72;10;9731290616;S
20240301;110139;34.72;50;9731290617;S
20240301;110139;34.72;960;9731290618;S
20240301;110139;34.735;30;9731290639;B
20240301;110139;34.73;10;9731290641;B
20240301;110140;34.72;40;9731290674;S
20240301;110140;34.72;10;9731290675;S
20240301;110140;34.72;1570;9731290676;S
20240301;110140;34.715;380;9731290677;S
20240301;110140;34.715;1000;9731290691;S
20240301;110140;34.725;30;9731290726;S
20240301;110140;34.715;1120;9731290760;S
20240301;110140;34.715;10;9731290761;S
20240301;110140;34.715;370;9731290762;S
20240301;110140;34.715;1500;9731290763;S
20240301;110140;34.73;20;9731290789;B
20240301;110141;34.73;10;9731290844;B
20240301;110141;34.73;10;9731290933;B
20240301;110141;34.73;10;9731290961;B
20240301;110142;34.73;20;9731291120;B
20240301;110143;34.72;10;9731291327;S
20240301;110143;34.72;20;9731291328;S
20240301;110144;34.715;1200;9731291489;S
20240301;110144;34.715;190;9731291531;S
20240301;110144;34.715;290;9731291532;S
20240301;110145;34.715;10;9731291586;S
20240301;110145;34.72;30;9731291755;B
20240301;110148;34.72;10;9731292118;B
20240301;110149;34.72;340;9731292189;B
20240301;110201;34.72;10;9731294365;B
20240301;110201;34.72;10;9731294396;B
20240301;110202;34.715;1000;9731294589;S
20240301;110202;34.72;10;9731294590;B
20240301;110206;34.72;30;9731295159;B
20240301;110206;34.715;10;9731295160;S
20240301;110206;34.72;10;9731295263;B
20240301;110206;34.72;100;9731295276;B
20240301;110208;34.715;10;9731295440;S
20240301;110210;34.715;30;9731295835;S
20240301;110218;34.715;10;9731296903;S
20240301;110225;34.715;20;9731298539;S
20240301;110228;34.715;360;9731299083;S
20240301;110228;34.715;30;9731299084;S
20240301;110228;34.715;150;9731299085;S
20240301;110228;34.715;500;9731299086;S
20240301;110228;34.715;1260;9731299087;S
20240301;110228;34.715;10;9731299088;S
20240301;110230;34.715;420;9731299318;B
20240301;110237;34.71;1000;9731300399;S
20240301;110237;34.71;10;9731300400;S
20240301;110237;34.71;10;9731300401;S
20240301;110237;34.71;10;9731300402;S
20240301;110237;34.705;10;9731300403;S
20240301;110237;34.705;10;9731300404;S
20240301;110237;34.705;380;9731300405;S
20240301;110238;34.7;10;9731300545;S
20240301;110238;34.7;70;9731300546;S
20240301;110238;34.7;70;9731300547;S
20240301;110238;34.7;360;9731300550;S
20240301;110238;34.7;10;9731300551;S
20240301;110238;34.7;40;9731300552;S
20240301;110238;34.7;10;9731300553;S
20240301;110238;34.7;50;9731300554;S
20240301;110238;34.7;10;9731300555;S
20240301;110238;34.7;10;9731300556;S
20240301;110238;34.7;510;9731300557;S
20240301;110238;34.7;70;9731300558;S
20240301;110240;34.7;320;9731300786;S
20240301;110240;34.7;100;9731300787;S
20240301;110240;34.7;10;9731300788;S
20240301;110240;34.7;10;9731300789;S
20240301;110240;34.7;10;9731300790;S
20240301;110240;34.7;50;9731300791;S
20240301;110240;34.7;10;9731300792;S
20240301;110240;34.7;10;9731300793;S
20240301;110240;34.7;100;9731300794;S
20240301;110240;34.7;10;9731300795;S
20240301;110240;34.7;10;9731300796;S
20240301;110240;34.7;300;9731300797;S
20240301;110240;34.7;1540;9731300798;S
20240301;110240;34.7;20;9731300799;S
20240301;110240;34.7;3200;9731300800;B
20240301;110241;34.7;100;9731301015;B
20240301;110241;34.7;10;9731301092;B
20240301;110243;34.7;50;9731301485;B
20240301;110246;34.695;90;9731301991;S
20240301;110254;34.7;30;9731303114;B
20240301;110258;34.7;10;9731303873;B
20240301;110300;34.7;6300;9731304230;B
20240301;110300;34.7;3700;9731304231;B
20240301;110300;34.695;10;9731304284;S
20240301;110304;34.695;2500;9731304913;S
20240301;110304;34.695;430;9731304914;S
20240301;110304;34.695;20;9731304915;S
20240301;110304;34.69;10;9731304916;S
20240301;110304;34.69;20;9731304917;S
20240301;110304;34.69;30;9731304918;S
20240301;110304;34.69;10;9731304919;S
20240301;110304;34.69;2480;9731304920;S
20240301;110305;34.695;400;9731305157;S
20240301;110306;34.7;30;9731305355;B
20240301;110307;34.7;30;9731305410;B
20240301;110307;34.7;30;9731305429;B
20240301;110307;34.7;170;9731305531;B
20240301;110308;34.7;30;9731305631;B
20240301;110310;34.7;50;9731305941;B
20240301;110311;34.695;300;9731306173;S
20240301;110312;34.695;10;9731306411;S
20240301;110323;34.7;2300;9731308120;B
20240301;110328;34.695;90;9731309140;S
20240301;110328;34.695;300;9731309141;S
20240301;110333;34.7;10;9731309922;B
20240301;110334;34.695;40;9731310182;S
20240301;110334;34.695;60;9731310183;S
20240301;110335;34.695;540;9731310439;S
20240301;110335;34.695;10;9731310440;S
20240301;110337;34.695;10;9731310866;B
20240301;110338;34.69;120;9731311140;S
20240301;110341;34.69;10;9731311684;S
20240301;110342;34.69;50;9731311777;S
20240301;110343;34.695;1940;9731311934;B
20240301;110343;34.695;220;9731311935;B
20240301;110343;34.695;110;9731311940;S
20240301;110348;34.695;170;9731313053;S
20240301;110350;34.695;10;9731313352;S
20240301;110351;34.7;100;9731313544;B
20240301;110353;34.695;10;9731313817;S
20240301;110353;34.695;300;9731313862;S
20240301;110355;34.7;20;9731314055;B
20240301;110358;34.695;40;9731314489;S
20240301;110400;34.695;2880;9731314866;S
20240301;110401;34.695;30;9731315043;S
20240301;110402;34.7;10;9731315264;B
20240301;110403;34.695;560;9731315384;S
20240301;110408;34.7;30;9731316192;B
20240301;110413;34.695;10;9731316833;S
20240301;110413;34.695;40;9731316834;S
20240301;110414;34.7;40;9731317084;B
20240301;110424;34.7;20;9731318856;B
20240301;110426;34.695;10;9731319206;S
20240301;110429;34.695;30;9731319600;S
20240301;110435;34.69;20;9731320443;S
20240301;110436;34.695;240;9731320598;B
20240301;110436;34.695;760;9731320599;B
20240301;110436;34.7;20;9731320610;B
20240301;110436;34.7;10;9731320663;B
20240301;110452;34.7;200;9731323513;B
20240301;110454;34.7;10;9731323923;B
20240301;110454;34.69;300;9731323994;S
20240301;110454;34.69;1000;9731323995;S
20240301;110454;34.69;10;9731323996;S
20240301;110454;34.69;20;9731323997;S
20240301;110454;34.69;100;9731323998;S
20240301;110454;34.69;100;9731323999;S
20240301;110454;34.69;100;9731324000;S
20240301;110454;34.69;100;9731324001;S
20240301;110454;34.69;270;9731324002;B
20240301;110454;34.69;30;9731324025;B
20240301;110455;34.69;140;9731324046;B
20240301;110455;34.69;580;9731324176;B
20240301;110456;34.69;10;9731324241;B
20240301;110457;34.69;30;9731324468;B
20240301;110459;34.69;210;9731324769;B
20240301;110459;34.69;920;9731324770;B
20240301;110459;34.695;500;9731324771;B
20240301;110500;34.695;13370;9731325034;S
20240301;110500;34.695;470;9731325035;S
20240301;110500;34.695;2880;9731325036;S
20240301;110500;34.695;2880;9731325037;S
20240301;110500;34.685;6040;9731325038;S
20240301;110500;34.685;11530;9731325039;S
20240301;110500;34.68;20;9731325040;S
20240301;110500;34.68;10;9731325041;S
20240301;110500;34.68;22800;9731325042;S
20240301;110500;34.695;30;9731325045;B
20240301;110501;34.685;10;9731325145;S
20240301;110503;34.685;2870;9731325399;S
20240301;110503;34.685;2880;9731325400;S
20240301;110503;34.685;370;9731325401;S
20240301;110503;34.68;3970;9731325456;S
20240301;110505;34.685;160;9731325800;B
20240301;110507;34.685;10;9731326158;B
20240301;110508;34.68;90;9731326240;S
20240301;110509;34.685;10;9731326357;B
20240301;110509;34.685;30;9731326358;B
20240301;110512;34.68;3140;9731326801;S
20240301;110512;34.68;100;9731326802;S
20240301;110512;34.68;10;9731326803;S
20240301;110512;34.68;1000;9731326804;S
20240301;110512;34.68;10;9731326805;S
20240301;110512;34.68;10;9731326806;S
20240301;110513;34.675;20;9731327012;S
20240301;110513;34.675;50;9731327013;S
20240301;110513;34.675;660;9731327014;S
20240301;110517;34.68;10;9731327695;B
20240301;110517;34.68;10;9731327725;B
20240301;110518;34.68;20;9731327811;B
20240301;110519;34.68;170;9731327870;B
20240301;110542;34.675;900;9731331660;S
20240301;110545;34.68;30;9731332086;B
20240301;110548;34.675;60;9731332337;S
20240301;110549;34.68;30;9731332554;B
20240301;110550;34.68;460;9731332671;B
20240301;110550;34.68;20;9731332672;B
20240301;110550;34.68;3000;9731332673;B
20240301;110550;34.68;1560;9731332674;B
20240301;110552;34.685;30;9731332934;B
20240301;110559;34.685;10;9731333899;B
20240301;110602;34.685;1000;9731334290;B
20240301;110602;34.68;5600;9731334291;S
20240301;110603;34.685;10;9731334354;B
20240301;110603;34.68;30;9731334447;S
20240301;110607;34.685;30;9731335034;B
20240301;110609;34.685;30;9731335319;B
20240301;110609;34.685;30;9731335324;B
20240301;110609;34.685;30;9731335370;B
20240301;110610;34.685;50;9731335453;B
20240301;110611;34.685;30;9731335689;B
20240301;110612;34.685;40;9731335834;B
20240301;110613;34.68;3740;9731335879;S
20240301;110613;34.68;1000;9731335880;S
20240301;110613;34.68;10;9731335881;S
20240301;110613;34.68;70;9731335882;S
20240301;110613;34.675;10;9731335883;S
20240301;110613;34.67;1000;9731335884;S
20240301;110613;34.67;10;9731335885;S
20240301;110613;34.67;10;9731335886;S
20240301;110613;34.67;10;9731335887;S
20240301;110613;34.665;20;9731335888;S
20240301;110613;34.665;10;9731335889;S
20240301;110613;34.665;50;9731335890;S
20240301;110613;34.665;2140;9731335891;S
20240301;110613;34.66;100;9731335892;S
20240301;110613;34.66;1110;9731335893;S
20240301;110613;34.66;100;9731335894;S
20240301;110613;34.66;1000;9731335895;S
20240301;110613;34.66;10;9731335896;S
20240301;110613;34.655;10;9731335897;S
20240301;110613;34.655;10;9731335898;S
20240301;110613;34.655;2880;9731335899;S
20240301;110613;34.655;11530;9731335900;S
20240301;110613;34.65;10;9731335901;S
20240301;110613;34.65;30;9731335902;S
20240301;110613;34.65;50;9731335903;S
20240301;110613;34.65;10;9731335904;S
20240301;110613;34.65;500;9731335905;S
20240301;110613;34.65;1000;9731335906;S
20240301;110613;34.65;100;9731335907;S
20240301;110613;34.65;10;9731335908;S
20240301;110613;34.65;30;9731335909;S
20240301;110613;34.645;2000;9731335910;S
20240301;110613;34.645;730;9731335911;S
20240301;110613;34.645;1000;9731335912;S
20240301;110613;34.645;10;9731335913;S
20240301;110613;34.645;1000;9731335914;S
20240301;110613;34.645;10;9731335915;S
20240301;110613;34.64;300;9731335916;S
20240301;110613;34.64;1000;9731335917;S
20240301;110613;34.64;480;9731335918;S
20240301;110613;34.64;9540;9731335919;S
20240301;110613;34.645;650;9731335920;S
20240301;110613;34.665;1000;9731335949;B
20240301;110613;34.65;290;9731335972;S
20240301;110614;34.655;430;9731336019;S
20240301;110614;34.655;820;9731336020;S
20240301;110618;34.66;20;9731336674;S
20240301;110618;34.655;10;9731336706;S
20240301;110618;34.655;10;9731336707;S
20240301;110618;34.65;360;9731336708;B
20240301;110618;34.65;1000;9731336709;B
20240301;110618;34.65;1520;9731336710;B
20240301;110619;34.65;480;9731336769;S
20240301;110619;34.645;140;9731336802;S
20240301;110619;34.645;30;9731336803;S
20240301;110619;34.645;2810;9731336804;S
20240301;110619;34.645;470;9731336805;S
20240301;110619;34.64;10;9731336813;S
20240301;110619;34.64;30;9731336814;S
20240301;110619;34.64;720;9731336815;S
20240301;110619;34.64;2320;9731336816;S
20240301;110622;34.66;800;9731337125;B
20240301;110623;34.65;10;9731337175;S
20240301;110623;34.64;670;9731337182;S
20240301;110627;34.65;10;9731337581;B
20240301;110629;34.65;10;9731338699;B
20240301;110631;34.65;30;9731340501;B
20240301;110631;34.65;970;9731340502;B
20240301;110633;34.65;280;9731342131;B
20240301;110633;34.655;120;9731342132;B
20240301;110634;34.65;30;9731342351;B
20240301;110634;34.655;970;9731342352;B
20240301;110636;34.655;970;9731344039;B
20240301;110636;34.66;30;9731344040;B
20240301;110638;34.645;100;9731346054;S
20240301;110638;34.64;2210;9731346055;S
20240301;110638;34.64;2880;9731346056;S
20240301;110638;34.64;1960;9731346057;S
20240301;110638;34.635;5000;9731346058;S
20240301;110638;34.635;1000;9731346059;S
20240301;110638;34.635;10;9731346060;S
20240301;110638;34.635;460;9731346061;S
20240301;110638;34.63;3000;9731346062;S
20240301;110638;34.63;6000;9731346063;S
20240301;110638;34.63;1000;9731346064;S
20240301;110638;34.63;10;9731346065;S
20240301;110638;34.625;10;9731346066;S
20240301;110638;34.625;6050;9731346067;S
20240301;110638;34.625;7310;9731346068;S
20240301;110639;34.63;100;9731346662;S
20240301;110639;34.63;1200;9731346703;S
20240301;110641;34.64;200;9731348055;S
20240301;110641;34.64;2570;9731348056;S
20240301;110641;34.635;460;9731348057;S
20240301;110641;34.63;1000;9731348058;S
20240301;110641;34.655;1000;9731348334;B
20240301;110643;34.63;1460;9731349044;S
20240301;110643;34.63;2880;9731349045;S
20240301;110643;34.63;150;9731349049;B
20240301;110646;34.645;50;9731352008;B
20240301;110648;34.63;1990;9731352873;S
20240301;110649;34.645;1000;9731353893;B
20240301;110654;34.635;410;9731357985;S
20240301;110655;34.635;30;9731358530;S
20240301;110655;34.645;10;9731358659;B
20240301;110655;34.645;40;9731358713;B
20240301;110658;34.635;560;9731360503;S
20240301;110659;34.63;1140;9731360619;S
20240301;110659;34.645;140;9731361375;B
20240301;110659;34.645;200;9731361376;B
20240301;110703;34.63;1620;9731364404;S
20240301;110704;34.64;30;9731364548;B
20240301;110708;34.63;1560;9731367777;S
20240301;110710;34.63;150;9731369503;S
20240301;110713;34.63;1510;9731372061;S
20240301;110718;34.63;450;9731376024;S
20240301;110718;34.625;1020;9731376062;S
20240301;110723;34.63;440;9731378916;S
20240301;110723;34.63;580;9731378917;B
20240301;110723;34.63;390;9731378918;B
20240301;110725;34.64;840;9731380713;B
20240301;110725;34.645;160;9731380714;B
20240301;110730;34.645;830;9731383856;B
20240301;110744;34.65;120;9731392631;B
20240301;110746;34.645;450;9731393955;S
20240301;110746;34.645;200;9731393956;S
20240301;110746;34.645;1350;9731393957;S
20240301;110748;34.645;1120;9731395464;S
20240301;110751;34.65;30;9731397168;B
20240301;110751;34.65;540;9731397169;B
20240301;110752;34.65;5750;9731398325;B
20240301;110800;34.645;700;9731403027;S
20240301;110803;34.65;100;9731405141;B
20240301;110804;34.65;10;9731405641;B
20240301;110809;34.65;10;9731408922;B
20240301;110813;34.645;30;9731411595;S
20240301;110823;34.65;200;9731418266;B
20240301;110826;34.65;1000;9731419990;B
20240301;110831;34.65;170;9731423705;B
20240301;110834;34.65;10;9731425840;B
20240301;110835;34.65;10;9731426850;B
20240301;110835;34.65;930;9731426851;B
20240301;110835;34.65;70;9731426852;B
20240301;110838;34.65;80;9731428849;S
20240301;110845;34.655;30;9731434380;B
20240301;110846;34.655;10;9731434933;B
20240301;110854;34.655;30;9731440816;B
20240301;110854;34.655;90;9731440942;B
20240301;110854;34.655;10;9731440943;B
20240301;110855;34.655;30;9731441759;B
20240301;110901;34.655;140;9731446066;B
20240301;110903;34.655;30;9731447426;B
20240301;110904;34.655;40;9731448509;B
20240301;110904;34.655;110;9731448510;B
20240301;110904;34.655;150;9731448511;B
20240301;110905;34.655;10;9731448972;B
20240301;110906;34.655;30;9731449785;B
20240301;110908;34.655;200;9731451585;B
20240301;110910;34.65;120;9731453198;S
20240301;110911;34.65;20;9731453887;S
20240301;110913;34.655;20;9731455480;B
20240301;110913;34.655;40;9731455481;B
20240301;110913;34.655;240;9731455482;B
20240301;110920;34.655;70;9731460496;B
20240301;110922;34.65;770;9731462122;S
20240301;110922;34.65;20;9731462123;S
20240301;110922;34.65;200;9731462124;S
20240301;110922;34.65;450;9731462125;S
20240301;110922;34.65;1560;9731462126;S
20240301;110936;34.65;1100;9731473239;S
20240301;110941;34.65;340;9731476921;S
20240301;110941;34.65;200;9731476922;S
20240301;110941;34.65;20;9731476923;S
20240301;110941;34.65;100;9731476924;S
20240301;110941;34.645;10;9731476925;S
20240301;110941;34.645;90;9731476926;S
20240301;110941;34.64;100;9731476927;S
20240301;110941;34.63;40;9731476928;S
20240301;110948;34.65;200;9731482691;B
20240301;110951;34.65;10;9731484918;B
20240301;110954;34.645;10;9731486817;B
20240301;110959;34.645;50;9731490609;B
20240301;111002;34.635;20;9731492907;S
20240301;111002;34.64;330;9731493243;B
20240301;111007;34.64;50;9731496927;B
20240301;111011;34.64;30;9731499431;B
20240301;111011;34.64;1550;9731499432;B
20240301;111011;34.645;450;9731499433;B
20240301;111011;34.645;1480;9731499434;B
20240301;111011;34.645;100;9731499435;B
20240301;111011;34.65;2860;9731499436;B
20240301;111011;34.655;11690;9731499437;B
20240301;111011;34.655;480;9731499438;B
20240301;111011;34.655;50;9731499439;B
20240301;111017;34.675;100;9731504274;B
20240301;111021;34.66;10;9731507537;S
20240301;111022;34.675;100;9731508718;B
20240301;111033;34.675;200;9731516809;B
20240301;111039;34.66;30;9731522161;S
20240301;111043;34.675;20;9731525253;B
20240301;111044;34.675;10;9731526161;B
20240301;111103;34.66;2260;9731538742;S
20240301;111130;34.66;10;9731556791;S
20240301;111138;34.66;990;9731562055;S
20240301;111138;34.66;10;9731562056;S
20240301;111138;34.655;6500;9731562057;S
20240301;111138;34.66;10;9731562141;B
20240301;111142;34.66;10;9731565123;S
20240301;111143;34.66;10;9731565146;B
20240301;111143;34.66;10;9731565178;B
20240301;111143;34.66;10;9731565247;B
20240301;111144;34.655;970;9731565824;S
20240301;111144;34.655;640;9731565825;S
20240301;111144;34.655;3300;9731565826;S
20240301;111144;34.65;20;9731565900;S
20240301;111146;34.64;10;9731567728;S
20240301;111146;34.64;500;9731567729;S
20240301;111146;34.635;260;9731567730;S
20240301;111147;34.63;20;9731567905;S
20240301;111147;34.63;940;9731567949;S
20240301;111147;34.63;20;9731567950;S
20240301;111147;34.63;170;9731567951;S
20240301;111147;34.64;440;9731568108;B
20240301;111147;34.645;60;9731568109;B
20240301;111147;34.63;1130;9731568411;S
20240301;111147;34.63;1130;9731568603;S
20240301;111150;34.635;10;9731570745;B
20240301;111158;34.635;10;9731575554;B
20240301;111159;34.635;10;9731576119;B
20240301;111203;34.63;10;9731578758;S
20240301;111203;34.635;10;9731578849;B
20240301;111208;34.635;30;9731583053;B
20240301;111208;34.635;30;9731583061;B
20240301;111209;34.635;20;9731583647;B
20240301;111209;34.635;50;9731583858;B
20240301;111210;34.635;30;9731584625;B
20240301;111211;34.635;500;9731584884;B
20240301;111214;34.63;830;9731587241;S
20240301;111225;34.63;10;9731596256;S
20240301;111229;34.63;10;9731598947;S
20240301;111229;34.635;10;9731599709;B
20240301;111234;34.63;10;9731603587;S
20240301;111238;34.635;20;9731606348;B
20240301;111243;34.635;10;9731610065;B
20240301;111249;34.63;10;9731615164;S
20240301;111255;34.63;100;9731620246;S
20240301;111300;34.635;190;9731623088;B
20240301;111302;34.63;10;9731625232;S
20240301;111303;34.635;20;9731625281;B
20240301;111305;34.63;10;9731627305;S
20240301;111309;34.635;140;9731630491;B
20240301;111317;34.635;90;9731636488;B
20240301;111317;34.635;160;9731636489;B
20240301;111317;34.63;120;9731636490;S
20240301;111318;34.635;1010;9731637374;B
20240301;111318;34.635;10;9731638009;B
20240301;111321;34.63;1000;9731640445;S
20240301;111323;34.63;50;9731641509;S
20240301;111323;34.63;500;9731641510;S
20240301;111323;34.63;10;9731641511;S
20240301;111323;34.63;10;9731641512;S
20240301;111323;34.63;500;9731641513;S
20240301;111323;34.63;150;9731641514;S
20240301;111323;34.625;20;9731641602;S
20240301;111323;34.625;20;9731641603;S
20240301;111323;34.625;20;9731641604;S
20240301;111323;34.625;1170;9731641605;S
20240301;111324;34.63;10;9731642524;B
20240301;111328;34.625;1680;9731645699;S
20240301;111329;34.63;50;9731646636;B
20240301;111329;34.63;290;9731646638;B
20240301;111335;34.63;200;9731651236;B
20240301;111338;34.625;20;9731653901;S
20240301;111338;34.63;610;9731653920;B
20240301;111345;34.63;100;9731659200;B
20240301;111345;34.625;10;9731659463;S
20240301;111349;34.63;80;9731662480;B
20240301;111349;34.625;4000;9731662880;S
20240301;111354;34.625;20;9731666475;S
20240301;111357;34.625;10;9731668837;S
20240301;111359;34.63;10;9731670420;B
20240301;111402;34.63;300;9731672515;B
20240301;111403;34.63;400;9731672928;B
20240301;111405;34.63;490;9731674630;B
20240301;111405;34.63;80;9731674631;B
20240301;111405;34.63;40;9731674632;B
20240301;111405;34.63;140;9731674633;B
20240301;111405;34.63;20;9731674634;B
20240301;111405;34.63;440;9731674635;B
20240301;111405;34.63;160;9731674636;B
20240301;111405;34.635;850;9731674637;B
20240301;111405;34.64;1130;9731674638;B
20240301;111405;34.64;11550;9731674639;B
20240301;111417;34.645;100;9731684589;B
20240301;111421;34.63;40;9731687304;S
20240301;111424;34.635;440;9731689615;B
20240301;111424;34.635;1460;9731689616;B
20240301;111424;34.64;80;9731689617;B
20240301;111424;34.64;1890;9731689618;B
20240301;111424;34.645;1130;9731689619;B
20240301;111424;34.65;700;9731689620;B
20240301;111424;34.65;410;9731689621;B
20240301;111434;34.64;1470;9731696795;B
20240301;111434;34.645;700;9731696796;B
20240301;111434;34.65;440;9731696797;B
20240301;111434;34.655;5260;9731696798;B
20240301;111440;34.63;310;9731700692;S
20240301;111440;34.63;290;9731700693;S
20240301;111443;34.65;10;9731702690;B
20240301;111443;34.645;30;9731702795;B
20240301;111500;34.64;50;9731713102;B
20240301;111505;34.64;50;9731717042;B
20240301;111511;34.635;10;9731720977;B
20240301;111511;34.635;10;9731720978;B
20240301;111511;34.635;10;9731720979;B
20240301;111511;34.64;20;9731720980;B
20240301;111515;34.635;10;9731723184;B
20240301;111525;34.635;10;9731729784;B
20240301;111525;34.635;10;9731729785;B
20240301;111525;34.635;10;9731729786;B
20240301;111525;34.635;280;9731729787;B
20240301;111525;34.635;250;9731729788;B
20240301;111525;34.635;200;9731729951;B
20240301;111525;34.635;10;9731729952;B
20240301;111535;34.635;10;9731736414;B
20240301;111535;34.635;370;9731736415;B
20240301;111541;34.63;110;9731741578;S
20240301;111542;34.635;100;9731741801;B
20240301;111543;34.635;10;9731742845;B
20240301;111545;34.635;30;9731744144;B
20240301;111547;34.63;370;9731745423;S
20240301;111547;34.635;30;9731745809;B
20240301;111601;34.63;50;9731754866;S
20240301;111603;34.635;140;9731756158;B
20240301;111603;34.635;1380;9731756159;B
20240301;111611;34.635;470;9731762307;B
20240301;111612;34.635;20;9731763242;B
20240301;111615;34.63;40;9731765325;S
20240301;111619;34.635;50;9731768763;B
20240301;111630;34.635;30;9731776785;B
