<DATE>;<TIME>;<LAST>;<VOL>;<ID>;<OPER>
20240515;095951;43.395;10;10373817583;S
20240515;095951;43.395;10;10373817584;S
20240515;095951;43.395;20;10373817585;S
20240515;095951;43.395;40;10373817586;S
20240515;095951;43.395;10;10373817587;S
20240515;095951;43.395;120;10373817588;S
20240515;095951;43.395;230;10373817589;S
20240515;095951;43.395;20;10373817590;S
20240515;095951;43.395;500;10373817591;S
20240515;095951;43.395;20;10373817592;S
20240515;095951;43.395;60;10373817593;S
20240515;095951;43.395;940;10373817594;B
20240515;095951;43.395;4060;10373817595;S
20240515;095951;43.395;5000;10373817596;S
20240515;095951;43.395;5000;10373817597;S
20240515;095951;43.395;5000;10373817598;S
20240515;095951;43.395;5000;10373817599;S
20240515;095951;43.395;5000;10373817600;S
20240515;095951;43.395;200;10373817601;S
20240515;095951;43.395;10;10373817602;B
20240515;095951;43.395;10;10373817603;B
20240515;095951;43.395;5000;10373817604;S
20240515;095951;43.395;10;10373817605;S
20240515;095951;43.395;10;10373817606;S
20240515;095951;43.395;40;10373817607;S
20240515;095951;43.395;10;10373817608;S
20240515;095951;43.395;1900;10373817609;S
20240515;095951;43.395;10;10373817610;S
20240515;095951;43.395;10000;10373817611;S
20240515;095951;43.395;3800;10373817612;B
20240515;095951;43.395;30;10373817613;S
20240515;095951;43.395;900;10373817614;B
20240515;095951;43.395;20;10373817615;B
20240515;095951;43.395;420;10373817616;B
20240515;095951;43.395;10;10373817617;B
20240515;095951;43.395;10;10373817618;B
20240515;095951;43.395;120;10373817619;B
20240515;095951;43.395;20;10373817620;B
20240515;095951;43.395;40;10373817621;B
20240515;095951;43.395;10;10373817622;B
20240515;095951;43.395;30;10373817623;B
20240515;095951;43.395;10;10373817624;B
20240515;095951;43.395;1220;10373817625;B
20240515;095951;43.395;10;10373817626;S
20240515;095951;43.395;10000;10373817627;B
20240515;095951;43.395;30;10373817628;B
20240515;095951;43.395;3000;10373817629;B
20240515;095951;43.395;180;10373817630;S
20240515;095951;43.395;5000;10373817631;S
20240515;095951;43.395;5000;10373817632;S
20240515;095951;43.395;5000;10373817633;S
20240515;095951;43.395;10;10373817634;B
20240515;095951;43.395;230;10373817635;B
20240515;095951;43.395;20;10373817636;B
20240515;095951;43.395;10;10373817637;B
20240515;095951;43.395;4480;10373817638;S
20240515;095951;43.395;2560;10373817639;S
20240515;095951;43.395;20;10373817640;B
20240515;095951;43.395;500;10373817641;B
20240515;095951;43.395;10;10373817642;S
20240515;095951;43.395;10;10373817643;B
20240515;095951;43.395;2000;10373817644;S
20240515;095951;43.395;10;10373817645;S
20240515;095951;43.395;50;10373817646;S
20240515;095951;43.395;10;10373817647;S
20240515;095951;43.395;10;10373817648;S
20240515;095951;43.395;110;10373817649;S
20240515;095951;43.395;40;10373817650;S
20240515;095951;43.395;158040;10373817651;S
20240515;095951;43.395;51500;10373817652;S
20240515;095951;43.395;20;10373817653;B
20240515;095951;43.395;500;10373817654;B
20240515;095951;43.395;10;10373817655;S
20240515;095951;43.395;10;10373817656;S
20240515;095951;43.395;10;10373817657;S
20240515;095951;43.395;10;10373817658;S
20240515;095951;43.395;10;10373817659;S
20240515;095951;43.395;10;10373817660;S
20240515;095951;43.395;30;10373817661;S
20240515;095951;43.395;30;10373817662;S
20240515;095951;43.395;30;10373817663;S
20240515;095951;43.395;30;10373817664;S
20240515;095951;43.395;5000;10373817665;S
20240515;095951;43.395;10;10373817666;S
20240515;095951;43.395;30;10373817667;S
20240515;095951;43.395;30;10373817668;S
20240515;095951;43.395;30;10373817669;S
20240515;095951;43.395;30;10373817670;S
20240515;095951;43.395;30;10373817671;S
20240515;095951;43.395;30;10373817672;S
20240515;095951;43.395;17130;10373817673;S
20240515;095951;43.395;10;10373817674;B
20240515;095951;43.395;100;10373817675;B
20240515;095951;43.395;30;10373817676;S
20240515;095951;43.395;30;10373817677;S
20240515;095951;43.395;30;10373817678;S
20240515;095951;43.395;30;10373817679;S
20240515;095951;43.395;30;10373817680;S
20240515;095951;43.395;30;10373817681;S
20240515;095951;43.395;30;10373817682;S
20240515;095951;43.395;30;10373817683;S
20240515;095951;43.395;30;10373817684;S
20240515;095951;43.395;10000;10373817685;S
20240515;095951;43.395;10000;10373817686;S
20240515;095951;43.395;10000;10373817687;S
20240515;095951;43.395;6000;10373817688;S
20240515;095951;43.395;970;10373817689;B
20240515;095951;43.395;10;10373817690;B
20240515;095951;43.395;10;10373817691;B
20240515;095951;43.395;10;10373817692;B
20240515;095951;43.395;40;10373817693;B
20240515;095951;43.395;10;10373817694;B
20240515;095951;43.395;10;10373817695;B
20240515;095951;43.395;10;10373817696;B
20240515;095951;43.395;500;10373817697;B
20240515;095951;43.395;20;10373817698;B
20240515;095951;43.395;30;10373817699;B
20240515;095951;43.395;500;10373817700;S
20240515;095951;43.395;10;10373817701;S
20240515;095951;43.395;70;10373817702;S
20240515;095951;43.395;100;10373817703;S
20240515;095951;43.395;5000;10373817704;S
20240515;095951;43.395;2660;10373817705;S
20240515;095951;43.395;2660;10373817706;S
20240515;095951;43.395;160;10373817707;B
20240515;095951;43.395;5000;10373817708;S
20240515;095951;43.395;250;10373817709;B
20240515;095951;43.395;140;10373817710;B
20240515;095951;43.395;2660;10373817711;S
20240515;095951;43.395;10;10373817712;S
20240515;095951;43.395;250;10373817713;B
20240515;095951;43.395;10;10373817714;B
20240515;095951;43.395;5000;10373817715;S
20240515;095951;43.395;2660;10373817716;S
20240515;095951;43.395;10;10373817717;B
20240515;095951;43.395;500;10373817718;B
20240515;095951;43.395;230;10373817719;S
20240515;095951;43.395;10;10373817720;B
20240515;095951;43.395;1000;10373817721;B
20240515;095951;43.395;200;10373817722;B
20240515;095951;43.395;10;10373817723;S
20240515;095951;43.395;5000;10373817724;S
20240515;095951;43.395;220;10373817725;B
20240515;095951;43.395;2660;10373817726;S
20240515;095951;43.395;1000;10373817727;B
20240515;095951;43.395;10;10373817728;S
20240515;095951;43.395;10;10373817729;B
20240515;095951;43.395;10;10373817730;B
20240515;095951;43.395;2350;10373817731;B
20240515;095951;43.395;100;10373817732;S
20240515;095951;43.395;530;10373817733;S
20240515;095951;43.395;500;10373817734;S
20240515;095951;43.395;50;10373817735;B
20240515;095951;43.395;270;10373817736;S
20240515;095951;43.395;60;10373817737;S
20240515;095951;43.395;10;10373817738;S
20240515;095951;43.395;500;10373817739;S
20240515;095951;43.395;1000;10373817740;B
20240515;095951;43.395;40;10373817741;B
20240515;095951;43.395;3430;10373817742;B
20240515;095951;43.395;10;10373817743;B
20240515;095951;43.395;200;10373817744;B
20240515;095951;43.395;1000;10373817745;B
20240515;095951;43.395;10;10373817746;B
20240515;095951;43.395;30;10373817747;B
20240515;095951;43.395;80;10373817748;B
20240515;095951;43.395;200;10373817749;B
20240515;095951;43.395;1000;10373817750;B
20240515;095951;43.395;10;10373817751;B
20240515;095951;43.395;500;10373817752;B
20240515;095951;43.395;10000;10373817753;B
20240515;095951;43.395;30;10373817754;B
20240515;095951;43.395;1000;10373817755;B
20240515;095951;43.395;50;10373817756;B
20240515;095951;43.395;100;10373817757;S
20240515;095951;43.395;50;10373817758;S
20240515;095951;43.395;10;10373817759;S
20240515;095951;43.395;10000;10373817760;S
20240515;095951;43.395;10;10373817761;S
20240515;095951;43.395;50;10373817762;B
20240515;095951;43.395;5000;10373817763;S
20240515;095951;43.395;3470;10373817764;S
20240515;095951;43.395;6000;10373817765;B
20240515;095951;43.395;20;10373817766;B
20240515;095951;43.395;2600;10373817767;S
20240515;095951;43.395;10;10373817768;B
20240515;095951;43.395;60;10373817769;B
20240515;095951;43.395;100;10373817770;S
20240515;095951;43.395;130;10373817771;S
20240515;095951;43.395;5000;10373817772;S
20240515;095951;43.395;100;10373817773;B
20240515;095951;43.395;1000;10373817774;B
20240515;095951;43.395;20000;10373817775;S
20240515;095951;43.395;10;10373817776;B
20240515;095951;43.395;10;10373817777;B
20240515;095951;43.395;1670;10373817778;S
20240515;095951;43.395;190;10373817779;B
20240515;095951;43.395;20000;10373817780;S
20240515;095951;43.395;10;10373817781;S
20240515;095951;43.395;200;10373817782;B
20240515;095951;43.395;5000;10373817783;S
20240515;095951;43.395;400;10373817784;B
20240515;095951;43.395;10;10373817785;B
20240515;095951;43.395;250;10373817786;B
20240515;095951;43.395;100;10373817787;B
20240515;095951;43.395;30;10373817788;B
20240515;095951;43.395;5000;10373817789;S
20240515;095951;43.395;1000;10373817790;S
20240515;095951;43.395;30;10373817791;B
20240515;095951;43.395;2000;10373817792;S
20240515;095951;43.395;2000;10373817793;S
20240515;095951;43.395;2000;10373817794;S
20240515;095951;43.395;500;10373817795;B
20240515;095951;43.395;5000;10373817796;S
20240515;095951;43.395;20;10373817797;B
20240515;095951;43.395;110;10373817798;B
20240515;095951;43.395;5000;10373817799;S
20240515;095951;43.395;2500;10373817800;S
20240515;095951;43.395;2500;10373817801;S
20240515;095951;43.395;10;10373817802;B
20240515;095951;43.395;5000;10373817803;S
20240515;095951;43.395;8000;10373817804;S
20240515;095951;43.395;8000;10373817805;S
20240515;095951;43.395;8000;10373817806;S
20240515;095951;43.395;8000;10373817807;S
20240515;095951;43.395;50;10373817808;B
20240515;095951;43.395;50;10373817809;S
20240515;095951;43.395;10000;10373817810;S
20240515;095951;43.395;8000;10373817811;S
20240515;095951;43.395;10;10373817812;S
20240515;095951;43.395;9480;10373817813;S
20240515;095951;43.395;10;10373817814;B
20240515;095951;43.395;10;10373817815;S
20240515;095951;43.395;200;10373817816;B
20240515;095951;43.395;20;10373817817;B
20240515;095951;43.395;5000;10373817818;S
20240515;095951;43.395;4000;10373817819;S
20240515;095951;43.395;30;10373817820;B
20240515;095951;43.395;20;10373817821;B
20240515;095951;43.395;20000;10373817822;S
20240515;095951;43.395;600;10373817823;S
20240515;095951;43.395;10;10373817824;B
20240515;095951;43.395;7000;10373817825;B
20240515;095951;43.395;5000;10373817826;S
20240515;095951;43.395;4000;10373817827;S
20240515;095951;43.395;11400;10373817828;S
20240515;095951;43.395;1670;10373817829;S
20240515;095951;43.395;10000;10373817830;S
20240515;095951;43.395;14450;10373817831;S
20240515;095951;43.395;10;10373817832;S
20240515;095951;43.395;10;10373817833;S
20240515;095951;43.395;20;10373817834;S
20240515;100001;43.22;4000;10373819922;S
20240515;100001;43.22;3000;10373819923;S
20240515;100001;43.22;60;10373819966;S
20240515;100001;43.22;20;10373819967;S
20240515;100002;43.295;500;10373819985;B
20240515;100002;43.3;1640;10373819986;B
20240515;100002;43.31;1190;10373819987;B
20240515;100002;43.25;230;10373820083;S
20240515;100002;43.25;70;10373820108;S
20240515;100002;43.235;1930;10373820109;S
20240515;100002;43.235;1580;10373820125;S
20240515;100002;43.22;460;10373820126;S
20240515;100002;43.29;240;10373820141;B
20240515;100002;43.23;80;10373820151;S
20240515;100002;43.22;20;10373820152;S
20240515;100002;43.23;30;10373820172;S
20240515;100002;43.235;10;10373820196;S
20240515;100002;43.295;500;10373820233;B
20240515;100002;43.3;10;10373820234;B
20240515;100002;43.37;1180;10373820235;B
20240515;100002;43.37;1640;10373820236;B
20240515;100002;43.375;140;10373820237;B
20240515;100002;43.375;1500;10373820238;B
20240515;100002;43.385;3040;10373820239;B
20240515;100002;43.385;2340;10373820240;B
20240515;100002;43.385;7020;10373820241;B
20240515;100002;43.39;5630;10373820242;B
20240515;100002;43.225;10;10373820267;S
20240515;100002;43.225;10;10373820273;S
20240515;100002;43.37;300;10373820274;B
20240515;100002;43.32;200;10373820282;S
20240515;100002;43.32;80;10373820283;S
20240515;100002;43.32;160;10373820327;S
20240515;100002;43.32;400;10373820358;S
20240515;100002;43.32;40;10373820361;S
20240515;100002;43.32;500;10373820367;S
20240515;100002;43.32;100;10373820379;S
20240515;100002;43.32;180;10373820385;S
20240515;100002;43.32;1500;10373820392;S
20240515;100002;43.32;10;10373820397;S
20240515;100002;43.32;50;10373820398;S
20240515;100002;43.32;50;10373820401;S
20240515;100002;43.35;500;10373820402;B
20240515;100002;43.355;20;10373820403;B
20240515;100002;43.355;640;10373820404;B
20240515;100002;43.325;50;10373820412;S
20240515;100002;43.325;10;10373820414;S
20240515;100002;43.325;160;10373820415;S
20240515;100002;43.325;30;10373820416;S
20240515;100002;43.33;500;10373820417;B
20240515;100002;43.355;1640;10373820418;B
20240515;100002;43.355;50;10373820419;B
20240515;100002;43.36;3280;10373820420;B
20240515;100002;43.37;2000;10373820421;B
20240515;100002;43.385;2340;10373820422;B
20240515;100002;43.39;2710;10373820423;B
20240515;100002;43.39;17480;10373820424;B
20240515;100002;43.325;150;10373820425;S
20240515;100002;43.325;60;10373820426;S
20240515;100002;43.325;60;10373820427;S
20240515;100002;43.325;50;10373820428;S
20240515;100002;43.325;20;10373820429;S
20240515;100002;43.32;170;10373820430;S
20240515;100002;43.355;1640;10373820432;B
20240515;100002;43.385;710;10373820433;B
20240515;100002;43.325;50;10373820434;S
20240515;100002;43.325;10;10373820435;S
20240515;100003;43.37;500;10373820436;B
20240515;100003;43.385;3040;10373820437;B
20240515;100003;43.385;1640;10373820438;B
20240515;100003;43.39;1820;10373820439;B
20240515;100003;43.32;80;10373820448;S
20240515;100003;43.32;20;10373820449;S
20240515;100003;43.32;10;10373820455;S
20240515;100003;43.32;250;10373820456;S
20240515;100003;43.32;20;10373820458;S
20240515;100003;43.32;130;10373820459;S
20240515;100003;43.32;250;10373820460;S
20240515;100003;43.32;10;10373820463;S
20240515;100003;43.32;10;10373820465;S
20240515;100003;43.32;30;10373820466;S
20240515;100003;43.32;30;10373820472;S
20240515;100003;43.32;2550;10373820473;S
20240515;100003;43.31;50;10373820474;S
20240515;100003;43.31;10;10373820475;S
20240515;100003;43.245;40;10373820476;S
20240515;100003;43.245;50;10373820479;S
20240515;100003;43.245;170;10373820481;S
20240515;100003;43.245;30;10373820482;S
20240515;100003;43.245;70;10373820496;S
20240515;100003;43.235;30;10373820497;S
20240515;100003;43.235;70;10373820498;S
20240515;100003;43.23;200;10373820509;S
20240515;100003;43.23;10;10373820526;S
20240515;100003;43.235;50;10373820538;S
20240515;100003;43.245;100;10373820543;S
20240515;100003;43.295;500;10373820544;B
20240515;100003;43.295;70;10373820548;S
20240515;100003;43.295;60;10373820553;S
20240515;100003;43.3;150;10373820559;B
20240515;100003;43.295;50;10373820567;S
20240515;100003;43.295;460;10373820600;S
20240515;100003;43.295;2190;10373820618;S
20240515;100003;43.3;100;10373820637;B
20240515;100003;43.295;10;10373820641;S
20240515;100003;43.295;50;10373820653;S
20240515;100003;43.295;120;10373820672;S
20240515;100004;43.3;310;10373820722;B
20240515;100004;43.3;10;10373820723;B
20240515;100004;43.3;500;10373820724;B
20240515;100004;43.3;10;10373820725;B
20240515;100004;43.3;10;10373820726;B
20240515;100004;43.3;50;10373820727;B
20240515;100004;43.315;10;10373820742;S
20240515;100004;43.325;10;10373820971;B
20240515;100004;43.315;260;10373820972;S
20240515;100004;43.315;20;10373821105;S
20240515;100004;43.315;10;10373821265;S
20240515;100004;43.315;20;10373821268;S
20240515;100004;43.315;10;10373821271;S
20240515;100004;43.325;10;10373821466;B
20240515;100005;43.325;20;10373821664;B
20240515;100005;43.325;10;10373821665;B
20240515;100005;43.325;10;10373821771;B
20240515;100005;43.325;30;10373821774;B
20240515;100005;43.325;10;10373822113;B
20240515;100005;43.325;10;10373822366;B
20240515;100005;43.325;10;10373822369;B
20240515;100005;43.32;60;10373822664;S
20240515;100005;43.32;40;10373823083;S
20240515;100005;43.32;4900;10373823088;S
20240515;100006;43.305;220;10373823660;S
20240515;100006;43.315;10;10373823832;B
20240515;100006;43.305;20;10373823834;S
20240515;100006;43.305;60;10373823987;S
20240515;100006;43.305;10;10373824033;S
20240515;100006;43.305;60;10373824060;S
20240515;100006;43.305;20;10373824074;S
20240515;100006;43.315;10;10373824079;B
20240515;100006;43.315;10;10373824081;B
20240515;100006;43.305;230;10373824318;S
20240515;100006;43.305;10;10373824353;S
20240515;100006;43.305;500;10373826335;S
20240515;100006;43.305;150;10373826337;S
20240515;100006;43.305;10;10373826339;S
20240515;100006;43.305;10;10373826351;S
20240515;100006;43.305;10;10373826352;S
20240515;100006;43.305;10;10373826353;S
20240515;100006;43.305;10;10373826358;S
20240515;100006;43.305;10;10373826359;S
20240515;100006;43.305;10;10373826360;S
20240515;100006;43.305;20;10373826505;S
20240515;100006;43.305;1630;10373826619;S
20240515;100006;43.295;670;10373826620;S
20240515;100006;43.295;10;10373826630;S
20240515;100006;43.295;20;10373826631;S
20240515;100006;43.315;10;10373826671;B
20240515;100007;43.295;50;10373826788;S
20240515;100007;43.3;200;10373827084;B
20240515;100007;43.295;10;10373827298;S
20240515;100007;43.3;10;10373827572;B
20240515;100007;43.3;10;10373827734;B
20240515;100007;43.295;10;10373827801;S
20240515;100007;43.295;720;10373827802;S
20240515;100007;43.28;280;10373827803;S
20240515;100008;43.295;200;10373827966;B
20240515;100008;43.275;120;10373827992;S
20240515;100008;43.275;10;10373828033;S
20240515;100008;43.275;10;10373828034;S
20240515;100008;43.275;10;10373828090;S
20240515;100008;43.275;20;10373828092;S
20240515;100008;43.275;10;10373828094;S
20240515;100009;43.295;300;10373828261;B
20240515;100009;43.3;180;10373828262;B
20240515;100009;43.3;380;10373828263;B
20240515;100009;43.3;10;10373828264;B
20240515;100009;43.305;10;10373828265;B
20240515;100009;43.32;90;10373828266;B
20240515;100009;43.32;10;10373828267;B
20240515;100009;43.32;20;10373828303;S
20240515;100010;43.29;30;10373828533;B
20240515;100010;43.29;500;10373828534;B
20240515;100010;43.3;10;10373828565;S
20240515;100010;43.3;370;10373828812;S
20240515;100010;43.295;130;10373828813;S
20240515;100011;43.31;500;10373829068;B
20240515;100011;43.31;40;10373829496;S
20240515;100011;43.315;500;10373829513;B
20240515;100011;43.32;10;10373829514;B
20240515;100011;43.32;10;10373829533;S
20240515;100011;43.32;20;10373829534;S
20240515;100011;43.32;10;10373829535;S
20240515;100012;43.325;500;10373829642;B
20240515;100012;43.33;140;10373829643;B
20240515;100012;43.335;100;10373829644;B
20240515;100012;43.335;100;10373829645;B
20240515;100012;43.335;110;10373829704;S
20240515;100012;43.34;10;10373830038;B
20240515;100012;43.34;380;10373830243;B
20240515;100012;43.34;500;10373830244;B
20240515;100012;43.345;100;10373830245;B
20240515;100012;43.35;270;10373830246;B
20240515;100012;43.35;50;10373830247;B
20240515;100012;43.35;10;10373830248;B
20240515;100012;43.36;1640;10373830249;B
20240515;100012;43.36;2340;10373830250;B
20240515;100012;43.36;3040;10373830251;B
20240515;100012;43.365;7080;10373830252;B
20240515;100012;43.37;2000;10373830253;B
20240515;100012;43.375;30;10373830254;B
20240515;100012;43.375;1000;10373830255;B
20240515;100012;43.38;11560;10373830256;B
20240515;100012;43.385;2440;10373830257;B
20240515;100013;43.365;500;10373830389;B
20240515;100013;43.37;310;10373830390;B
20240515;100013;43.39;1640;10373830391;B
20240515;100013;43.39;150;10373830392;B
20240515;100013;43.39;2340;10373830393;B
20240515;100013;43.39;3040;10373830394;B
20240515;100013;43.395;3510;10373830395;B
20240515;100013;43.395;3510;10373830396;B
20240515;100013;43.38;500;10373830417;B
20240515;100013;43.385;2340;10373830418;B
20240515;100013;43.385;3040;10373830419;B
20240515;100013;43.39;1640;10373830420;B
20240515;100013;43.39;2480;10373830421;B
20240515;100014;43.38;500;10373830535;B
20240515;100014;43.385;670;10373830536;B
20240515;100014;43.38;500;10373830662;B
20240515;100014;43.385;100;10373830663;B
20240515;100014;43.39;430;10373830664;B
20240515;100014;43.385;500;10373830723;B
20240515;100014;43.39;1210;10373830724;B
20240515;100014;43.39;3040;10373830725;B
20240515;100014;43.39;1250;10373830726;B
20240515;100014;43.345;20;10373830753;S
20240515;100015;43.38;500;10373830776;B
20240515;100015;43.385;2340;10373830777;B
20240515;100015;43.39;160;10373830778;B
20240515;100015;43.345;80;10373830834;S
20240515;100015;43.345;4920;10373830835;S
20240515;100015;43.34;20;10373830870;S
20240515;100015;43.34;20;10373830871;S
20240515;100015;43.345;70;10373831372;B
20240515;100015;43.345;500;10373831373;B
20240515;100016;43.355;500;10373831413;S
20240515;100018;43.355;170;10373832086;S
20240515;100018;43.36;10;10373832153;B
20240515;100018;43.36;190;10373832154;B
20240515;100018;43.355;970;10373832187;S
20240515;100019;43.355;400;10373832281;S
20240515;100019;43.355;80;10373832285;S
20240515;100020;43.355;40;10373832440;S
20240515;100020;43.355;270;10373832442;S
20240515;100020;43.355;730;10373832443;S
20240515;100020;43.355;500;10373832498;S
20240515;100020;43.36;310;10373832512;B
20240515;100020;43.36;60;10373832528;S
20240515;100020;43.365;10;10373832579;B
20240515;100020;43.365;500;10373832580;B
20240515;100020;43.38;40;10373832581;B
20240515;100020;43.39;2450;10373832582;B
20240515;100020;43.365;50;10373832604;S
20240515;100021;43.38;500;10373832865;B
20240515;100021;43.385;50;10373832866;B
20240515;100021;43.39;3150;10373832867;B
20240515;100022;43.37;10;10373832898;S
20240515;100022;43.37;90;10373832905;S
20240515;100022;43.37;30;10373832924;S
20240515;100022;43.385;500;10373832929;B
20240515;100022;43.39;500;10373832930;B
20240515;100022;43.385;500;10373833098;B
20240515;100023;43.385;10;10373833133;S
20240515;100023;43.385;730;10373833282;S
20240515;100023;43.39;2340;10373833385;B
20240515;100023;43.39;1640;10373833386;B
20240515;100023;43.39;20;10373833387;B
20240515;100024;43.385;120;10373833539;S
20240515;100024;43.39;480;10373833628;B
20240515;100024;43.39;2340;10373833629;B
20240515;100024;43.39;2180;10373833630;B
20240515;100025;43.385;10;10373833835;S
20240515;100025;43.385;30;10373834257;S
20240515;100026;43.385;120;10373834326;S
20240515;100026;43.385;30;10373834345;S
20240515;100026;43.385;10;10373834347;S
20240515;100026;43.39;200;10373834349;B
20240515;100027;43.385;230;10373834513;S
20240515;100027;43.385;1210;10373834557;S
20240515;100027;43.385;5000;10373834558;S
20240515;100027;43.365;380;10373834559;S
20240515;100027;43.36;2130;10373834560;S
20240515;100027;43.355;4480;10373834561;S
20240515;100027;43.355;30;10373834562;S
20240515;100027;43.355;30;10373834563;S
20240515;100027;43.345;200;10373834564;S
20240515;100027;43.34;2560;10373834565;S
20240515;100027;43.335;30;10373834566;S
20240515;100027;43.32;7020;10373834567;S
20240515;100027;43.315;10000;10373834568;S
20240515;100027;43.31;30;10373834569;S
20240515;100027;43.305;200;10373834570;S
20240515;100027;43.305;100;10373834571;S
20240515;100027;43.3;30;10373834572;S
20240515;100027;43.29;5550;10373834573;S
20240515;100027;43.285;30;10373834574;S
20240515;100027;43.275;420;10373834575;S
20240515;100027;43.275;30;10373834576;S
20240515;100027;43.275;30;10373834577;S
20240515;100027;43.275;30;10373834578;S
20240515;100027;43.275;30;10373834579;S
20240515;100027;43.275;30;10373834580;S
20240515;100027;43.275;10;10373834581;S
20240515;100027;43.275;10410;10373834582;B
20240515;100027;43.3;380;10373834587;B
20240515;100027;43.3;1640;10373834588;B
20240515;100027;43.305;3490;10373834589;B
20240515;100027;43.275;60;10373834612;B
20240515;100027;43.325;200;10373834637;B
20240515;100028;43.33;2400;10373834668;B
20240515;100028;43.275;100;10373834846;S
20240515;100028;43.325;200;10373834870;B
20240515;100029;43.275;80;10373835001;S
20240515;100029;43.27;30;10373835002;S
20240515;100029;43.27;390;10373835003;S
20240515;100030;43.28;1270;10373835098;S
20240515;100030;43.285;520;10373835102;S
20240515;100030;43.285;520;10373835103;S
20240515;100030;43.285;4280;10373835104;B
20240515;100030;43.285;520;10373835108;S
20240515;100030;43.28;2500;10373835109;S
20240515;100030;43.28;50;10373835110;B
20240515;100030;43.28;6930;10373835111;B
20240515;100030;43.275;540;10373835262;S
20240515;100030;43.275;5750;10373835263;S
20240515;100030;43.27;5000;10373835264;S
20240515;100030;43.255;500;10373835317;S
20240515;100031;43.265;120;10373835503;B
20240515;100031;43.265;4880;10373835504;B
20240515;100031;43.27;3710;10373835533;B
20240515;100031;43.27;570;10373835534;B
20240515;100032;43.265;560;10373835603;S
20240515;100032;43.26;1880;10373835604;S
20240515;100032;43.27;300;10373835773;S
20240515;100032;43.265;700;10373835774;S
20240515;100033;43.305;250;10373835923;B
20240515;100033;43.305;590;10373835924;B
20240515;100033;43.315;160;10373835925;B
20240515;100034;43.265;100;10373836105;S
20240515;100034;43.31;10;10373836119;B
20240515;100034;43.27;1000;10373836363;S
20240515;100036;43.28;10;10373836689;S
20240515;100036;43.31;90;10373836730;B
20240515;100036;43.31;100;10373836731;B
20240515;100036;43.315;570;10373836732;B
20240515;100036;43.32;760;10373836733;B
20240515;100037;43.315;500;10373836918;B
20240515;100039;43.32;120;10373837232;S
20240515;100039;43.325;1380;10373837256;B
20240515;100039;43.325;620;10373837257;B
20240515;100040;43.295;1300;10373837487;S
20240515;100042;43.3;10;10373837857;S
20240515;100042;43.295;150;10373837858;S
20240515;100043;43.315;550;10373838047;B
20240515;100043;43.32;1000;10373838170;B
20240515;100044;43.315;10;10373838262;S
20240515;100044;43.315;640;10373838274;S
20240515;100045;43.315;100;10373838477;S
20240515;100046;43.32;10;10373838534;S
20240515;100046;43.325;100;10373838650;B
20240515;100046;43.32;500;10373838657;S
20240515;100048;43.32;10;10373838898;S
20240515;100048;43.325;1000;10373838928;B
20240515;100049;43.325;2000;10373839270;B
20240515;100050;43.33;20;10373839562;B
20240515;100050;43.33;20;10373839563;B
20240515;100050;43.335;180;10373839564;B
20240515;100050;43.325;5000;10373839764;S
20240515;100050;43.32;15000;10373839765;S
20240515;100050;43.32;10;10373839810;S
20240515;100051;43.32;400;10373839966;S
20240515;100051;43.32;10;10373840126;S
20240515;100052;43.32;4000;10373840291;S
20240515;100053;43.325;1200;10373840468;B
20240515;100054;43.32;30;10373840688;S
20240515;100054;43.32;30;10373840689;S
20240515;100054;43.32;30;10373840690;S
20240515;100054;43.32;30;10373840691;S
20240515;100054;43.32;1620;10373840692;S
20240515;100054;43.33;10;10373840697;B
20240515;100055;43.32;2000;10373840937;S
20240515;100055;43.32;10;10373840997;S
20240515;100056;43.32;1370;10373841297;S
20240515;100057;43.32;10;10373841375;B
20240515;100057;43.315;10;10373841484;S
20240515;100059;43.315;20;10373842006;S
20240515;100059;43.315;30;10373842007;S
20240515;100059;43.315;30;10373842008;S
20240515;100059;43.31;100;10373842009;S
20240515;100100;43.295;140;10373842045;S
20240515;100100;43.29;560;10373842046;S
20240515;100100;43.285;10;10373842047;S
20240515;100100;43.285;100;10373842048;S
20240515;100100;43.28;30;10373842093;S
20240515;100100;43.28;10;10373842222;S
20240515;100101;43.285;700;10373842382;B
20240515;100101;43.28;360;10373842546;S
20240515;100101;43.28;5000;10373842547;S
20240515;100101;43.275;30;10373842548;S
20240515;100101;43.275;30;10373842549;S
20240515;100101;43.275;30;10373842550;S
20240515;100101;43.275;470;10373842551;S
20240515;100101;43.27;30;10373842552;S
20240515;100101;43.265;30;10373842553;S
20240515;100101;43.26;1000;10373842554;S
20240515;100101;43.255;2220;10373842555;S
20240515;100101;43.255;550;10373842556;S
20240515;100101;43.25;250;10373842557;S
20240515;100102;43.25;3000;10373842583;S
20240515;100102;43.25;700;10373842639;S
20240515;100102;43.25;1550;10373842651;S
20240515;100102;43.245;2450;10373842652;S
20240515;100102;43.245;470;10373842653;S
20240515;100102;43.24;2900;10373842654;S
20240515;100102;43.235;2310;10373842655;S
20240515;100102;43.235;20;10373842658;S
20240515;100103;43.235;30;10373842834;S
20240515;100104;43.265;580;10373842946;B
20240515;100104;43.27;410;10373842947;B
20240515;100105;43.235;3640;10373843141;S
20240515;100105;43.235;30;10373843142;S
20240515;100105;43.235;330;10373843143;S
20240515;100105;43.255;570;10373843181;B
20240515;100105;43.26;1860;10373843182;B
20240515;100108;43.25;10;10373844135;S
20240515;100109;43.25;300;10373844368;S
20240515;100109;43.25;10;10373844422;S
20240515;100109;43.25;250;10373844564;S
20240515;100109;43.245;5000;10373844565;S
20240515;100109;43.245;460;10373844566;S
20240515;100109;43.24;20;10373844567;S
20240515;100109;43.235;1790;10373844568;S
20240515;100109;43.225;10;10373844569;S
20240515;100109;43.225;3630;10373844570;S
20240515;100109;43.22;1470;10373844571;S
20240515;100109;43.215;140;10373844572;S
20240515;100109;43.21;400;10373844573;S
20240515;100109;43.21;760;10373844574;S
20240515;100109;43.205;2500;10373844575;S
20240515;100109;43.205;1650;10373844576;S
20240515;100109;43.205;5000;10373844577;S
20240515;100109;43.2;10;10373844578;S
20240515;100109;43.2;8000;10373844579;S
20240515;100109;43.2;1000;10373844580;S
20240515;100109;43.2;2380;10373844581;S
20240515;100109;43.19;530;10373844582;S
20240515;100109;43.195;620;10373844583;S
20240515;100109;43.195;620;10373844584;S
20240515;100109;43.19;760;10373844585;S
20240515;100111;43.19;4630;10373845053;S
20240515;100111;43.23;2000;10373845068;B
20240515;100111;43.195;470;10373845204;S
20240515;100111;43.19;4080;10373845205;S
20240515;100111;43.19;2500;10373845206;S
20240515;100111;43.19;230;10373845207;S
20240515;100111;43.18;70;10373845208;S
20240515;100111;43.175;30;10373845209;S
20240515;100111;43.175;10;10373845210;S
20240515;100111;43.175;620;10373845211;S
20240515;100111;43.17;40;10373845212;S
20240515;100111;43.16;1950;10373845213;S
20240515;100112;43.16;50;10373845238;S
20240515;100112;43.155;50;10373845239;S
20240515;100112;43.16;270;10373845261;B
20240515;100114;43.185;10;10373845621;B
20240515;100114;43.185;2340;10373845629;B
20240515;100114;43.165;20;10373845747;S
20240515;100114;43.185;680;10373845771;B
20240515;100114;43.16;490;10373845808;S
20240515;100115;43.16;70;10373845882;S
20240515;100118;43.185;100;10373846501;B
20240515;100119;43.17;990;10373846847;B
20240515;100120;43.17;490;10373846889;S
20240515;100120;43.165;510;10373846890;S
20240515;100120;43.165;20;10373847066;S
20240515;100121;43.165;550;10373847100;S
20240515;100121;43.18;10;10373847139;B
20240515;100121;43.185;990;10373847140;B
20240515;100123;43.185;910;10373847547;B
20240515;100123;43.19;640;10373847548;B
20240515;100123;43.2;100;10373847617;B
20240515;100124;43.18;10;10373847684;S
20240515;100124;43.175;1900;10373847733;S
20240515;100124;43.17;490;10373847734;S
20240515;100124;43.165;710;10373847735;S
20240515;100124;43.165;10;10373847736;S
20240515;100124;43.165;10;10373847737;S
20240515;100124;43.165;10;10373847738;S
20240515;100124;43.165;10;10373847739;S
20240515;100124;43.16;1860;10373847740;S
20240515;100124;43.19;10;10373847799;B
20240515;100124;43.165;10;10373847836;S
20240515;100124;43.165;10;10373847837;S
20240515;100124;43.16;3140;10373847838;S
20240515;100124;43.16;610;10373847839;S
20240515;100124;43.155;5320;10373847840;S
20240515;100124;43.19;130;10373847855;B
20240515;100125;43.195;2000;10373847882;B
20240515;100125;43.195;1000;10373848031;B
20240515;100126;43.185;330;10373848151;S
20240515;100126;43.2;10;10373848201;B
20240515;100127;43.19;150;10373848276;S
20240515;100127;43.185;2170;10373848277;S
20240515;100127;43.155;2680;10373848278;S
20240515;100127;43.175;630;10373848367;B
20240515;100128;43.165;990;10373848420;B
20240515;100129;43.175;10;10373848703;B
20240515;100131;43.175;40;10373849097;B
20240515;100131;43.18;350;10373849098;B
20240515;100131;43.165;10;10373849106;S
20240515;100131;43.165;10;10373849107;S
20240515;100131;43.165;10;10373849108;S
20240515;100131;43.165;10;10373849109;S
20240515;100131;43.165;10;10373849110;S
20240515;100131;43.155;450;10373849111;S
20240515;100132;43.165;10;10373849421;S
20240515;100132;43.16;620;10373849422;S
20240515;100132;43.16;1280;10373849423;B
20240515;100132;43.16;2090;10373849424;B
20240515;100132;43.155;1000;10373849428;S
20240515;100133;43.185;10;10373849470;B
20240515;100133;43.185;10;10373849532;B
20240515;100135;43.155;10;10373849890;S
20240515;100135;43.185;610;10373849898;B
20240515;100135;43.195;1830;10373849899;B
20240515;100135;43.195;4960;10373849900;B
20240515;100137;43.18;10;10373850294;B
20240515;100137;43.185;130;10373850295;B
20240515;100137;43.19;560;10373850296;B
20240515;100138;43.19;70;10373850465;B
20240515;100138;43.195;2060;10373850466;B
20240515;100138;43.2;4890;10373850467;B
20240515;100138;43.215;3470;10373850468;B
20240515;100138;43.175;620;10373850484;S
20240515;100138;43.17;7020;10373850485;S
20240515;100138;43.165;1170;10373850486;S
20240515;100138;43.155;100;10373850487;S
20240515;100138;43.145;1890;10373850488;S
20240515;100139;43.165;640;10373850724;S
20240515;100139;43.16;5000;10373850725;S
20240515;100139;43.155;130;10373850726;S
20240515;100139;43.155;210;10373850727;B
20240515;100139;43.155;70;10373850728;B
20240515;100141;43.19;10;10373851084;S
20240515;100142;43.18;30;10373851206;B
20240515;100142;43.18;370;10373851364;B
20240515;100145;43.18;250;10373851790;B
20240515;100145;43.185;30;10373851791;B
20240515;100145;43.185;750;10373851792;B
20240515;100145;43.175;560;10373851881;S
20240515;100147;43.185;5000;10373852049;S
20240515;100147;43.185;4870;10373852050;S
20240515;100147;43.18;1200;10373852051;S
20240515;100149;43.19;290;10373852490;S
20240515;100149;43.19;710;10373852537;S
20240515;100149;43.19;790;10373852538;S
20240515;100150;43.19;10;10373852699;S
20240515;100151;43.19;250;10373852825;S
20240515;100153;43.19;150;10373853464;S
20240515;100154;43.195;10;10373853537;B
20240515;100154;43.195;120;10373853541;B
20240515;100155;43.19;1000;10373853805;S
20240515;100156;43.19;2000;10373853953;S
20240515;100156;43.19;30;10373853975;S
20240515;100158;43.19;10;10373854453;S
20240515;100200;43.19;760;10373854864;S
20240515;100200;43.19;540;10373854865;S
20240515;100201;43.19;340;10373855013;B
20240515;100201;43.19;1360;10373855014;B
20240515;100201;43.185;40;10373855157;S
20240515;100202;43.18;30;10373855319;S
20240515;100202;43.195;3040;10373855328;B
20240515;100202;43.2;43440;10373855329;B
20240515;100202;43.2;3000;10373855330;B
20240515;100202;43.2;290;10373855331;B
20240515;100202;43.2;230;10373855332;B
20240515;100203;43.18;30;10373855429;S
20240515;100203;43.18;40;10373855461;S
20240515;100203;43.18;1000;10373855462;S
20240515;100203;43.17;500;10373855463;S
20240515;100203;43.17;240;10373855464;S
20240515;100203;43.165;5830;10373855465;S
20240515;100203;43.16;2500;10373855466;S
20240515;100203;43.155;5000;10373855467;S
20240515;100203;43.155;620;10373855468;S
20240515;100203;43.155;1070;10373855469;S
20240515;100203;43.145;43180;10373855470;S
20240515;100203;43.145;10;10373855471;S
20240515;100203;43.145;10;10373855472;S
20240515;100203;43.15;30;10373855555;S
20240515;100203;43.15;30;10373855577;S
20240515;100203;43.19;10;10373855633;B
20240515;100204;43.18;820;10373855745;B
20240515;100204;43.185;180;10373855746;B
20240515;100204;43.165;50;10373856057;S
20240515;100205;43.18;5000;10373856307;B
20240515;100205;43.185;560;10373856308;B
20240515;100205;43.19;2000;10373856309;B
20240515;100205;43.195;140;10373856310;B
20240515;100205;43.195;100;10373856311;B
20240515;100205;43.195;820;10373856312;B
20240515;100205;43.2;58490;10373856313;B
20240515;100206;43.175;3470;10373856516;S
20240515;100207;43.195;10;10373856664;B
20240515;100208;43.195;60;10373856803;B
20240515;100208;43.195;40;10373856804;B
20240515;100210;43.185;50;10373857306;S
20240515;100211;43.175;800;10373857724;S
20240515;100212;43.185;570;10373858103;S
20240515;100212;43.185;530;10373858104;S
20240515;100215;43.175;320;10373858688;S
20240515;100215;43.19;10;10373858743;B
20240515;100215;43.185;570;10373858784;S
20240515;100215;43.185;1000;10373858785;S
20240515;100215;43.175;1930;10373858786;S
20240515;100215;43.165;1110;10373858787;S
20240515;100215;43.155;300;10373858788;S
20240515;100215;43.155;180;10373858789;S
20240515;100215;43.155;140;10373858790;S
20240515;100215;43.155;10;10373858791;S
20240515;100215;43.15;160;10373858792;S
20240515;100215;43.15;300;10373858793;S
20240515;100219;43.16;580;10373859550;S
20240515;100219;43.16;1000;10373859551;S
20240515;100220;43.15;10;10373859745;S
20240515;100220;43.15;20;10373859899;S
20240515;100224;43.155;10;10373861719;B
20240515;100225;43.155;20;10373861985;B
20240515;100226;43.15;70;10373862167;S
20240515;100226;43.15;1000;10373862168;S
20240515;100226;43.15;570;10373862169;S
20240515;100228;43.15;8360;10373862433;B
20240515;100228;43.15;240;10373862434;B
20240515;100228;43.155;570;10373862435;B
20240515;100228;43.17;1090;10373862436;B
20240515;100228;43.18;50;10373862437;B
20240515;100228;43.18;130;10373862438;B
20240515;100228;43.18;150;10373862439;B
20240515;100228;43.18;7020;10373862440;B
20240515;100228;43.185;1500;10373862441;B
20240515;100228;43.185;10;10373862442;B
20240515;100228;43.185;7020;10373862443;B
20240515;100228;43.185;2480;10373862444;B
20240515;100228;43.19;880;10373862445;B
20240515;100228;43.16;1150;10373862548;S
20240515;100228;43.16;1000;10373862549;S
20240515;100228;43.155;2110;10373862550;S
20240515;100228;43.155;580;10373862551;S
20240515;100228;43.15;160;10373862552;S
20240515;100231;43.16;30;10373863115;S
20240515;100232;43.16;30;10373863128;S
20240515;100232;43.185;10;10373863220;B
20240515;100233;43.185;10;10373863308;B
20240515;100233;43.16;70;10373863424;S
20240515;100233;43.16;230;10373863425;S
20240515;100236;43.165;80;10373863937;S
20240515;100236;43.165;20;10373863938;S
20240515;100237;43.165;140;10373864119;B
20240515;100237;43.16;70;10373864172;S
20240515;100237;43.16;130;10373864173;S
20240515;100238;43.165;30;10373864438;S
20240515;100240;43.17;50;10373864871;S
20240515;100240;43.17;1000;10373864872;S
20240515;100240;43.165;770;10373864873;S
20240515;100240;43.16;680;10373864874;S
20240515;100240;43.175;160;10373864907;B
20240515;100240;43.18;4840;10373864908;B
20240515;100243;43.16;10;10373865412;S
20240515;100243;43.16;20;10373865462;S
20240515;100245;43.18;310;10373865812;B
20240515;100245;43.18;5120;10373865813;B
20240515;100245;43.18;9730;10373865814;B
20240515;100245;43.185;1150;10373865852;B
20240515;100245;43.185;3000;10373865853;B
20240515;100246;43.19;11110;10373865908;B
20240515;100246;43.19;300;10373865909;B
20240515;100246;43.19;100;10373865910;B
20240515;100246;43.195;10;10373865911;B
20240515;100246;43.195;1000;10373865912;B
20240515;100246;43.195;160;10373865913;B
20240515;100246;43.2;4490;10373865914;B
20240515;100246;43.2;13580;10373865916;B
20240515;100246;43.2;2600;10373865917;B
20240515;100246;43.2;1000;10373865918;B
20240515;100246;43.2;17180;10373865919;B
20240515;100246;43.2;10580;10373865920;B
20240515;100247;43.185;100;10373865981;S
20240515;100247;43.2;400;10373866060;B
20240515;100248;43.185;20;10373866215;S
20240515;100248;43.2;2510;10373866301;B
20240515;100249;43.2;9330;10373866520;B
20240515;100249;43.2;9330;10373866521;B
20240515;100249;43.2;9330;10373866522;B
20240515;100249;43.2;9330;10373866523;B
20240515;100249;43.2;9330;10373866524;B
20240515;100249;43.2;9330;10373866525;B
20240515;100249;43.2;9330;10373866526;B
20240515;100249;43.2;9330;10373866527;B
20240515;100249;43.2;9330;10373866528;B
20240515;100249;43.2;20000;10373866529;B
20240515;100249;43.2;20000;10373866530;B
20240515;100249;43.2;20000;10373866531;B
20240515;100249;43.2;10670;10373866532;B
20240515;100249;43.2;10670;10373866533;B
20240515;100249;43.2;10670;10373866534;B
20240515;100249;43.2;1340;10373866535;B
20240515;100249;43.2;1340;10373866536;B
20240515;100249;43.2;1340;10373866537;B
20240515;100249;43.2;12010;10373866538;B
20240515;100249;43.2;12010;10373866539;B
20240515;100249;43.2;4060;10373866540;B
20240515;100249;43.2;2680;10373866541;B
20240515;100249;43.2;2680;10373866542;B
20240515;100249;43.2;13350;10373866543;B
20240515;100249;43.2;13350;10373866544;B
20240515;100249;43.2;13350;10373866545;B
20240515;100249;43.2;13350;10373866546;B
20240515;100249;43.2;4020;10373866547;B
20240515;100249;43.2;4020;10373866548;B
20240515;100249;43.2;14690;10373866549;B
20240515;100249;43.2;14690;10373866550;B
20240515;100249;43.2;2120;10373866551;B
20240515;100249;43.2;1650;10373866552;B
20240515;100249;43.195;10;10373866589;S
20240515;100250;43.195;10;10373866781;S
20240515;100251;43.19;20;10373867192;S
20240515;100252;43.19;1290;10373867271;S
20240515;100252;43.195;50;10373867414;S
20240515;100254;43.195;1630;10373867586;S
20240515;100254;43.195;1000;10373867587;S
20240515;100254;43.19;2000;10373867588;S
20240515;100256;43.2;220;10373868098;B
20240515;100257;43.195;100;10373868373;S
20240515;100258;43.195;720;10373868522;S
20240515;100258;43.195;780;10373868523;S
20240515;100259;43.195;220;10373868755;S
20240515;100259;43.195;410;10373868756;S
20240515;100301;43.195;7350;10373868969;B
20240515;100302;43.195;580;10373869219;B
20240515;100302;43.195;10;10373869220;B
20240515;100303;43.195;10;10373869456;S
20240515;100303;43.195;10;10373869465;S
20240515;100304;43.2;200;10373869607;B
20240515;100306;43.2;880;10373869866;B
20240515;100306;43.2;5000;10373869867;B
20240515;100306;43.2;12160;10373869868;B
20240515;100307;43.2;10;10373870031;B
20240515;100307;43.2;390;10373870066;B
20240515;100308;43.2;2500;10373870268;B
20240515;100308;43.195;500;10373870445;S
20240515;100308;43.195;1390;10373870450;S
20240515;100308;43.195;960;10373870451;S
20240515;100308;43.2;4940;10373870454;B
20240515;100308;43.2;60;10373870455;B
20240515;100309;43.2;10;10373870591;B
20240515;100309;43.2;230;10373870660;B
20240515;100309;43.2;30;10373870661;B
20240515;100309;43.2;4740;10373870662;B
20240515;100309;43.195;40;10373870724;S
20240515;100309;43.195;3960;10373870725;S
20240515;100310;43.195;40;10373870743;S
20240515;100310;43.195;2460;10373870744;S
20240515;100310;43.195;10;10373870827;S
20240515;100310;43.2;15260;10373870851;B
20240515;100310;43.2;1000;10373870852;B
20240515;100310;43.21;590;10373870853;B
20240515;100310;43.21;30;10373870854;B
20240515;100310;43.23;1000;10373870855;B
20240515;100310;43.235;10;10373870856;B
20240515;100310;43.235;10;10373870857;B
20240515;100310;43.245;100;10373870916;B
20240515;100310;43.25;750;10373870917;B
20240515;100310;43.255;590;10373870918;B
20240515;100310;43.275;50;10373870919;B
20240515;100310;43.275;10;10373870920;B
20240515;100310;43.285;800;10373870921;B
20240515;100310;43.29;20;10373870922;B
20240515;100310;43.29;680;10373870923;B
20240515;100310;43.25;1070;10373870924;S
20240515;100310;43.25;590;10373870925;S
20240515;100310;43.245;1070;10373870926;S
20240515;100310;43.245;1150;10373870927;S
20240515;100311;43.275;10;10373871093;B
20240515;100311;43.275;30;10373871094;B
20240515;100312;43.275;10;10373871183;B
20240515;100312;43.275;10;10373871229;B
20240515;100313;43.275;20;10373871321;B
20240515;100313;43.255;20;10373871327;S
20240515;100315;43.275;1070;10373871860;B
20240515;100315;43.28;8930;10373871861;B
20240515;100316;43.27;10;10373872000;S
20240515;100316;43.295;10;10373872082;B
20240515;100316;43.3;230;10373872083;B
20240515;100316;43.3;1000;10373872084;B
20240515;100316;43.3;10;10373872085;B
20240515;100316;43.3;4750;10373872086;B
20240515;100317;43.3;290;10373872193;B
20240515;100317;43.3;70;10373872209;B
20240515;100319;43.3;4890;10373872561;B
20240515;100319;43.3;1670;10373872615;S
20240515;100319;43.3;1000;10373872616;S
20240515;100319;43.295;950;10373872617;S
20240515;100320;43.29;1150;10373872666;S
20240515;100320;43.29;40;10373872667;S
20240515;100320;43.32;10;10373872800;B
20240515;100321;43.32;1500;10373872916;B
20240515;100321;43.32;770;10373873020;B
20240515;100323;43.315;10;10373873283;B
20240515;100323;43.315;10;10373873284;B
20240515;100323;43.315;10;10373873285;B
20240515;100323;43.315;10;10373873286;B
20240515;100323;43.32;130;10373873287;B
20240515;100323;43.32;950;10373873288;B
20240515;100323;43.32;590;10373873289;B
20240515;100323;43.325;10;10373873290;B
20240515;100323;43.325;100;10373873291;B
20240515;100323;43.325;600;10373873292;B
20240515;100323;43.325;100;10373873293;B
20240515;100323;43.325;10;10373873302;S
20240515;100323;43.325;10;10373873324;S
20240515;100324;43.33;2000;10373873422;B
20240515;100324;43.33;20;10373873423;B
20240515;100324;43.335;2980;10373873424;B
20240515;100324;43.325;10;10373873430;S
20240515;100324;43.325;1160;10373873515;S
20240515;100325;43.335;3980;10373873539;B
20240515;100325;43.325;170;10373873549;S
20240515;100325;43.325;1000;10373873579;S
20240515;100325;43.335;10;10373873592;B
20240515;100325;43.33;590;10373873687;B
20240515;100325;43.335;3030;10373873688;B
20240515;100325;43.34;20;10373873689;B
20240515;100325;43.34;10;10373873690;B
20240515;100325;43.34;2000;10373873691;B
20240515;100325;43.345;1150;10373873692;B
20240515;100325;43.35;60;10373873693;B
20240515;100325;43.35;500;10373873694;B
20240515;100325;43.35;10;10373873695;B
20240515;100325;43.355;2500;10373873696;B
20240515;100325;43.355;130;10373873697;B
20240515;100328;43.35;50;10373874158;S
20240515;100329;43.35;20;10373874328;S
20240515;100329;43.355;1000;10373874375;B
20240515;100329;43.355;4600;10373874420;B
20240515;100330;43.35;19930;10373874473;S
20240515;100330;43.35;1000;10373874474;S
20240515;100330;43.335;800;10373874475;S
20240515;100330;43.325;1150;10373874476;S
20240515;100330;43.325;500;10373874477;S
20240515;100330;43.29;100;10373874478;S
20240515;100330;43.285;500;10373874479;S
20240515;100330;43.285;1070;10373874480;S
20240515;100330;43.28;10000;10373874481;S
20240515;100330;43.28;1500;10373874482;S
20240515;100330;43.275;3450;10373874483;S
20240515;100330;43.3;500;10373874541;S
20240515;100332;43.3;2000;10373874993;S
20240515;100335;43.24;10;10373875621;S
20240515;100336;43.24;30;10373875728;S
20240515;100336;43.245;10;10373875741;B
20240515;100336;43.245;720;10373875847;B
20240515;100336;43.28;800;10373875848;B
20240515;100336;43.285;1150;10373875849;B
20240515;100336;43.3;800;10373875850;B
20240515;100337;43.32;600;10373875949;B
20240515;100338;43.26;10;10373876067;S
20240515;100338;43.275;20;10373876100;S
20240515;100338;43.325;50;10373876141;B
20240515;100338;43.325;1000;10373876142;B
20240515;100338;43.335;20;10373876143;B
20240515;100338;43.34;530;10373876144;B
20240515;100338;43.34;900;10373876145;B
20240515;100338;43.28;500;10373876156;S
20240515;100342;43.285;10;10373876804;S
20240515;100343;43.3;10;10373876958;S
20240515;100343;43.3;10;10373876968;S
20240515;100343;43.28;10;10373876969;S
20240515;100344;43.29;120;10373877133;S
20240515;100345;43.29;10;10373877154;S
20240515;100345;43.32;1000;10373877206;B
20240515;100345;43.32;1340;10373877339;B
20240515;100349;43.295;410;10373877891;S
20240515;100349;43.32;660;10373878061;B
20240515;100349;43.325;130;10373878062;B
20240515;100349;43.33;500;10373878063;B
20240515;100349;43.33;1000;10373878064;B
20240515;100349;43.33;1000;10373878065;B
20240515;100349;43.34;1710;10373878066;B
20240515;100351;43.335;10;10373878248;B
20240515;100351;43.34;300;10373878249;B
20240515;100351;43.34;190;10373878250;B
20240515;100351;43.305;200;10373878280;S
20240515;100351;43.305;6500;10373878332;S
20240515;100351;43.3;1150;10373878414;S
20240515;100351;43.3;960;10373878415;S
20240515;100351;43.295;390;10373878416;S
20240515;100353;43.3;700;10373878733;S
20240515;100356;43.33;10;10373879171;B
20240515;100356;43.3;60;10373879174;S
20240515;100356;43.33;50;10373879220;B
20240515;100356;43.33;1000;10373879231;B
20240515;100359;43.3;20;10373879636;S
20240515;100400;43.325;100;10373879720;B
20240515;100400;43.325;10;10373879736;B
20240515;100401;43.32;590;10373879933;B
20240515;100401;43.325;7430;10373879934;B
20240515;100401;43.325;1000;10373879935;B
20240515;100401;43.33;100;10373879936;B
20240515;100401;43.33;15200;10373879937;B
20240515;100401;43.335;1070;10373879938;B
20240515;100401;43.34;12000;10373879939;B
20240515;100401;43.34;100;10373879940;B
20240515;100401;43.34;2080;10373879941;B
20240515;100401;43.345;250;10373879942;B
20240515;100401;43.35;100;10373879943;B
20240515;100401;43.355;6770;10373879944;B
20240515;100401;43.355;10;10373879945;B
20240515;100401;43.365;100;10373879946;B
20240515;100401;43.37;20;10373879947;B
20240515;100401;43.37;250;10373879948;B
20240515;100401;43.375;400;10373879949;B
20240515;100401;43.375;10;10373879950;B
20240515;100401;43.375;8500;10373879951;B
20240515;100401;43.38;10;10373879952;B
20240515;100401;43.385;4010;10373879953;B
20240515;100401;43.325;320;10373879964;S
20240515;100401;43.325;180;10373879965;S
20240515;100401;43.365;540;10373879987;B
20240515;100401;43.33;10;10373880037;S
20240515;100401;43.365;100;10373880151;B
20240515;100402;43.365;10;10373880209;B
20240515;100403;43.33;30;10373880469;S
20240515;100404;43.33;30;10373880614;S
20240515;100404;43.33;30;10373880636;S
20240515;100404;43.33;30;10373880666;S
20240515;100404;43.33;2380;10373880703;S
20240515;100404;43.33;920;10373880704;S
20240515;100404;43.325;350;10373880705;S
20240515;100405;43.325;50;10373880717;S
20240515;100405;43.35;10;10373880844;B
20240515;100406;43.35;10;10373880873;B
20240515;100406;43.35;770;10373880874;B
20240515;100406;43.35;1070;10373880875;B
20240515;100406;43.36;130;10373880876;B
20240515;100406;43.365;1000;10373880877;B
20240515;100406;43.37;6480;10373880878;B
20240515;100406;43.385;5480;10373880879;B
20240515;100406;43.39;7120;10373880880;B
20240515;100406;43.395;90;10373880881;B
20240515;100406;43.395;50;10373880882;B
20240515;100406;43.395;10;10373880883;B
20240515;100406;43.395;7790;10373880884;B
20240515;100406;43.395;4710;10373880898;B
20240515;100406;43.395;200;10373880899;B
20240515;100406;43.4;9290;10373880900;B
20240515;100407;43.36;2500;10373881054;S
20240515;100407;43.35;70;10373881113;S
20240515;100408;43.365;20;10373881261;B
20240515;100408;43.35;30;10373881293;S
20240515;100409;43.35;30;10373881343;S
20240515;100411;43.35;100;10373881826;S
20240515;100411;43.35;590;10373881827;S
20240515;100411;43.345;1150;10373881828;S
20240515;100411;43.345;550;10373881829;S
20240515;100411;43.345;420;10373881831;S
20240515;100411;43.33;580;10373881832;S
20240515;100412;43.36;100;10373881930;B
20240515;100413;43.33;500;10373882068;S
20240515;100418;43.35;440;10373882788;B
20240515;100418;43.35;1070;10373882789;B
20240515;100418;43.355;600;10373882790;B
20240515;100418;43.36;10000;10373882791;B
20240515;100418;43.36;17890;10373882792;B
20240515;100418;43.36;50;10373882898;B
20240515;100419;43.36;4520;10373883029;B
20240515;100420;43.36;2540;10373883196;B
20240515;100420;43.365;10;10373883197;B
20240515;100420;43.365;1150;10373883198;B
20240515;100420;43.365;600;10373883199;B
20240515;100420;43.37;1000;10373883200;B
20240515;100420;43.385;2500;10373883201;B
20240515;100420;43.395;10;10373883202;B
20240515;100420;43.395;100;10373883203;B
20240515;100420;43.4;2710;10373883204;B
20240515;100420;43.4;20;10373883205;B
20240515;100420;43.4;10000;10373883206;B
20240515;100420;43.4;1000;10373883207;B
20240515;100420;43.4;10;10373883208;B
20240515;100420;43.4;30;10373883209;B
20240515;100420;43.4;3000;10373883210;B
20240515;100420;43.4;10;10373883211;B
20240515;100420;43.4;30;10373883212;B
20240515;100420;43.4;100;10373883213;B
20240515;100420;43.4;50;10373883214;B
20240515;100420;43.4;500;10373883215;B
20240515;100420;43.4;30;10373883216;B
20240515;100420;43.4;1600;10373883217;B
20240515;100421;43.36;10;10373883255;S
20240515;100422;43.36;50;10373883508;S
20240515;100423;43.395;300;10373883716;B
20240515;100423;43.395;350;10373883720;B
20240515;100423;43.4;150;10373883721;B
20240515;100426;43.38;10;10373884272;B
20240515;100426;43.395;600;10373884273;B
20240515;100426;43.4;640;10373884274;B
20240515;100426;43.375;1150;10373884331;S
20240515;100427;43.37;10;10373884421;S
20240515;100427;43.375;50;10373884456;B
20240515;100427;43.38;420;10373884457;B
20240515;100427;43.395;1150;10373884458;B
20240515;100427;43.4;880;10373884459;B
20240515;100427;43.4;1000;10373884569;B
20240515;100427;43.37;1250;10373884605;S
20240515;100428;43.4;1160;10373884743;B
20240515;100428;43.4;450;10373884767;B
20240515;100429;43.375;10;10373884864;S
20240515;100429;43.375;610;10373884865;S
20240515;100429;43.37;1240;10373884866;S
20240515;100429;43.37;1150;10373884867;S
20240515;100429;43.365;800;10373884868;S
20240515;100429;43.355;7010;10373884869;S
20240515;100429;43.35;500;10373884870;S
20240515;100429;43.335;100;10373884871;S
20240515;100429;43.335;7020;10373884872;S
20240515;100429;43.33;1420;10373884873;S
20240515;100429;43.33;140;10373884874;S
20240515;100430;43.365;10;10373885047;B
20240515;100430;43.365;10;10373885085;B
20240515;100431;43.305;20;10373885119;S
20240515;100431;43.3;10;10373885120;S
20240515;100431;43.365;10;10373885166;B
20240515;100432;43.31;500;10373885392;S
20240515;100432;43.305;10;10373885393;S
20240515;100432;43.305;90;10373885394;S
20240515;100432;43.365;50;10373885440;B
20240515;100432;43.31;30;10373885452;S
20240515;100435;43.355;1070;10373885812;B
20240515;100435;43.36;6970;10373885813;B
20240515;100435;43.365;800;10373885814;B
20240515;100435;43.365;1150;10373885815;B
20240515;100435;43.37;400;10373885816;B
20240515;100435;43.37;30;10373885817;B
20240515;100435;43.37;1000;10373885818;B
20240515;100435;43.385;10;10373885819;B
20240515;100435;43.385;7020;10373885820;B
20240515;100435;43.39;3000;10373885821;B
20240515;100435;43.395;100;10373885822;B
20240515;100435;43.395;100;10373885823;B
20240515;100435;43.4;7120;10373885824;B
20240515;100435;43.4;1230;10373885825;B
20240515;100435;43.355;200;10373885826;S
20240515;100435;43.395;200;10373885865;B
20240515;100435;43.4;200;10373885866;B
20240515;100435;43.385;10;10373885898;B
20240515;100435;43.4;3570;10373885899;B
20240515;100435;43.4;400;10373885900;B
20240515;100435;43.4;130;10373885901;B
20240515;100435;43.4;50;10373885902;B
20240515;100435;43.4;10;10373885903;B
20240515;100435;43.4;20;10373885904;B
20240515;100435;43.4;30;10373885905;B
20240515;100435;43.4;280;10373885906;B
20240515;100435;43.4;30;10373885907;B
20240515;100435;43.4;10;10373885908;B
20240515;100435;43.4;300;10373885909;B
20240515;100435;43.4;50;10373885910;B
20240515;100435;43.405;10;10373885911;B
20240515;100435;43.405;200;10373885912;B
20240515;100435;43.41;100;10373885913;B
20240515;100435;43.41;230;10373885914;B
20240515;100435;43.415;30;10373885915;B
20240515;100435;43.415;30;10373885916;B
20240515;100435;43.42;20;10373885917;B
20240515;100435;43.42;500;10373885918;B
20240515;100435;43.43;2000;10373885919;B
20240515;100435;43.43;10;10373885920;B
20240515;100435;43.43;100;10373885921;B
20240515;100435;43.43;1000;10373885922;B
20240515;100435;43.43;100;10373885923;B
20240515;100435;43.435;10;10373885924;B
20240515;100435;43.44;10;10373885925;B
20240515;100435;43.445;10;10373885926;B
20240515;100435;43.445;10;10373885927;B
20240515;100435;43.45;50;10373885928;B
20240515;100435;43.45;10;10373885929;B
20240515;100435;43.45;500;10373885930;B
20240515;100435;43.455;10;10373885931;B
20240515;100435;43.455;10;10373885932;B
20240515;100435;43.455;20;10373885933;B
20240515;100435;43.46;820;10373885934;B
20240515;100435;43.46;580;10373885953;B
20240515;100435;43.46;340;10373885957;B
20240515;100435;43.46;260;10373885958;B
20240515;100435;43.46;30;10373885959;B
20240515;100435;43.46;50;10373885960;B
20240515;100435;43.465;100;10373885961;B
20240515;100436;43.44;10;10373885992;S
20240515;100436;43.44;40;10373885998;S
20240515;100436;43.45;200;10373885999;B
20240515;100436;43.465;30;10373886000;B
20240515;100436;43.465;10;10373886003;B
20240515;100436;43.445;50;10373886004;S
20240515;100436;43.445;10;10373886007;S
20240515;100436;43.445;10;10373886026;S
20240515;100436;43.45;50;10373886030;B
20240515;100436;43.46;20;10373886031;B
20240515;100436;43.46;10;10373886032;B
20240515;100436;43.465;860;10373886033;B
20240515;100436;43.47;10;10373886034;B
20240515;100436;43.47;1070;10373886035;B
20240515;100436;43.47;50;10373886036;B
20240515;100436;43.48;2000;10373886037;B
20240515;100436;43.48;550;10373886038;B
20240515;100436;43.48;30;10373886039;B
20240515;100436;43.485;10;10373886040;B
20240515;100436;43.485;20;10373886041;B
20240515;100436;43.485;50;10373886042;B
20240515;100436;43.485;1270;10373886043;B
20240515;100436;43.45;10;10373886044;S
20240515;100436;43.445;90;10373886046;S
20240515;100436;43.455;30;10373886069;B
20240515;100436;43.475;19970;10373886070;S
20240515;100436;43.45;50;10373886076;S
20240515;100436;43.45;10;10373886078;S
20240515;100436;43.45;30;10373886079;S
20240515;100436;43.45;20;10373886093;S
20240515;100436;43.46;330;10373886115;B
20240515;100436;43.46;1170;10373886116;B
20240515;100436;43.46;1070;10373886117;B
20240515;100436;43.485;2290;10373886118;B
20240515;100436;43.485;20;10373886119;B
20240515;100436;43.49;500;10373886120;B
20240515;100436;43.49;700;10373886121;B
20240515;100436;43.49;30;10373886122;B
20240515;100436;43.49;5000;10373886123;B
20240515;100436;43.49;30;10373886124;B
20240515;100436;43.495;40;10373886125;B
20240515;100436;43.495;9150;10373886126;B
20240515;100436;43.49;10;10373886127;B
20240515;100436;43.49;90;10373886128;B
20240515;100436;43.495;1700;10373886129;B
20240515;100436;43.46;1150;10373886164;S
20240515;100436;43.46;350;10373886165;S
20240515;100436;43.46;500;10373886168;S
20240515;100437;43.46;90;10373886193;S
20240515;100437;43.45;100;10373886194;S
20240515;100437;43.45;20;10373886195;S
20240515;100437;43.45;10;10373886315;S
20240515;100439;43.44;100;10373886549;S
20240515;100440;43.44;20;10373886583;S
20240515;100440;43.44;20;10373886584;S
20240515;100440;43.44;10;10373886596;S
20240515;100440;43.46;20;10373886682;B
20240515;100440;43.465;80;10373886683;B
20240515;100440;43.47;670;10373886684;B
20240515;100440;43.44;120;10373886721;S
20240515;100441;43.46;200;10373886754;S
20240515;100441;43.44;1500;10373886763;S
20240515;100441;43.44;2480;10373886777;S
20240515;100441;43.445;500;10373886779;B
20240515;100441;43.445;10;10373886798;B
20240515;100441;43.445;10;10373886831;B
20240515;100442;43.415;1150;10373886846;S
20240515;100442;43.41;850;10373886847;S
20240515;100442;43.405;800;10373886886;S
20240515;100442;43.405;1150;10373886887;S
20240515;100442;43.4;1660;10373886888;S
20240515;100442;43.395;1390;10373886889;S
20240515;100443;43.395;50;10373887024;S
20240515;100446;43.405;10;10373887561;B
20240515;100446;43.415;20;10373887562;B
20240515;100446;43.415;30;10373887565;B
20240515;100446;43.405;650;10373887603;B
20240515;100446;43.415;350;10373887604;B
20240515;100447;43.415;110;10373887637;B
20240515;100447;43.415;230;10373887734;B
20240515;100449;43.405;20;10373888230;S
20240515;100449;43.4;400;10373888231;S
20240515;100449;43.395;80;10373888232;S
20240515;100449;43.39;20;10373888247;S
20240515;100450;43.42;100;10373888355;B
20240515;100450;43.425;1150;10373888356;B
20240515;100450;43.425;20;10373888425;B
20240515;100450;43.425;980;10373888426;B
20240515;100451;43.405;10;10373888445;S
20240515;100451;43.405;2460;10373888453;S
20240515;100451;43.425;190;10373888457;B
20240515;100453;43.41;20;10373888760;S
20240515;100453;43.41;60;10373888822;S
20240515;100453;43.41;440;10373888823;S
20240515;100453;43.425;1070;10373888841;B
20240515;100453;43.435;1000;10373888842;B
20240515;100453;43.44;10;10373888843;B
20240515;100453;43.45;30;10373888844;B
20240515;100453;43.455;80;10373888845;B
20240515;100453;43.455;100;10373888846;B
20240515;100453;43.46;900;10373888847;B
20240515;100453;43.46;20;10373888848;B
20240515;100453;43.47;330;10373888849;B
20240515;100453;43.47;1490;10373888850;B
20240515;100453;43.47;800;10373888851;B
20240515;100453;43.475;1780;10373888852;B
20240515;100453;43.475;100;10373888853;B
20240515;100453;43.475;2000;10373888854;B
20240515;100453;43.48;290;10373888855;B
20240515;100453;43.44;130;10373888929;S
20240515;100454;43.44;930;10373888949;S
20240515;100454;43.44;1000;10373888950;S
20240515;100454;43.44;3390;10373888983;B
20240515;100454;43.44;1070;10373888984;B
20240515;100455;43.455;50;10373889200;S
20240515;100455;43.45;950;10373889201;S
20240515;100456;43.47;490;10373889348;B
20240515;100456;43.47;1000;10373889349;B
20240515;100456;43.48;11360;10373889350;B
20240515;100456;43.48;10000;10373889351;B
20240515;100456;43.49;2000;10373889352;B
20240515;100456;43.49;20;10373889353;B
20240515;100456;43.495;35130;10373889354;B
20240515;100456;43.495;2980;10373889355;B
20240515;100456;43.49;950;10373889393;B
20240515;100456;43.495;1040;10373889394;B
20240515;100456;43.495;50;10373889395;B
20240515;100456;43.5;250;10373889396;B
20240515;100456;43.5;10;10373889397;B
20240515;100456;43.5;10;10373889398;B
20240515;100456;43.5;10;10373889399;B
20240515;100456;43.5;250;10373889400;B
20240515;100456;43.5;250;10373889401;B
20240515;100456;43.5;10;10373889402;B
20240515;100456;43.5;3970;10373889403;B
20240515;100457;43.47;10;10373889419;S
20240515;100457;43.495;40;10373889455;B
20240515;100457;43.5;3960;10373889456;B
20240515;100457;43.5;10;10373889460;B
20240515;100457;43.5;4000;10373889461;B
20240515;100457;43.48;60;10373889496;S
20240515;100457;43.48;20;10373889500;S
20240515;100457;43.48;80;10373889501;S
20240515;100457;43.5;40;10373889502;B
20240515;100457;43.48;50;10373889503;S
20240515;100457;43.48;50;10373889504;S
20240515;100457;43.5;200;10373889505;B
20240515;100457;43.48;30;10373889506;S
20240515;100457;43.48;100;10373889519;S
20240515;100457;43.5;500;10373889576;B
20240515;100457;43.47;500;10373889579;S
20240515;100458;43.485;30;10373889619;S
20240515;100458;43.5;10;10373889624;B
20240515;100458;43.49;10;10373889657;S
20240515;100458;43.5;380;10373889680;B
20240515;100458;43.49;10;10373889764;S
20240515;100459;43.49;10;10373889784;S
20240515;100459;43.5;570;10373889816;B
20240515;100459;43.5;10;10373889897;B
20240515;100459;43.49;20;10373889898;S
20240515;100459;43.5;2000;10373889902;B
20240515;100500;43.49;50;10373889959;S
20240515;100500;43.49;10;10373889979;S
20240515;100500;43.49;30;10373889982;S
20240515;100500;43.49;160;10373889996;S
20240515;100500;43.485;10;10373890010;S
20240515;100500;43.485;10;10373890014;S
20240515;100500;43.48;10;10373890032;S
20240515;100500;43.47;1500;10373890042;S
20240515;100500;43.47;30;10373890142;S
20240515;100500;43.465;50;10373890143;S
20240515;100500;43.465;1070;10373890145;S
20240515;100500;43.465;80;10373890146;S
20240515;100500;43.465;240;10373890147;S
20240515;100501;43.465;30;10373890274;S
20240515;100501;43.465;1650;10373890317;S
20240515;100501;43.46;30;10373890495;S
20240515;100502;43.455;30;10373890618;S
20240515;100502;43.445;30;10373890645;S
20240515;100502;43.47;1000;10373890649;B
20240515;100502;43.45;670;10373890653;S
20240515;100502;43.48;1010;10373890699;B
20240515;100502;43.48;990;10373890700;B
20240515;100502;43.46;10;10373890748;S
20240515;100503;43.48;10;10373890775;B
20240515;100503;43.485;2180;10373890776;B
20240515;100503;43.49;2620;10373890777;B
20240515;100503;43.49;200;10373890778;B
20240515;100503;43.49;3620;10373890779;B
20240515;100503;43.49;1530;10373890780;B
20240515;100503;43.49;2130;10373890781;B
20240515;100503;43.49;3870;10373890782;B
20240515;100503;43.49;2660;10373890783;S
20240515;100503;43.495;10;10373890836;B
20240515;100503;43.5;4350;10373890837;B
20240515;100503;43.5;60;10373890838;B
20240515;100503;43.5;10;10373890839;B
20240515;100503;43.5;1000;10373890840;B
20240515;100503;43.5;50;10373890841;B
20240515;100503;43.5;100;10373890842;B
20240515;100503;43.5;100;10373890843;B
20240515;100503;43.5;10;10373890844;B
20240515;100503;43.475;160;10373890909;S
20240515;100503;43.485;840;10373890921;B
20240515;100503;43.495;1000;10373890922;B
20240515;100503;43.495;160;10373890923;B
20240515;100503;43.5;10;10373890924;B
20240515;100503;43.5;10;10373890925;B
20240515;100503;43.5;30;10373890926;B
20240515;100503;43.5;370;10373890927;B
20240515;100503;43.5;10;10373890928;B
20240515;100503;43.5;10;10373890929;B
20240515;100503;43.5;250;10373890930;B
20240515;100503;43.5;50;10373890931;B
20240515;100503;43.5;5000;10373890932;B
20240515;100503;43.5;70;10373890933;B
20240515;100503;43.5;630;10373890934;B
20240515;100503;43.5;10;10373890935;B
20240515;100503;43.5;10;10373890936;B
20240515;100503;43.5;1540;10373890937;B
20240515;100503;43.5;50;10373890973;B
20240515;100504;43.5;410;10373891118;B
20240515;100504;43.5;10;10373891119;B
20240515;100504;43.5;20;10373891120;B
20240515;100504;43.5;300;10373891121;B
20240515;100504;43.5;10;10373891122;B
20240515;100504;43.5;440;10373891123;B
20240515;100504;43.5;30;10373891124;B
20240515;100504;43.5;30;10373891125;B
20240515;100504;43.5;50;10373891126;B
20240515;100504;43.5;100;10373891127;B
20240515;100504;43.5;50;10373891128;B
20240515;100504;43.5;300;10373891129;B
20240515;100504;43.5;10;10373891130;B
20240515;100504;43.5;50;10373891131;B
20240515;100504;43.5;50;10373891132;B
20240515;100504;43.5;100;10373891133;B
20240515;100504;43.5;20;10373891134;B
20240515;100504;43.5;100;10373891135;B
20240515;100504;43.5;30;10373891136;B
20240515;100504;43.5;10;10373891137;B
20240515;100504;43.5;30;10373891138;B
20240515;100504;43.5;100;10373891139;B
20240515;100504;43.5;400;10373891140;B
20240515;100504;43.5;30;10373891141;B
20240515;100504;43.5;10;10373891142;B
20240515;100504;43.5;10;10373891143;B
20240515;100504;43.5;10;10373891144;B
20240515;100504;43.5;20;10373891145;B
20240515;100504;43.5;50;10373891146;B
20240515;100504;43.5;100;10373891147;B
20240515;100504;43.5;10;10373891148;B
20240515;100504;43.5;10;10373891149;B
20240515;100504;43.5;200;10373891150;B
20240515;100504;43.5;20;10373891151;B
20240515;100504;43.5;230;10373891152;B
20240515;100504;43.5;340;10373891153;B
20240515;100504;43.5;160;10373891209;B
20240515;100504;43.5;1180;10373891210;B
20240515;100504;43.5;70;10373891211;B
20240515;100504;43.5;10;10373891212;B
20240515;100504;43.5;10;10373891213;B
20240515;100504;43.5;150;10373891214;B
20240515;100504;43.5;20;10373891215;B
20240515;100504;43.5;1400;10373891216;B
20240515;100504;43.5;1210;10373891217;B
20240515;100504;43.5;180;10373891218;B
20240515;100504;43.5;1040;10373891219;B
20240515;100504;43.5;10;10373891220;B
20240515;100504;43.5;10;10373891221;B
20240515;100504;43.5;10;10373891222;B
20240515;100504;43.5;500;10373891223;B
20240515;100504;43.5;30;10373891224;B
20240515;100504;43.5;360;10373891225;B
20240515;100504;43.5;10;10373891226;B
20240515;100504;43.5;200;10373891227;B
20240515;100504;43.5;1230;10373891228;B
20240515;100504;43.5;200;10373891229;B
20240515;100504;43.5;10;10373891230;B
20240515;100504;43.5;20;10373891231;B
20240515;100504;43.5;10;10373891232;B
20240515;100504;43.5;11770;10373891233;B
20240515;100505;43.485;130;10373891355;B
20240515;100505;43.5;880;10373891356;B
20240515;100505;43.5;40;10373891357;B
20240515;100505;43.5;90;10373891358;B
20240515;100505;43.5;10;10373891359;B
20240515;100505;43.5;170;10373891360;B
20240515;100505;43.5;10;10373891361;B
20240515;100505;43.5;20;10373891362;B
20240515;100505;43.5;220;10373891363;B
20240515;100505;43.5;20;10373891364;B
20240515;100505;43.5;20;10373891365;B
20240515;100505;43.5;10;10373891366;B
20240515;100505;43.5;20;10373891367;B
20240515;100505;43.5;360;10373891368;B
20240515;100505;43.5;330;10373891374;B
20240515;100505;43.48;400;10373891432;S
20240515;100505;43.5;40;10373891476;B
20240515;100505;43.5;1000;10373891517;B
20240515;100506;43.48;30;10373891607;S
20240515;100506;43.5;13270;10373891654;B
20240515;100506;43.5;10;10373891655;B
20240515;100506;43.5;190;10373891656;B
20240515;100506;43.5;40;10373891657;B
20240515;100506;43.5;500;10373891658;B
20240515;100506;43.5;20;10373891659;B
20240515;100506;43.5;250;10373891660;B
20240515;100506;43.5;500;10373891661;B
20240515;100506;43.5;50;10373891662;B
20240515;100506;43.5;100;10373891663;B
20240515;100506;43.5;1000;10373891664;B
20240515;100506;43.5;10;10373891665;B
20240515;100506;43.505;30;10373891666;B
20240515;100506;43.505;1000;10373891667;B
20240515;100506;43.515;300;10373891668;B
20240515;100506;43.52;30;10373891669;B
20240515;100506;43.52;200;10373891670;B
20240515;100506;43.525;10;10373891671;B
20240515;100506;43.525;1000;10373891672;B
20240515;100506;43.525;10;10373891673;B
20240515;100506;43.525;10;10373891674;B
20240515;100506;43.525;230;10373891675;B
20240515;100506;43.53;10;10373891676;B
20240515;100506;43.53;10;10373891677;B
20240515;100506;43.53;30;10373891678;B
20240515;100506;43.53;10;10373891679;B
20240515;100506;43.53;1180;10373891680;B
20240515;100506;43.53;3820;10373891687;B
20240515;100506;43.53;500;10373891688;B
20240515;100506;43.53;10;10373891689;B
20240515;100506;43.53;10;10373891690;B
20240515;100506;43.535;60;10373891691;B
20240515;100506;43.535;220;10373891692;B
20240515;100506;43.535;380;10373891693;B
20240515;100506;43.535;1250;10373891697;B
20240515;100506;43.51;30;10373891734;S
20240515;100507;43.51;30;10373891778;S
20240515;100507;43.505;250;10373891802;S
20240515;100507;43.52;230;10373891808;B
20240515;100507;43.525;1000;10373891809;B
20240515;100507;43.53;250;10373891810;B
20240515;100507;43.535;870;10373891811;B
20240515;100507;43.535;10;10373891812;B
20240515;100507;43.535;10;10373891813;B
20240515;100507;43.535;10;10373891814;B
20240515;100507;43.535;2620;10373891815;B
20240515;100507;43.505;1070;10373891823;S
20240515;100507;43.505;1060;10373891824;S
20240515;100507;43.505;50;10373891825;S
20240515;100507;43.495;1000;10373891826;S
20240515;100507;43.49;320;10373891827;S
20240515;100507;43.53;500;10373892773;S
20240515;100507;43.505;20;10373892818;S
20240515;100507;43.505;70;10373892849;S
20240515;100508;43.5;500;10373892893;S
20240515;100508;43.5;50;10373893017;S
20240515;100508;43.495;50;10373893018;S
20240515;100508;43.49;500;10373893019;S
20240515;100509;43.485;100;10373893042;S
20240515;100509;43.485;360;10373893043;S
20240515;100509;43.48;1050;10373893044;S
20240515;100509;43.48;1000;10373893045;S
20240515;100509;43.475;490;10373893046;S
20240515;100509;43.51;10;10373893064;B
20240515;100509;43.51;10;10373893065;B
20240515;100509;43.51;30;10373893066;B
20240515;100509;43.485;40;10373893170;S
20240515;100509;43.485;60;10373893171;S
20240515;100510;43.485;1070;10373893360;S
20240515;100510;43.48;40;10373893361;S
20240515;100510;43.48;660;10373893362;S
20240515;100510;43.475;3230;10373893363;S
20240515;100512;43.48;540;10373893598;B
20240515;100512;43.49;460;10373893599;B
20240515;100512;43.495;30;10373893622;B
20240515;100512;43.475;10;10373893707;S
20240515;100513;43.47;20;10373893856;S
20240515;100513;43.47;10;10373893869;S
20240515;100513;43.46;1000;10373893870;S
20240515;100513;43.46;40;10373893871;S
20240515;100513;43.46;1070;10373893872;S
20240515;100513;43.46;290;10373893873;S
20240515;100513;43.465;30;10373893888;S
20240515;100514;43.46;910;10373893933;S
20240515;100515;43.455;10;10373894265;S
20240515;100516;43.455;6240;10373894266;S
20240515;100516;43.45;560;10373894267;S
20240515;100516;43.45;150;10373894280;S
20240515;100516;43.47;20;10373894333;B
20240515;100516;43.47;200;10373894334;B
20240515;100516;43.47;1030;10373894416;B
20240515;100516;43.475;60;10373894417;B
20240515;100516;43.475;1000;10373894418;B
20240515;100516;43.495;7020;10373894419;B
20240515;100516;43.495;100;10373894420;B
20240515;100516;43.5;10;10373894421;B
20240515;100516;43.5;10000;10373894422;B
20240515;100516;43.505;10;10373894423;B
20240515;100516;43.505;800;10373894424;B
20240515;100516;43.51;10;10373894425;B
20240515;100516;43.51;1000;10373894426;B
20240515;100516;43.515;3000;10373894427;B
20240515;100516;43.515;10;10373894428;B
20240515;100516;43.515;2450;10373894429;B
20240515;100516;43.475;10;10373894473;S
20240515;100516;43.485;1040;10373894478;S
20240515;100516;43.48;3960;10373894479;S
20240515;100517;43.48;100;10373894506;S
20240515;100517;43.48;10;10373894566;S
20240515;100517;43.47;10;10373894598;S
20240515;100517;43.49;10;10373894684;B
20240515;100518;43.49;420;10373894805;B
20240515;100518;43.465;10;10373894806;S
20240515;100518;43.475;20;10373894963;S
20240515;100519;43.49;600;10373894967;B
20240515;100519;43.49;2500;10373894990;B
20240515;100519;43.475;20;10373895050;S
20240515;100520;43.48;16000;10373895205;S
20240515;100520;43.475;450;10373895206;S
20240515;100520;43.475;680;10373895207;S
20240515;100520;43.47;4310;10373895208;S
20240515;100520;43.47;30;10373895209;S
20240515;100520;43.465;1070;10373895210;S
20240515;100520;43.455;100;10373895211;S
20240515;100520;43.45;1040;10373895212;S
20240515;100520;43.45;8000;10373895213;S
20240515;100520;43.445;5510;10373895214;S
20240515;100520;43.445;20;10373895215;S
20240515;100520;43.44;2790;10373895216;S
20240515;100521;43.465;20;10373895386;B
20240515;100521;43.45;2000;10373895424;S
20240515;100522;43.445;100;10373895530;S
20240515;100522;43.455;20;10373895584;B
20240515;100522;43.445;10;10373895618;S
20240515;100522;43.445;1100;10373895640;S
20240515;100522;43.44;3900;10373895641;S
20240515;100523;43.455;50;10373895642;B
20240515;100523;43.46;1000;10373895643;B
20240515;100523;43.46;950;10373895644;B
20240515;100523;43.45;50;10373895693;B
20240515;100523;43.44;21280;10373895700;S
20240515;100523;43.44;10;10373895709;S
20240515;100524;43.44;10000;10373895813;S
20240515;100524;43.44;2020;10373895816;S
20240515;100524;43.42;550;10373895837;S
20240515;100524;43.42;30;10373895838;S
20240515;100524;43.415;420;10373895839;S
20240515;100524;43.415;100;10373895870;S
20240515;100524;43.41;30;10373895871;S
20240515;100524;43.405;200;10373895872;S
20240515;100524;43.405;170;10373895873;S
20240515;100524;43.4;10;10373896034;S
20240515;100524;43.42;20;10373896037;B
20240515;100524;43.425;640;10373896038;B
20240515;100524;43.43;1120;10373896039;B
20240515;100524;43.43;1000;10373896040;B
20240515;100524;43.44;20;10373896041;B
20240515;100524;43.465;10;10373896042;B
20240515;100524;43.465;1070;10373896043;B
20240515;100524;43.465;6500;10373896044;B
20240515;100524;43.465;1000;10373896045;B
20240515;100524;43.465;800;10373896046;B
20240515;100524;43.47;5730;10373896047;B
20240515;100524;43.485;100;10373896048;B
20240515;100524;43.49;1470;10373896049;B
20240515;100524;43.49;550;10373896050;B
20240515;100524;43.495;10;10373896051;B
20240515;100524;43.495;200;10373896052;B
20240515;100524;43.5;1000;10373896053;B
20240515;100524;43.515;47550;10373896054;B
20240515;100524;43.515;10810;10373896055;B
20240515;100524;43.515;520;10373896056;B
20240515;100524;43.52;20000;10373896057;B
20240515;100524;43.525;2000;10373896058;B
20240515;100524;43.525;10000;10373896059;B
20240515;100524;43.53;10;10373896060;B
20240515;100524;43.53;10000;10373896061;B
20240515;100524;43.535;380;10373896062;B
20240515;100524;43.535;30;10373896063;B
20240515;100524;43.54;10;10373896064;B
20240515;100524;43.54;20;10373896065;B
20240515;100524;43.54;10;10373896066;B
20240515;100524;43.54;50;10373896067;B
20240515;100524;43.54;10000;10373896068;B
20240515;100524;43.55;1000;10373896069;B
20240515;100524;43.55;20;10373896070;B
20240515;100524;43.55;50;10373896071;B
20240515;100524;43.55;10;10373896072;B
20240515;100524;43.55;100;10373896073;B
20240515;100524;43.55;3000;10373896074;B
20240515;100524;43.555;10;10373896075;B
20240515;100524;43.555;50;10373896076;B
20240515;100524;43.555;4630;10373896077;B
20240515;100524;43.555;10;10373896078;B
20240515;100524;43.56;500;10373896079;B
20240515;100524;43.565;30;10373896080;B
20240515;100524;43.57;1000;10373896081;B
20240515;100524;43.58;10000;10373896082;B
20240515;100524;43.58;20;10373896083;B
20240515;100524;43.58;200;10373896084;B
20240515;100524;43.59;1000;10373896085;B
20240515;100524;43.59;500;10373896086;B
20240515;100524;43.59;1000;10373896087;B
20240515;100524;43.6;1610;10373896088;B
20240515;100524;43.6;50;10373896089;B
20240515;100524;43.6;40;10373896090;B
20240515;100524;43.6;70;10373896091;B
20240515;100524;43.6;10;10373896092;B
20240515;100524;43.6;60;10373896093;B
20240515;100524;43.6;1400;10373896094;B
20240515;100524;43.6;10;10373896095;B
20240515;100524;43.6;50;10373896096;B
20240515;100524;43.6;30;10373896097;B
20240515;100524;43.605;1500;10373896098;B
20240515;100524;43.61;10;10373896099;B
20240515;100524;43.615;1600;10373896100;B
20240515;100524;43.62;10;10373896101;B
20240515;100524;43.63;10;10373896102;B
20240515;100524;43.63;500;10373896103;B
20240515;100524;43.63;70;10373896104;B
20240515;100524;43.635;30;10373896105;B
20240515;100524;43.645;140;10373896106;B
20240515;100524;43.65;10;10373896107;B
20240515;100524;43.65;10;10373896108;B
20240515;100524;43.65;40;10373896109;B
20240515;100524;43.65;16050;10373896110;B
20240515;100524;43.65;100;10373896111;B
20240515;100524;43.655;830;10373896112;B
20240515;100525;43.645;5500;10373896130;B
20240515;100525;43.65;4500;10373896131;S
20240515;100525;43.44;500;10373896132;S
20240515;100525;43.44;500;10373896133;S
20240515;100525;43.55;30;10373896136;S
20240515;100525;43.62;10;10373896146;B
20240515;100525;43.585;20;10373896232;S
20240515;100525;43.585;980;10373896233;S
20240515;100525;43.585;10;10373896242;S
20240515;100525;43.585;10;10373896243;S
20240515;100525;43.585;100;10373896244;S
20240515;100525;43.58;350;10373896245;S
20240515;100525;43.565;1000;10373896246;S
20240515;100525;43.56;1140;10373896247;S
20240515;100525;43.555;800;10373896248;S
20240515;100525;43.535;6520;10373896249;S
20240515;100525;43.53;80;10373896250;S
20240515;100525;43.555;30;10373896266;B
20240515;100525;43.565;970;10373896267;B
20240515;100525;43.535;70;10373896283;S
20240515;100525;43.565;190;10373896285;B
20240515;100525;43.575;210;10373896286;B
20240515;100525;43.575;790;10373896344;B
20240515;100525;43.58;200;10373896345;B
20240515;100525;43.585;30;10373896346;B
20240515;100525;43.585;630;10373896347;B
20240515;100525;43.59;300;10373896348;B
20240515;100525;43.59;10;10373896349;B
20240515;100525;43.595;200;10373896350;B
20240515;100525;43.6;1000;10373896351;B
20240515;100525;43.6;10;10373896352;B
20240515;100525;43.6;10;10373896353;B
20240515;100525;43.6;30;10373896354;B
20240515;100525;43.6;1070;10373896355;B
20240515;100525;43.605;30;10373896356;B
20240515;100525;43.615;7020;10373896357;B
20240515;100525;43.62;800;10373896358;B
20240515;100525;43.62;5440;10373896359;B
20240515;100525;43.62;100;10373896360;B
20240515;100525;43.63;100;10373896361;B
20240515;100525;43.63;5720;10373896362;S
20240515;100525;43.63;5720;10373896363;S
20240515;100525;43.63;5720;10373896364;S
20240515;100525;43.63;5720;10373896365;S
20240515;100525;43.63;5720;10373896366;S
20240515;100525;43.63;5720;10373896367;S
20240515;100525;43.63;5720;10373896369;S
20240515;100525;43.63;5720;10373896370;S
20240515;100525;43.63;5720;10373896371;S
20240515;100525;43.63;5720;10373896372;S
20240515;100525;43.63;5720;10373896373;S
20240515;100525;43.63;5720;10373896374;S
20240515;100525;43.63;23490;10373896375;S
20240515;100525;43.63;23490;10373896376;S
20240515;100525;43.63;23490;10373896377;S
20240515;100525;43.63;7590;10373896378;S
20240515;100525;43.62;20;10373896379;S
20240515;100525;43.62;1000;10373896380;S
20240515;100525;43.57;30;10373896384;S
20240515;100525;43.545;100;10373896386;S
20240515;100525;43.54;1100;10373896387;S
20240515;100525;43.54;400;10373896401;S
20240515;100525;43.59;1070;10373896402;B
20240515;100525;43.6;300;10373896403;B
20240515;100525;43.6;100;10373896404;B
20240515;100525;43.605;30;10373896405;B
20240515;100525;43.61;90;10373896406;B
20240515;100525;43.62;10;10373896407;B
20240515;100525;43.635;990;10373896408;B
20240515;100525;43.535;10;10373896411;S
20240515;100525;43.535;30;10373896412;S
20240515;100525;43.54;10;10373896431;S
20240515;100526;43.545;90;10373896443;S
20240515;100526;43.545;30;10373896461;S
20240515;100526;43.55;10;10373896472;B
20240515;100526;43.55;160;10373896473;B
20240515;100526;43.55;50;10373896474;B
20240515;100526;43.545;100;10373896477;S
20240515;100526;43.55;270;10373896524;S
20240515;100526;43.555;80;10373896535;S
20240515;100526;43.55;1000;10373896536;S
20240515;100526;43.545;20;10373896537;S
20240515;100526;43.545;620;10373896538;S
20240515;100526;43.54;220;10373896539;S
20240515;100526;43.535;1030;10373896540;S
20240515;100526;43.535;1000;10373896541;S
20240515;100526;43.525;6030;10373896542;S
20240515;100526;43.54;30;10373896555;S
20240515;100527;43.57;10;10373896606;B
20240515;100527;43.57;70;10373896697;B
20240515;100527;43.57;30;10373896698;B
20240515;100527;43.575;80;10373896699;B
20240515;100527;43.58;10;10373896700;B
20240515;100527;43.58;60;10373896701;B
20240515;100527;43.58;750;10373896702;B
20240515;100527;43.56;60;10373896722;S
20240515;100528;43.595;1000;10373896789;B
20240515;100528;43.595;610;10373896839;B
20240515;100528;43.6;80;10373896840;B
20240515;100528;43.6;10;10373896841;B
20240515;100528;43.6;50;10373896842;B
20240515;100528;43.6;50;10373896843;B
20240515;100528;43.6;1000;10373896844;B
20240515;100528;43.6;20;10373896845;B
20240515;100528;43.6;180;10373896846;B
20240515;100529;43.575;400;10373896976;S
20240515;100529;43.575;1000;10373896977;S
20240515;100529;43.57;20;10373896978;S
20240515;100529;43.57;600;10373896979;S
20240515;100529;43.565;400;10373896980;S
20240515;100529;43.54;20;10373897067;S
20240515;100529;43.54;20;10373897068;S
20240515;100530;43.54;980;10373897113;S
20240515;100530;43.535;600;10373897114;S
20240515;100530;43.535;20;10373897115;S
20240515;100530;43.535;1140;10373897116;S
20240515;100530;43.53;6370;10373897117;S
20240515;100530;43.53;7020;10373897118;S
20240515;100530;43.525;3870;10373897119;S
20240515;100530;43.515;10;10373897128;S
20240515;100530;43.54;10;10373897130;S
20240515;100530;43.555;2000;10373897186;B
20240515;100531;43.54;20;10373897340;S
20240515;100531;43.55;600;10373897453;B
20240515;100531;43.555;300;10373897454;B
20240515;100532;43.56;1110;10373897579;B
20240515;100532;43.54;30;10373897614;S
20240515;100532;43.53;20;10373897615;S
20240515;100532;43.53;950;10373897616;S
20240515;100532;43.56;10;10373897617;B
20240515;100532;43.56;30;10373897621;B
20240515;100532;43.56;10;10373897622;B
20240515;100532;43.56;1000;10373897623;B
20240515;100532;43.565;1260;10373897624;B
20240515;100533;43.565;390;10373897635;B
20240515;100533;43.56;200;10373897710;B
20240515;100533;43.56;20;10373897711;B
20240515;100533;43.53;1140;10373897761;S
20240515;100533;43.53;10;10373897762;S
20240515;100533;43.525;940;10373897763;S
20240515;100534;43.525;10;10373897853;S
20240515;100534;43.52;190;10373897854;S
20240515;100535;43.53;50;10373898093;B
20240515;100536;43.525;650;10373898237;S
20240515;100536;43.525;1060;10373898238;S
20240515;100536;43.52;1170;10373898239;S
20240515;100536;43.515;400;10373898240;S
20240515;100536;43.51;10;10373898241;S
20240515;100536;43.51;10;10373898242;S
20240515;100536;43.505;60;10373898243;S
20240515;100536;43.505;20000;10373898244;S
20240515;100536;43.5;400;10373898245;S
20240515;100536;43.5;1000;10373898246;S
20240515;100536;43.495;1140;10373898247;S
20240515;100536;43.475;1070;10373898248;S
20240515;100536;43.465;2530;10373898249;S
20240515;100536;43.47;100;10373898257;S
20240515;100536;43.475;350;10373898275;B
20240515;100536;43.485;50;10373898281;B
20240515;100537;43.485;400;10373898308;B
20240515;100537;43.455;10;10373898388;S
20240515;100537;43.485;10;10373898467;B
20240515;100539;43.485;500;10373898647;B
20240515;100539;43.455;1000;10373898648;S
20240515;100539;43.455;10;10373898649;S
20240515;100539;43.445;190;10373898650;S
20240515;100539;43.49;500;10373898665;B
20240515;100539;43.495;10;10373898750;B
20240515;100539;43.495;1160;10373898751;B
20240515;100539;43.495;1000;10373898752;B
20240515;100539;43.515;800;10373898753;B
20240515;100539;43.525;7020;10373898754;B
20240515;100539;43.525;10;10373898755;B
20240515;100541;43.53;810;10373899044;B
20240515;100541;43.53;1000;10373899045;B
20240515;100541;43.545;100;10373899046;B
20240515;100541;43.55;90;10373899047;B
20240515;100541;43.55;910;10373899108;B
20240515;100541;43.55;90;10373899109;B
20240515;100543;43.525;200;10373899281;S
20240515;100543;43.52;10;10373899282;S
20240515;100543;43.52;190;10373899283;S
20240515;100544;43.53;670;10373899461;B
20240515;100544;43.535;130;10373899462;B
20240515;100544;43.515;400;10373899490;B
20240515;100544;43.535;870;10373899495;B
20240515;100544;43.55;80;10373899496;B
20240515;100544;43.555;20;10373899497;B
20240515;100544;43.56;3560;10373899498;B
20240515;100544;43.525;1070;10373899511;B
20240515;100545;43.525;500;10373899630;S
20240515;100545;43.52;10;10373899631;S
20240515;100545;43.52;490;10373899632;S
20240515;100545;43.525;500;10373899767;S
20240515;100546;43.53;20;10373899891;B
20240515;100546;43.53;20;10373899944;B
20240515;100547;43.53;20;10373900027;B
20240515;100547;43.52;80;10373900036;S
20240515;100548;43.525;360;10373900200;B
20240515;100548;43.525;520;10373900202;B
20240515;100548;43.53;1000;10373900203;B
20240515;100548;43.55;1540;10373900204;B
20240515;100548;43.55;90;10373900205;B
20240515;100548;43.555;500;10373900206;B
20240515;100548;43.565;2310;10373900207;B
20240515;100548;43.565;200;10373900208;B
20240515;100548;43.57;110;10373900209;B
20240515;100548;43.575;190;10373900210;B
20240515;100548;43.575;1000;10373900211;B
20240515;100548;43.58;1000;10373900212;B
20240515;100548;43.585;1540;10373900213;B
20240515;100550;43.56;10;10373900586;B
20240515;100550;43.545;80;10373900698;S
20240515;100550;43.54;500;10373900699;S
20240515;100550;43.54;500;10373900700;S
20240515;100551;43.545;120;10373900874;B
20240515;100551;43.535;500;10373900875;S
20240515;100551;43.515;500;10373900922;S
20240515;100551;43.515;640;10373900928;S
20240515;100551;43.515;100;10373900929;S
20240515;100551;43.515;10;10373900930;S
20240515;100551;43.51;1250;10373900931;S
20240515;100551;43.54;10;10373900945;B
20240515;100552;43.51;200;10373901073;S
20240515;100553;43.51;480;10373901300;S
20240515;100555;43.53;500;10373901633;B
20240515;100555;43.53;1000;10373901634;B
20240515;100555;43.54;200;10373901741;B
20240515;100555;43.545;50;10373901742;B
20240515;100555;43.53;1000;10373901762;S
20240515;100555;43.545;120;10373901764;B
20240515;100556;43.545;1250;10373901853;B
20240515;100556;43.545;3300;10373901873;B
20240515;100556;43.545;300;10373901901;B
20240515;100556;43.545;780;10373901906;B
20240515;100556;43.545;2220;10373901907;B
20240515;100556;43.545;4990;10373901939;B
20240515;100557;43.545;1000;10373901949;B
20240515;100557;43.545;1790;10373901957;B
20240515;100557;43.55;210;10373901958;B
20240515;100557;43.55;1000;10373902013;B
20240515;100557;43.55;2870;10373902063;B
20240515;100557;43.55;50;10373902124;B
20240515;100557;43.55;10;10373902128;B
20240515;100557;43.55;10;10373902129;B
20240515;100557;43.55;30;10373902141;B
20240515;100557;43.55;10;10373902166;B
20240515;100558;43.55;10310;10373902190;B
20240515;100558;43.55;1130;10373902191;B
20240515;100558;43.55;5800;10373902192;B
20240515;100558;43.56;990;10373902193;B
20240515;100558;43.56;50;10373902194;B
20240515;100558;43.56;200;10373902195;B
20240515;100558;43.575;100;10373902196;B
20240515;100558;43.575;400;10373902197;B
20240515;100558;43.58;30;10373902198;B
20240515;100558;43.58;700;10373902199;B
20240515;100558;43.59;120;10373902200;B
20240515;100558;43.595;400;10373902201;B
20240515;100558;43.595;10;10373902202;B
20240515;100558;43.595;1500;10373902203;B
20240515;100558;43.6;20;10373902204;B
20240515;100558;43.6;30;10373902205;B
20240515;100558;43.6;90;10373902206;B
20240515;100558;43.6;200;10373902207;B
20240515;100558;43.6;100;10373902208;B
20240515;100558;43.6;10;10373902209;B
20240515;100558;43.615;500;10373902210;B
20240515;100558;43.615;1500;10373902211;B
20240515;100558;43.62;100;10373902212;B
20240515;100558;43.62;200;10373902213;B
20240515;100558;43.62;5460;10373902214;B
20240515;100558;43.615;5000;10373902394;S
20240515;100559;43.585;120;10373902470;S
20240515;100559;43.62;1000;10373902554;B
20240515;100559;43.6;200;10373902557;S
20240515;100559;43.6;50;10373902580;S
20240515;100600;43.605;40;10373902767;S
20240515;100600;43.6;10;10373902783;S
20240515;100600;43.61;10;10373902785;B
20240515;100600;43.62;3540;10373902786;B
20240515;100600;43.62;10;10373902787;B
20240515;100600;43.625;10;10373902788;B
20240515;100600;43.625;1000;10373902789;B
20240515;100600;43.63;10;10373902790;B
20240515;100600;43.63;90;10373902791;B
20240515;100600;43.605;20;10373902794;S
20240515;100600;43.605;100;10373902818;S
20240515;100600;43.605;10;10373902822;S
20240515;100600;43.64;20;10373902913;B
20240515;100600;43.645;50;10373902914;B
20240515;100600;43.645;50;10373902915;B
20240515;100601;43.625;10;10373902968;B
20240515;100601;43.64;690;10373902969;B
20240515;100601;43.61;30;10373902975;S
20240515;100601;43.635;30;10373903013;B
20240515;100601;43.64;390;10373903014;B
20240515;100601;43.61;1110;10373903020;S
20240515;100601;43.61;1000;10373903021;S
20240515;100601;43.605;10;10373903022;S
20240515;100601;43.605;1610;10373903023;S
20240515;100601;43.6;40;10373903024;S
20240515;100601;43.595;500;10373903025;S
20240515;100601;43.595;500;10373903026;S
20240515;100601;43.59;1000;10373903027;S
20240515;100601;43.59;230;10373903028;S
20240515;100602;43.59;270;10373903147;S
20240515;100602;43.59;230;10373903148;S
20240515;100602;43.61;10;10373903163;B
20240515;100602;43.61;10;10373903164;B
20240515;100602;43.62;500;10373903165;B
20240515;100602;43.625;1000;10373903166;B
20240515;100602;43.635;770;10373903167;B
20240515;100602;43.6;10;10373903191;S
20240515;100602;43.6;100;10373903197;S
20240515;100602;43.605;1000;10373903199;B
20240515;100602;43.635;340;10373903200;B
20240515;100602;43.64;950;10373903201;B
20240515;100602;43.605;30;10373903204;S
20240515;100602;43.6;30;10373903252;S
20240515;100603;43.605;1630;10373903355;S
20240515;100603;43.6;1360;10373903356;S
20240515;100603;43.6;30;10373903385;S
20240515;100603;43.6;30;10373903387;S
20240515;100603;43.6;30;10373903407;S
20240515;100603;43.6;30;10373903476;S
20240515;100604;43.6;30;10373903530;S
20240515;100604;43.6;30;10373903536;S
20240515;100604;43.6;430;10373903588;S
20240515;100604;43.595;10;10373903589;S
20240515;100604;43.595;560;10373903590;S
20240515;100605;43.6;400;10373903694;S
20240515;100605;43.595;3170;10373903697;S
20240515;100605;43.59;1140;10373903698;S
20240515;100605;43.58;1000;10373903699;S
20240515;100605;43.575;690;10373903700;S
20240515;100606;43.6;500;10373903876;B
20240515;100606;43.575;10;10373903889;S
20240515;100606;43.6;100;10373903892;B
20240515;100606;43.57;30;10373903908;S
20240515;100606;43.57;500;10373903912;S
20240515;100606;43.6;10;10373903915;B
20240515;100606;43.6;50;10373903939;B
20240515;100606;43.575;30;10373903949;S
20240515;100606;43.595;10;10373904003;S
20240515;100607;43.6;840;10373904089;B
20240515;100607;43.605;1000;10373904090;B
20240515;100607;43.61;1150;10373904091;B
20240515;100607;43.62;10;10373904092;B
20240515;100607;43.62;200;10373904108;B
20240515;100607;43.59;400;10373904178;S
20240515;100608;43.58;10;10373904250;S
20240515;100608;43.58;10;10373904264;B
20240515;100608;43.6;140;10373904392;B
20240515;100609;43.595;20;10373904570;B
20240515;100609;43.595;1010;10373904571;B
20240515;100609;43.595;10;10373904618;B
20240515;100611;43.595;100;10373904824;B
20240515;100612;43.595;10;10373905021;B
20240515;100613;43.58;100;10373905223;S
20240515;100613;43.575;50;10373905224;S
20240515;100613;43.575;850;10373905225;S
20240515;100613;43.595;10;10373905226;B
20240515;100613;43.59;490;10373905264;S
20240515;100613;43.59;4000;10373905303;S
20240515;100614;43.575;100;10373905518;B
20240515;100614;43.57;460;10373905578;S
20240515;100615;43.57;10;10373905743;S
20240515;100617;43.57;10;10373905868;S
20240515;100617;43.575;290;10373905869;B
20240515;100617;43.575;20;10373905940;B
20240515;100618;43.57;200;10373906237;S
20240515;100619;43.575;1000;10373906347;B
20240515;100619;43.57;790;10373906367;S
20240515;100619;43.57;210;10373906368;S
20240515;100619;43.56;40;10373906523;S
20240515;100620;43.56;60;10373906551;S
20240515;100620;43.56;10;10373906552;S
20240515;100620;43.56;50;10373906553;S
20240515;100620;43.555;80;10373906554;S
20240515;100620;43.555;900;10373906625;S
20240515;100620;43.555;400;10373906876;S
20240515;100620;43.57;10;10373906891;B
20240515;100621;43.555;200;10373906968;S
20240515;100622;43.555;360;10373907085;S
20240515;100622;43.555;50;10373907086;S
20240515;100622;43.55;2590;10373907087;S
20240515;100622;43.57;530;10373907155;B
20240515;100622;43.575;6590;10373907156;B
20240515;100622;43.575;3800;10373907157;B
20240515;100622;43.575;1000;10373907158;B
20240515;100622;43.575;1000;10373907159;B
20240515;100622;43.58;50;10373907353;S
20240515;100623;43.58;920;10373907385;S
20240515;100623;43.575;4080;10373907386;S
20240515;100623;43.58;490;10373907458;S
20240515;100623;43.575;610;10373907459;S
20240515;100623;43.595;100;10373907476;B
20240515;100624;43.58;50;10373907560;S
20240515;100624;43.58;190;10373907564;S
20240515;100624;43.575;10;10373907565;S
20240515;100625;43.58;120;10373907644;S
20240515;100625;43.575;330;10373907645;S
20240515;100625;43.58;60;10373907803;S
20240515;100625;43.575;40;10373907804;S
20240515;100626;43.595;500;10373907903;B
20240515;100626;43.58;30;10373907930;S
20240515;100626;43.58;90;10373907931;S
20240515;100627;43.595;10;10373908059;B
20240515;100627;43.585;20;10373908097;S
20240515;100627;43.58;80;10373908098;S
20240515;100627;43.585;20;10373908102;S
20240515;100627;43.58;3980;10373908103;S
20240515;100627;43.595;20;10373908118;B
20240515;100628;43.58;280;10373908195;S
20240515;100628;43.58;530;10373908196;S
20240515;100628;43.575;200;10373908211;S
20240515;100628;43.58;270;10373908272;B
20240515;100629;43.58;2420;10373908323;B
20240515;100629;43.575;200;10373908427;S
20240515;100630;43.585;200;10373908574;S
20240515;100631;43.58;200;10373908831;S
20240515;100632;43.575;60;10373908895;S
20240515;100632;43.59;100;10373908909;B
20240515;100632;43.595;900;10373908910;B
20240515;100632;43.585;100;10373909065;B
20240515;100632;43.58;200;10373909089;S
20240515;100633;43.575;1000;10373909296;S
20240515;100633;43.575;90;10373909325;S
20240515;100634;43.575;10;10373909337;S
20240515;100634;43.575;10;10373909341;S
20240515;100634;43.575;50;10373909614;S
20240515;100636;43.58;530;10373910063;S
20240515;100636;43.58;1470;10373910064;S
20240515;100637;43.575;10;10373910258;S
20240515;100638;43.595;20;10373910312;B
20240515;100638;43.58;530;10373910476;S
20240515;100638;43.58;720;10373910477;S
20240515;100638;43.575;5620;10373910478;S
20240515;100638;43.575;14080;10373910479;S
20240515;100639;43.57;1000;10373910517;S
20240515;100639;43.575;5000;10373910565;B
20240515;100639;43.57;2000;10373910623;S
20240515;100639;43.57;1250;10373910624;S
20240515;100639;43.57;2000;10373910660;S
20240515;100640;43.57;1500;10373910695;S
20240515;100640;43.57;2000;10373910706;S
20240515;100640;43.57;5000;10373910729;S
20240515;100640;43.575;10;10373910742;B
20240515;100640;43.57;5250;10373910825;S
20240515;100640;43.57;10420;10373910826;S
20240515;100640;43.57;1000;10373910827;S
20240515;100640;43.57;100;10373910828;S
20240515;100640;43.565;540;10373910829;S
20240515;100640;43.565;50;10373910830;S
20240515;100640;43.555;2440;10373910831;S
20240515;100640;43.555;10;10373910856;S
20240515;100641;43.555;2500;10373910909;S
20240515;100641;43.555;1250;10373910962;S
20240515;100641;43.555;3000;10373910987;S
20240515;100642;43.56;600;10373911099;B
20240515;100642;43.56;1000;10373911100;B
20240515;100642;43.56;300;10373911101;B
20240515;100642;43.56;40;10373911102;B
20240515;100642;43.565;2060;10373911103;B
20240515;100643;43.555;300;10373911233;S
20240515;100646;43.565;610;10373911686;B
20240515;100646;43.565;30;10373911694;B
20240515;100646;43.555;40;10373911699;S
20240515;100646;43.565;60;10373911700;B
20240515;100646;43.565;600;10373911701;B
20240515;100646;43.57;1340;10373911702;B
20240515;100647;43.565;100;10373911735;B
20240515;100647;43.555;50;10373911767;S
20240515;100648;43.555;450;10373912051;S
20240515;100649;43.565;10;10373912220;B
20240515;100650;43.555;10;10373912445;S
20240515;100651;43.555;30;10373912497;S
20240515;100651;43.565;3570;10373912569;B
20240515;100651;43.565;600;10373912570;B
20240515;100651;43.565;250;10373912571;B
20240515;100652;43.565;2110;10373912674;B
20240515;100652;43.57;3690;10373912675;B
20240515;100652;43.565;1000;10373912676;B
20240515;100652;43.565;50;10373912705;B
20240515;100652;43.57;1990;10373912706;B
20240515;100652;43.57;10;10373912707;B
20240515;100652;43.57;500;10373912708;B
20240515;100652;43.575;2920;10373912709;B
20240515;100653;43.57;2200;10373912771;B
20240515;100653;43.575;300;10373912772;B
20240515;100654;43.575;100;10373912991;B
20240515;100654;43.56;30;10373913006;S
20240515;100655;43.575;340;10373913074;B
20240515;100656;43.56;360;10373913259;S
20240515;100656;43.56;140;10373913260;S
20240515;100657;43.555;2050;10373913374;S
20240515;100657;43.555;940;10373913375;S
20240515;100658;43.57;10;10373913477;B
20240515;100659;43.555;2000;10373913634;S
20240515;100700;43.56;50;10373913851;B
20240515;100700;43.555;230;10373913930;S
20240515;100701;43.555;830;10373914067;S
20240515;100701;43.555;20;10373914068;S
20240515;100701;43.55;610;10373914069;S
20240515;100701;43.545;1000;10373914070;S
20240515;100701;43.545;10;10373914071;S
20240515;100701;43.54;100;10373914072;S
20240515;100701;43.54;1000;10373914073;S
20240515;100701;43.535;1430;10373914074;S
20240515;100701;43.53;10;10373914131;S
20240515;100701;43.53;920;10373914132;S
20240515;100701;43.53;10;10373914133;S
20240515;100701;43.53;60;10373914134;S
20240515;100701;43.53;1000;10373914138;S
20240515;100701;43.525;100;10373914139;S
20240515;100701;43.525;100;10373914140;S
20240515;100701;43.525;610;10373914141;S
20240515;100701;43.525;10;10373914142;S
20240515;100701;43.515;180;10373914143;S
20240515;100701;43.515;100;10373914199;S
20240515;100701;43.515;10;10373914217;S
20240515;100701;43.515;500;10373914224;S
20240515;100701;43.55;110;10373914227;B
20240515;100701;43.515;1170;10373914242;S
20240515;100702;43.54;290;10373914370;B
20240515;100703;43.515;1500;10373914494;S
20240515;100704;43.515;3560;10373914642;S
20240515;100704;43.515;1120;10373914643;S
20240515;100704;43.515;10;10373914695;B
20240515;100704;43.515;700;10373914709;B
20240515;100705;43.51;10;10373914897;S
20240515;100707;43.51;1000;10373915134;S
20240515;100707;43.515;10;10373915196;B
20240515;100707;43.515;300;10373915214;B
