<DATE>;<TIME>;<LAST>;<VOL>;<ID>;<OPER>
20240411;095948;41.17;550;10089538309;S
20240411;095948;41.17;240;10089538310;B
20240411;095948;41.17;400;10089538311;B
20240411;095948;41.17;300;10089538312;B
20240411;095948;41.17;50;10089538313;B
20240411;095948;41.17;100;10089538314;B
20240411;095948;41.17;10;10089538315;B
20240411;095948;41.17;990;10089538316;B
20240411;095948;41.17;20;10089538317;B
20240411;095948;41.17;240;10089538318;B
20240411;095948;41.17;40;10089538319;B
20240411;095948;41.17;10;10089538320;B
20240411;095948;41.17;1000;10089538321;B
20240411;095948;41.17;400;10089538322;B
20240411;095948;41.17;50;10089538323;B
20240411;095948;41.17;30;10089538324;B
20240411;095948;41.17;620;10089538325;B
20240411;095948;41.17;1000;10089538326;B
20240411;095948;41.17;50;10089538327;B
20240411;095948;41.17;1530;10089538328;B
20240411;095948;41.17;120;10089538329;B
20240411;095948;41.17;360;10089538330;B
20240411;095948;41.17;10;10089538331;B
20240411;095948;41.17;10;10089538332;B
20240411;095948;41.17;1100;10089538333;B
20240411;095948;41.17;1200;10089538334;B
20240411;095948;41.17;80;10089538335;B
20240411;095948;41.17;10;10089538336;B
20240411;095948;41.17;10;10089538337;B
20240411;095948;41.17;10;10089538338;B
20240411;095948;41.17;1190;10089538339;B
20240411;095948;41.17;5000;10089538340;B
20240411;095948;41.17;100;10089538341;B
20240411;095948;41.17;1000;10089538342;B
20240411;095948;41.17;200;10089538343;B
20240411;095948;41.17;2500;10089538344;B
20240411;095948;41.17;150;10089538345;B
20240411;095948;41.17;30;10089538346;B
20240411;095948;41.17;500;10089538347;B
20240411;095948;41.17;10;10089538348;B
20240411;095948;41.17;220;10089538349;B
20240411;095948;41.17;200;10089538350;B
20240411;095948;41.17;600;10089538351;B
20240411;095948;41.17;2500;10089538352;B
20240411;095948;41.17;2000;10089538353;B
20240411;095948;41.17;100;10089538354;B
20240411;095948;41.17;150;10089538355;B
20240411;095948;41.17;400;10089538356;B
20240411;095948;41.17;200;10089538357;B
20240411;095948;41.17;200;10089538358;B
20240411;095948;41.17;200;10089538359;B
20240411;095948;41.17;20;10089538360;B
20240411;095948;41.17;200;10089538361;B
20240411;095948;41.17;15000;10089538362;B
20240411;095948;41.17;300;10089538363;B
20240411;095948;41.17;10;10089538364;B
20240411;095948;41.17;130;10089538365;B
20240411;095948;41.17;10;10089538366;B
20240411;095948;41.17;1000;10089538367;B
20240411;095948;41.17;500;10089538368;B
20240411;095948;41.17;30;10089538369;B
20240411;095948;41.17;10;10089538370;B
20240411;095948;41.17;500;10089538371;B
20240411;095948;41.17;300;10089538372;B
20240411;095948;41.17;220;10089538373;B
20240411;095948;41.17;10;10089538374;B
20240411;095948;41.17;200;10089538375;B
20240411;095948;41.17;3570;10089538376;B
20240411;095948;41.17;1000;10089538377;B
20240411;095948;41.17;10;10089538378;B
20240411;095948;41.17;30;10089538379;B
20240411;095948;41.17;500;10089538380;B
20240411;095948;41.17;280;10089538381;B
20240411;095948;41.17;100;10089538382;B
20240411;095948;41.17;50;10089538383;B
20240411;095948;41.17;20;10089538384;B
20240411;095948;41.17;30;10089538385;B
20240411;095948;41.17;70;10089538386;B
20240411;095948;41.17;1800;10089538387;B
20240411;095948;41.17;130;10089538388;B
20240411;095948;41.17;200;10089538389;B
20240411;095948;41.17;1150;10089538390;B
20240411;095948;41.17;50;10089538391;B
20240411;095948;41.17;10;10089538392;B
20240411;095948;41.17;770;10089538393;B
20240411;095948;41.17;2500;10089538394;B
20240411;095948;41.17;10;10089538395;B
20240411;095948;41.17;1000;10089538396;B
20240411;095948;41.17;1000;10089538397;B
20240411;095948;41.17;7000;10089538398;B
20240411;095948;41.17;4000;10089538399;B
20240411;095948;41.17;490;10089538400;B
20240411;095948;41.17;10;10089538401;B
20240411;095948;41.17;30;10089538402;B
20240411;095948;41.17;40;10089538403;B
20240411;095948;41.17;10;10089538404;B
20240411;095948;41.17;30;10089538405;B
20240411;095948;41.17;10;10089538406;B
20240411;095948;41.17;70;10089538407;B
20240411;095948;41.17;20;10089538408;B
20240411;095948;41.17;30;10089538409;B
20240411;095948;41.17;10;10089538410;B
20240411;095948;41.17;10;10089538411;B
20240411;095948;41.17;10;10089538412;B
20240411;095948;41.17;800;10089538413;B
20240411;095948;41.17;10;10089538414;B
20240411;095948;41.17;100;10089538415;B
20240411;095948;41.17;90;10089538416;B
20240411;095948;41.17;100;10089538417;B
20240411;095948;41.17;10;10089538418;B
20240411;095948;41.17;40;10089538419;B
20240411;095948;41.17;40;10089538420;B
20240411;095948;41.17;40;10089538421;B
20240411;095948;41.17;250;10089538422;B
20240411;095948;41.17;220;10089538423;B
20240411;095948;41.17;10;10089538424;B
20240411;095948;41.17;2000;10089538425;B
20240411;095948;41.17;100;10089538426;B
20240411;095948;41.17;500;10089538427;B
20240411;095948;41.17;10;10089538428;B
20240411;095948;41.17;500;10089538429;B
20240411;095948;41.17;250;10089538430;B
20240411;095948;41.17;70;10089538431;B
20240411;095948;41.17;10;10089538432;B
20240411;095948;41.17;10;10089538433;B
20240411;095948;41.17;70;10089538434;B
20240411;095948;41.17;100;10089538435;B
20240411;095948;41.17;270;10089538436;B
20240411;095948;41.17;100;10089538437;B
20240411;095948;41.17;400;10089538438;B
20240411;095948;41.17;10;10089538439;B
20240411;095948;41.17;110;10089538440;B
20240411;095948;41.17;500;10089538441;B
20240411;095948;41.17;500;10089538442;B
20240411;095948;41.17;10;10089538443;B
20240411;095948;41.17;500;10089538444;B
20240411;095948;41.17;1000;10089538445;B
20240411;095948;41.17;280;10089538446;B
20240411;095948;41.17;20;10089538447;B
20240411;095948;41.17;50;10089538448;B
20240411;095948;41.17;1000;10089538449;B
20240411;095948;41.17;10;10089538450;B
20240411;095948;41.17;30;10089538451;B
20240411;095948;41.17;10;10089538452;B
20240411;095948;41.17;110;10089538453;B
20240411;095948;41.17;10000;10089538454;B
20240411;095948;41.17;20;10089538455;B
20240411;095948;41.17;10;10089538456;B
20240411;095948;41.17;150;10089538457;B
20240411;095948;41.17;10;10089538458;B
20240411;095948;41.17;3520;10089538459;B
20240411;095948;41.17;1000;10089538460;B
20240411;095948;41.17;1870;10089538461;B
20240411;095948;41.17;250;10089538462;B
20240411;095948;41.17;20;10089538463;B
20240411;095948;41.17;20000;10089538464;B
20240411;095948;41.17;10;10089538465;B
20240411;095948;41.17;110;10089538466;B
20240411;095948;41.17;27740;10089538467;B
20240411;095948;41.17;200;10089538468;S
20240411;095948;41.17;1000;10089538469;S
20240411;095948;41.17;10;10089538470;S
20240411;095948;41.17;1050;10089538471;B
20240411;095948;41.17;20;10089538472;B
20240411;095948;41.17;10;10089538473;B
20240411;095948;41.17;3000;10089538474;B
20240411;095948;41.17;14710;10089538475;B
20240411;095948;41.17;30000;10089538476;B
20240411;095948;41.17;10;10089538477;B
20240411;095948;41.17;1000;10089538478;B
20240411;095948;41.17;10;10089538479;B
20240411;100000;41.175;30;10089542073;B
20240411;100000;41.175;1710;10089542074;B
20240411;100000;41.18;4580;10089542075;B
20240411;100000;41.18;20;10089542076;B
20240411;100000;41.185;2440;10089542077;B
20240411;100000;41.185;3170;10089542078;B
20240411;100000;41.185;3050;10089542079;B
20240411;100001;41.175;3660;10089542088;S
20240411;100001;41.175;3850;10089542089;S
20240411;100001;41.17;4620;10089542090;S
20240411;100001;41.185;7320;10089542132;B
20240411;100001;41.185;1710;10089542133;B
20240411;100001;41.185;3170;10089542134;B
20240411;100001;41.19;500;10089542135;B
20240411;100001;41.19;90;10089542136;B
20240411;100001;41.19;2210;10089542137;B
20240411;100001;41.175;1000;10089542288;S
20240411;100001;41.185;10;10089542300;B
20240411;100001;41.185;1560;10089542453;B
20240411;100001;41.175;50;10089542461;S
20240411;100001;41.175;4000;10089542464;S
20240411;100001;41.175;50;10089542722;S
20240411;100001;41.175;540;10089542739;S
20240411;100002;41.175;20;10089542868;S
20240411;100002;41.17;280;10089542869;S
20240411;100002;41.17;2400;10089543001;S
20240411;100002;41.175;50;10089543082;B
20240411;100002;41.175;550;10089543083;B
20240411;100002;41.175;500;10089543215;B
20240411;100002;41.17;10;10089543216;S
20240411;100002;41.175;790;10089543282;B
20240411;100002;41.175;920;10089543297;B
20240411;100002;41.18;100;10089543298;B
20240411;100002;41.18;780;10089543299;B
20240411;100002;41.17;30;10089543364;S
20240411;100002;41.175;370;10089543371;B
20240411;100002;41.175;1340;10089543385;B
20240411;100002;41.18;1200;10089543386;B
20240411;100002;41.18;250;10089543398;B
20240411;100002;41.175;30;10089543430;S
20240411;100002;41.175;60;10089543498;S
20240411;100003;41.175;1590;10089543600;S
20240411;100003;41.17;2410;10089543601;S
20240411;100003;41.18;50;10089543784;B
20240411;100003;41.17;4870;10089543836;S
20240411;100004;41.17;10;10089544118;S
20240411;100004;41.175;10;10089544400;B
20240411;100004;41.175;100;10089544549;B
20240411;100004;41.175;100;10089544550;B
20240411;100004;41.175;100;10089544551;B
20240411;100005;41.17;10;10089544752;S
20240411;100005;41.175;10;10089544760;B
20240411;100005;41.17;10;10089544761;S
20240411;100005;41.17;30;10089544762;S
20240411;100005;41.17;10;10089544763;S
20240411;100005;41.17;240;10089544991;S
20240411;100005;41.17;10;10089544992;S
20240411;100005;41.17;100;10089544993;S
20240411;100005;41.17;40;10089545249;B
20240411;100005;41.165;10;10089545250;S
20240411;100005;41.17;10;10089545251;B
20240411;100005;41.17;10;10089545252;B
20240411;100005;41.165;100;10089545254;S
20240411;100005;41.165;30;10089545255;S
20240411;100005;41.17;10;10089545259;B
20240411;100005;41.17;10;10089545261;B
20240411;100005;41.17;10;10089545263;B
20240411;100005;41.165;130;10089545265;S
20240411;100005;41.17;250;10089545294;B
20240411;100005;41.17;70;10089545456;B
20240411;100005;41.165;10;10089545513;S
20240411;100005;41.17;100;10089545515;B
20240411;100005;41.165;20;10089545519;S
20240411;100005;41.17;10;10089545531;B
20240411;100005;41.17;20;10089545533;B
20240411;100005;41.165;2000;10089545737;S
20240411;100005;41.165;100;10089545738;S
20240411;100005;41.165;1210;10089545739;S
20240411;100005;41.165;100;10089545889;S
20240411;100005;41.17;10;10089545894;B
20240411;100005;41.165;10;10089545897;S
20240411;100005;41.165;10;10089545899;S
20240411;100006;41.17;10;10089546187;B
20240411;100006;41.165;10;10089546190;S
20240411;100006;41.165;160;10089546192;S
20240411;100006;41.165;200;10089546193;S
20240411;100006;41.165;100;10089546194;S
20240411;100006;41.16;150;10089546195;S
20240411;100006;41.16;1870;10089546196;S
20240411;100006;41.16;10;10089546197;S
20240411;100006;41.17;10;10089546198;B
20240411;100006;41.17;10;10089546201;B
20240411;100006;41.17;10;10089546205;B
20240411;100006;41.16;10;10089546209;S
20240411;100006;41.16;10;10089546214;S
20240411;100006;41.16;20;10089546217;S
20240411;100006;41.16;30;10089546666;S
20240411;100006;41.165;10;10089546669;B
20240411;100006;41.165;10;10089546722;B
20240411;100006;41.16;10;10089546726;S
20240411;100006;41.16;10;10089546730;S
20240411;100006;41.165;10;10089546735;B
20240411;100006;41.16;190;10089546810;S
20240411;100006;41.16;30;10089546813;S
20240411;100006;41.16;10;10089546815;S
20240411;100006;41.165;80;10089546819;B
20240411;100006;41.16;10;10089546822;S
20240411;100006;41.16;20;10089546825;S
20240411;100006;41.165;20;10089547410;B
20240411;100006;41.16;10;10089547417;S
20240411;100006;41.16;10;10089547423;S
20240411;100006;41.16;30;10089547428;S
20240411;100007;41.16;20000;10089548163;S
20240411;100007;41.16;50;10089548440;S
20240411;100007;41.16;10;10089548448;S
20240411;100007;41.165;10;10089548457;B
20240411;100007;41.16;10;10089548477;S
20240411;100007;41.16;10;10089548482;S
20240411;100007;41.16;10;10089548485;S
20240411;100007;41.165;40;10089548489;B
20240411;100007;41.165;10;10089548493;B
20240411;100007;41.165;10;10089548503;B
20240411;100007;41.165;10;10089548512;B
20240411;100007;41.165;10;10089548519;B
20240411;100007;41.165;30;10089548530;B
20240411;100007;41.17;20;10089548531;B
20240411;100007;41.17;240;10089548533;B
20240411;100007;41.16;630;10089548566;S
20240411;100007;41.155;1210;10089548567;S
20240411;100007;41.15;100;10089548568;S
20240411;100007;41.15;10;10089548569;S
20240411;100007;41.15;200;10089548570;S
20240411;100007;41.15;10;10089548571;S
20240411;100007;41.15;3440;10089548572;S
20240411;100007;41.17;10;10089548578;B
20240411;100007;41.17;10;10089548597;B
20240411;100007;41.15;10;10089548608;S
20240411;100007;41.17;10;10089548614;B
20240411;100007;41.15;1260;10089548617;S
20240411;100007;41.15;30;10089548620;S
20240411;100007;41.15;10;10089548626;S
20240411;100007;41.15;20;10089548630;S
20240411;100007;41.15;30;10089548633;S
20240411;100007;41.17;10;10089548640;B
20240411;100007;41.17;10;10089548642;B
20240411;100007;41.17;10;10089548687;B
20240411;100007;41.15;220;10089548701;S
20240411;100007;41.17;10;10089548708;B
20240411;100007;41.17;10;10089548725;B
20240411;100007;41.17;10;10089548734;B
20240411;100007;41.17;10;10089548741;B
20240411;100007;41.15;30;10089548749;S
20240411;100007;41.17;230;10089548755;B
20240411;100007;41.17;10;10089548899;B
20240411;100007;41.17;10;10089548907;B
20240411;100007;41.15;10;10089548911;S
20240411;100007;41.165;1110;10089549105;B
20240411;100007;41.15;9940;10089549187;S
20240411;100007;41.15;50;10089549188;S
20240411;100007;41.15;30;10089549189;S
20240411;100007;41.14;200;10089549190;S
20240411;100007;41.14;50;10089549191;S
20240411;100007;41.14;1500;10089549192;S
20240411;100007;41.14;240;10089549193;S
20240411;100007;41.14;220;10089549194;S
20240411;100007;41.14;10;10089549195;S
20240411;100007;41.135;6300;10089549196;S
20240411;100007;41.155;10;10089549532;B
20240411;100007;41.135;130;10089549533;S
20240411;100007;41.155;10;10089549534;B
20240411;100007;41.135;130;10089549535;S
20240411;100007;41.135;30;10089549536;S
20240411;100007;41.135;30;10089549537;S
20240411;100007;41.155;10;10089549538;B
20240411;100008;41.135;10;10089549698;S
20240411;100008;41.155;10;10089549699;B
20240411;100008;41.155;30;10089549702;B
20240411;100008;41.155;10;10089549703;B
20240411;100008;41.135;40;10089549704;S
20240411;100008;41.155;10;10089549705;B
20240411;100008;41.135;10;10089549708;S
20240411;100008;41.155;10;10089549709;B
20240411;100008;41.155;10;10089549720;B
20240411;100008;41.135;2880;10089549921;S
20240411;100008;41.155;10;10089549923;B
20240411;100008;41.155;10;10089549924;B
20240411;100008;41.155;10;10089549925;B
20240411;100008;41.135;30;10089549926;S
20240411;100008;41.155;10;10089549934;B
20240411;100008;41.155;260;10089549936;B
20240411;100008;41.16;240;10089549937;B
20240411;100008;41.155;400;10089550000;B
20240411;100008;41.16;1470;10089550001;B
20240411;100008;41.16;3170;10089550002;B
20240411;100008;41.165;6210;10089550003;B
20240411;100008;41.165;6250;10089550004;B
20240411;100008;41.135;410;10089550163;S
20240411;100008;41.135;30;10089550164;S
20240411;100008;41.135;100;10089550165;S
20240411;100008;41.135;1860;10089550166;S
20240411;100008;41.125;400;10089550189;S
20240411;100008;41.125;7320;10089550190;S
20240411;100008;41.125;4450;10089550191;S
20240411;100008;41.14;420;10089550192;B
20240411;100008;41.145;290;10089550193;B
20240411;100008;41.165;3170;10089550194;B
20240411;100008;41.165;1120;10089550195;B
20240411;100009;41.16;260;10089550396;B
20240411;100009;41.125;50;10089550397;S
20240411;100009;41.16;120;10089550398;B
20240411;100009;41.165;180;10089550399;B
20240411;100009;41.165;10;10089550400;B
20240411;100009;41.125;60;10089550583;S
20240411;100009;41.135;10;10089550690;B
20240411;100009;41.135;10;10089550692;B
20240411;100009;41.135;10;10089550693;B
20240411;100009;41.135;30;10089550694;B
20240411;100009;41.135;10;10089550758;B
20240411;100009;41.125;320;10089550761;S
20240411;100009;41.12;1180;10089550762;S
20240411;100010;41.14;2340;10089551074;B
20240411;100010;41.12;10;10089551285;S
20240411;100011;41.12;500;10089551518;S
20240411;100011;41.12;10;10089551570;S
20240411;100011;41.12;1500;10089551588;S
20240411;100011;41.13;50;10089551597;B
20240411;100011;41.13;560;10089551598;B
20240411;100011;41.12;10;10089551610;S
20240411;100011;41.13;110;10089551726;B
20240411;100011;41.135;30;10089551796;B
20240411;100011;41.135;20;10089551913;B
20240411;100012;41.125;420;10089551977;B
20240411;100012;41.12;10;10089552001;S
20240411;100012;41.125;50;10089552130;B
20240411;100012;41.12;780;10089552236;S
20240411;100012;41.12;200;10089552237;S
20240411;100012;41.12;70;10089552238;S
20240411;100012;41.12;150;10089552239;S
20240411;100012;41.12;50;10089552240;S
20240411;100012;41.12;100;10089552241;S
20240411;100012;41.12;150;10089552242;S
20240411;100013;41.12;250;10089552390;S
20240411;100013;41.12;1650;10089552391;S
20240411;100013;41.12;50;10089552392;S
20240411;100013;41.115;10;10089552393;S
20240411;100013;41.125;2000;10089552487;B
20240411;100013;41.115;40;10089552534;S
20240411;100013;41.11;1460;10089552535;S
20240411;100014;41.11;1000;10089552584;S
20240411;100014;41.12;30;10089552640;B
20240411;100014;41.125;30;10089552641;B
20240411;100014;41.135;40;10089552642;B
20240411;100014;41.11;20;10089552833;S
20240411;100015;41.135;400;10089553082;B
20240411;100015;41.135;7320;10089553083;B
20240411;100015;41.135;3170;10089553084;B
20240411;100015;41.14;7660;10089553085;B
20240411;100015;41.14;10000;10089553086;B
20240411;100015;41.16;1500;10089553087;B
20240411;100015;41.165;300;10089553088;B
20240411;100015;41.17;2250;10089553089;B
20240411;100015;41.17;1710;10089553090;B
20240411;100015;41.17;8750;10089553091;B
20240411;100015;41.175;25000;10089553092;B
20240411;100015;41.185;2440;10089553093;B
20240411;100015;41.19;7790;10089553094;B
20240411;100015;41.19;21710;10089553095;B
20240411;100015;41.185;2440;10089553097;B
20240411;100015;41.185;30;10089553098;B
20240411;100015;41.19;17530;10089553099;B
20240411;100015;41.185;400;10089553122;B
20240411;100015;41.185;50;10089553177;B
20240411;100016;41.16;200;10089553302;S
20240411;100016;41.16;10;10089553428;S
20240411;100016;41.155;90;10089553429;S
20240411;100017;41.155;370;10089553552;S
20240411;100017;41.165;200;10089553589;B
20240411;100018;41.165;10;10089554062;B
20240411;100018;41.16;1000;10089554064;B
20240411;100018;41.155;500;10089554182;S
20240411;100019;41.165;490;10089554309;B
20240411;100019;41.165;5300;10089554421;B
20240411;100019;41.17;90;10089554422;B
20240411;100019;41.185;1710;10089554423;B
20240411;100019;41.185;3170;10089554424;B
20240411;100019;41.185;3470;10089554425;B
20240411;100019;41.19;9220;10089554426;B
20240411;100019;41.19;100;10089554427;B
20240411;100019;41.195;20;10089554428;B
20240411;100019;41.195;250;10089554429;B
20240411;100019;41.2;10;10089554430;B
20240411;100019;41.2;10;10089554431;B
20240411;100019;41.2;100;10089554432;B
20240411;100019;41.2;10;10089554433;B
20240411;100019;41.2;250;10089554434;B
20240411;100019;41.2;20;10089554435;B
20240411;100019;41.2;250;10089554436;B
20240411;100019;41.2;10;10089554437;B
20240411;100019;41.2;1000;10089554438;B
20240411;100019;41.2;10;10089554439;B
20240411;100019;41.2;120;10089554440;B
20240411;100019;41.205;20;10089554542;B
20240411;100019;41.21;20;10089554543;B
20240411;100020;41.2;500;10089554611;S
20240411;100020;41.2;1000;10089554612;S
20240411;100020;41.2;50;10089554613;S
20240411;100020;41.2;2500;10089554616;S
20240411;100020;41.21;80;10089554619;B
20240411;100020;41.21;10;10089554620;B
20240411;100020;41.21;10;10089554621;B
20240411;100020;41.21;10;10089554622;B
20240411;100020;41.21;370;10089554623;B
20240411;100020;41.215;30;10089554624;B
20240411;100020;41.215;40;10089554625;B
20240411;100020;41.215;2440;10089554626;B
20240411;100020;41.215;1030;10089554627;B
20240411;100020;41.2;330;10089554641;S
20240411;100020;41.215;1710;10089554662;B
20240411;100020;41.215;2440;10089554663;B
20240411;100020;41.22;10850;10089554664;B
20240411;100020;41.205;10;10089554667;S
20240411;100020;41.215;1400;10089554675;B
20240411;100020;41.21;10;10089554697;S
20240411;100020;41.21;260;10089554706;S
20240411;100020;41.21;100;10089554723;S
20240411;100020;41.21;10;10089554730;S
20240411;100020;41.22;1530;10089554737;B
20240411;100020;41.22;70;10089554738;B
20240411;100020;41.22;20;10089554739;B
20240411;100020;41.22;18380;10089554740;B
20240411;100020;41.215;50;10089554758;S
20240411;100020;41.22;100;10089554762;B
20240411;100020;41.215;180;10089554774;S
20240411;100020;41.215;70;10089554775;S
20240411;100020;41.215;1410;10089554788;S
20240411;100020;41.215;190;10089554789;S
20240411;100020;41.22;1000;10089554880;B
20240411;100021;41.22;200;10089554892;B
20240411;100021;41.22;450;10089554973;B
20240411;100021;41.22;10;10089554990;B
20240411;100021;41.22;40;10089555034;B
20240411;100021;41.22;2000;10089555036;B
20240411;100021;41.22;2820;10089555037;B
20240411;100021;41.23;50;10089555038;B
20240411;100021;41.23;20;10089555039;B
20240411;100021;41.23;100;10089555040;B
20240411;100021;41.23;50;10089555041;B
20240411;100021;41.23;1960;10089555042;B
20240411;100021;41.23;10;10089555044;B
20240411;100021;41.23;100;10089555081;B
20240411;100021;41.23;40;10089555141;B
20240411;100022;41.23;3690;10089555177;B
20240411;100022;41.23;10;10089555178;B
20240411;100022;41.23;400;10089555179;B
20240411;100022;41.235;160;10089555180;B
20240411;100022;41.235;890;10089555181;B
20240411;100022;41.24;2000;10089555182;B
20240411;100022;41.24;7850;10089555183;B
20240411;100022;41.235;10;10089555191;S
20240411;100022;41.24;4970;10089555198;B
20240411;100022;41.24;2000;10089555250;B
20240411;100022;41.24;100;10089555255;B
20240411;100022;41.24;10080;10089555261;B
20240411;100022;41.245;400;10089555262;B
20240411;100022;41.25;40;10089555263;B
20240411;100022;41.25;20;10089555264;B
20240411;100022;41.25;100;10089555265;B
20240411;100022;41.25;270;10089555266;B
20240411;100022;41.25;500;10089555267;B
20240411;100022;41.25;250;10089555268;B
20240411;100022;41.25;10;10089555269;B
20240411;100022;41.25;1000;10089555270;B
20240411;100022;41.25;5000;10089555271;B
20240411;100022;41.25;1200;10089555272;B
20240411;100022;41.25;10;10089555273;B
20240411;100022;41.255;10;10089555274;B
20240411;100022;41.26;30;10089555275;B
20240411;100022;41.26;10;10089555276;B
20240411;100022;41.26;10;10089555277;B
20240411;100022;41.265;2780;10089555278;B
20240411;100022;41.27;10;10089555279;B
20240411;100022;41.27;2430;10089555280;B
20240411;100022;41.27;50;10089555281;B
20240411;100022;41.27;1000;10089555282;B
20240411;100022;41.27;12790;10089555283;B
20240411;100022;41.25;100;10089555308;S
20240411;100022;41.25;10;10089555312;S
20240411;100022;41.25;50;10089555323;S
20240411;100022;41.265;700;10089555359;B
20240411;100022;41.27;11470;10089555360;B
20240411;100022;41.27;740;10089555370;B
20240411;100022;41.275;9260;10089555371;B
20240411;100023;41.275;6000;10089555526;B
20240411;100023;41.275;290;10089555545;B
20240411;100023;41.275;100;10089555553;B
20240411;100023;41.27;1710;10089555556;S
20240411;100023;41.27;7590;10089555557;S
20240411;100023;41.275;320;10089555561;B
20240411;100023;41.275;8400;10089555562;B
20240411;100023;41.28;1000;10089555563;B
20240411;100023;41.28;600;10089555564;B
20240411;100023;41.265;50;10089555574;S
20240411;100023;41.265;50;10089555575;S
20240411;100023;41.28;1840;10089555578;B
20240411;100023;41.285;800;10089555579;B
20240411;100023;41.285;400;10089555580;B
20240411;100023;41.285;800;10089555581;B
20240411;100023;41.285;1160;10089555582;B
20240411;100023;41.27;10;10089555604;S
20240411;100023;41.285;4870;10089555629;B
20240411;100023;41.285;100;10089555630;B
20240411;100023;41.285;2000;10089555631;B
20240411;100023;41.28;10;10089555644;S
20240411;100023;41.28;30;10089555645;S
20240411;100023;41.285;1870;10089555652;B
20240411;100023;41.285;1000;10089555653;B
20240411;100023;41.29;20;10089555654;B
20240411;100023;41.29;20;10089555655;B
20240411;100023;41.29;500;10089555656;B
20240411;100023;41.29;1400;10089555657;B
20240411;100023;41.29;4000;10089555658;B
20240411;100023;41.29;10;10089555659;B
20240411;100023;41.29;1180;10089555660;B
20240411;100023;41.28;280;10089555684;S
20240411;100023;41.29;10;10089555685;B
20240411;100023;41.29;200;10089555706;B
20240411;100023;41.29;7000;10089555767;B
20240411;100024;41.29;1820;10089555828;B
20240411;100024;41.29;10;10089555829;B
20240411;100024;41.29;130;10089555830;B
20240411;100024;41.29;440;10089555835;B
20240411;100024;41.285;30;10089555854;S
20240411;100024;41.29;100;10089555924;B
20240411;100024;41.29;400;10089555935;S
20240411;100024;41.285;20;10089555936;S
20240411;100024;41.285;1160;10089555937;S
20240411;100024;41.28;1390;10089555938;S
20240411;100024;41.28;50;10089555939;S
20240411;100024;41.28;500;10089555940;S
20240411;100024;41.28;3170;10089555941;S
20240411;100024;41.28;930;10089555942;S
20240411;100024;41.28;7320;10089555943;S
20240411;100024;41.275;50;10089555944;S
20240411;100024;41.275;10;10089555945;S
20240411;100024;41.275;10;10089555946;S
20240411;100024;41.28;20;10089555948;S
20240411;100024;41.3;10;10089555969;B
20240411;100024;41.3;700;10089555970;B
20240411;100024;41.3;10;10089555971;B
20240411;100024;41.3;130;10089555972;B
20240411;100024;41.3;100;10089555973;B
20240411;100024;41.3;80;10089555974;B
20240411;100024;41.3;50;10089555975;B
20240411;100024;41.3;50;10089555976;B
20240411;100024;41.3;70;10089555977;B
20240411;100024;41.3;10;10089555978;B
20240411;100024;41.3;50;10089555979;B
20240411;100024;41.3;1000;10089555980;B
20240411;100024;41.3;20;10089555981;B
20240411;100024;41.3;2440;10089555982;B
20240411;100024;41.305;3280;10089555983;B
20240411;100025;41.275;50;10089556081;S
20240411;100025;41.29;220;10089556085;B
20240411;100025;41.305;780;10089556086;B
20240411;100025;41.285;10;10089556131;B
20240411;100025;41.305;940;10089556132;B
20240411;100025;41.305;10;10089556133;B
20240411;100025;41.31;170;10089556134;B
20240411;100025;41.31;10;10089556135;B
20240411;100025;41.31;2860;10089556136;B
20240411;100025;41.31;4460;10089556151;B
20240411;100025;41.31;540;10089556152;B
20240411;100025;41.285;820;10089556153;S
20240411;100025;41.28;1680;10089556154;S
20240411;100025;41.3;1000;10089556176;B
20240411;100025;41.295;10;10089556236;B
20240411;100025;41.295;750;10089556270;B
20240411;100025;41.295;500;10089556282;B
20240411;100025;41.285;50;10089556299;S
20240411;100025;41.285;30;10089556300;S
20240411;100025;41.295;10;10089556315;B
20240411;100025;41.295;1200;10089556388;B
20240411;100026;41.29;10;10089556406;S
20240411;100026;41.29;10;10089556407;S
20240411;100026;41.29;10;10089556408;S
20240411;100026;41.29;30;10089556409;S
20240411;100026;41.285;60;10089556410;S
20240411;100026;41.295;500;10089556451;B
20240411;100026;41.295;1940;10089556452;B
20240411;100026;41.295;8060;10089556453;B
20240411;100026;41.29;10;10089556473;B
20240411;100026;41.295;1000;10089556494;B
20240411;100026;41.295;680;10089556500;B
20240411;100026;41.295;820;10089556501;B
20240411;100026;41.285;160;10089556502;S
20240411;100026;41.275;840;10089556503;S
20240411;100026;41.295;10;10089556541;B
20240411;100026;41.275;20;10089556561;S
20240411;100026;41.295;1000;10089556569;B
20240411;100026;41.295;400;10089556594;B
20240411;100026;41.3;800;10089556631;B
20240411;100026;41.3;200;10089556632;B
20240411;100026;41.3;820;10089556633;B
20240411;100026;41.3;500;10089556634;B
20240411;100026;41.3;2400;10089556635;B
20240411;100026;41.3;100;10089556636;B
20240411;100026;41.3;330;10089556637;B
20240411;100026;41.3;100;10089556638;B
20240411;100026;41.3;750;10089556639;B
20240411;100026;41.3;20;10089556640;B
20240411;100026;41.305;100;10089556641;B
20240411;100026;41.305;3940;10089556642;B
20240411;100026;41.31;370;10089556643;B
20240411;100026;41.305;2440;10089556650;B
20240411;100026;41.31;60;10089556651;B
20240411;100027;41.3;10;10089556686;B
20240411;100027;41.3;2690;10089556725;B
20240411;100027;41.305;1830;10089556726;B
20240411;100027;41.31;4570;10089556727;B
20240411;100027;41.31;10;10089556728;B
20240411;100027;41.31;40;10089556729;B
20240411;100027;41.31;1710;10089556730;B
20240411;100027;41.315;1310;10089556731;B
20240411;100027;41.315;5000;10089556732;B
20240411;100027;41.315;180;10089556733;B
20240411;100027;41.315;10;10089556734;B
20240411;100027;41.315;100;10089556735;B
20240411;100027;41.32;250;10089556736;B
20240411;100027;41.32;1000;10089556737;B
20240411;100027;41.32;40;10089556738;B
20240411;100027;41.32;300;10089556739;B
20240411;100027;41.32;5000;10089556740;B
20240411;100027;41.32;130;10089556741;B
20240411;100027;41.32;970;10089556742;B
20240411;100027;41.32;10;10089556743;B
20240411;100027;41.32;10;10089556744;B
20240411;100027;41.32;240;10089556745;B
20240411;100027;41.32;30;10089556781;S
20240411;100027;41.32;100;10089556785;S
20240411;100027;41.325;10;10089556866;B
20240411;100027;41.325;10;10089556867;B
20240411;100027;41.325;100;10089556868;B
20240411;100027;41.325;10;10089556869;B
20240411;100027;41.325;10;10089556870;B
20240411;100027;41.33;100;10089556871;B
20240411;100027;41.33;10;10089556872;B
20240411;100027;41.33;1000;10089556873;B
20240411;100027;41.33;80;10089556874;B
20240411;100027;41.33;10;10089556875;B
20240411;100027;41.335;50;10089556876;B
20240411;100027;41.335;10;10089556877;B
20240411;100027;41.34;10;10089556878;B
20240411;100027;41.34;30;10089556879;B
20240411;100027;41.34;960;10089556880;B
20240411;100027;41.34;1040;10089556904;B
20240411;100027;41.34;10;10089556905;B
20240411;100027;41.345;5000;10089557002;B
20240411;100027;41.34;50;10089557040;S
20240411;100028;41.345;1560;10089557050;B
20240411;100028;41.34;10;10089557077;S
20240411;100028;41.34;110;10089557078;S
20240411;100028;41.34;10;10089557079;S
20240411;100028;41.345;200;10089557081;B
20240411;100028;41.34;120;10089557082;S
20240411;100028;41.34;10;10089557092;S
20240411;100028;41.34;10000;10089557098;S
20240411;100028;41.345;3240;10089557107;B
20240411;100028;41.345;10;10089557108;B
20240411;100028;41.345;1710;10089557109;B
20240411;100028;41.35;10;10089557110;B
20240411;100028;41.35;10;10089557111;B
20240411;100028;41.35;10;10089557112;B
20240411;100028;41.35;100;10089557113;B
20240411;100028;41.35;2410;10089557114;B
20240411;100028;41.34;200;10089557115;S
20240411;100028;41.345;1190;10089557119;B
20240411;100028;41.34;1500;10089557130;S
20240411;100028;41.345;10;10089557164;B
20240411;100028;41.35;10;10089557168;B
20240411;100028;41.35;100;10089557185;B
20240411;100028;41.345;90;10089557193;S
20240411;100028;41.345;150;10089557198;B
20240411;100028;41.34;10;10089557241;S
20240411;100028;41.34;4150;10089557277;S
20240411;100028;41.34;10;10089557288;S
20240411;100028;41.345;50;10089557316;B
20240411;100029;41.345;30;10089557379;B
20240411;100029;41.34;10;10089557380;S
20240411;100029;41.345;18220;10089557469;B
20240411;100029;41.345;2430;10089557540;B
20240411;100029;41.345;500;10089557594;B
20240411;100030;41.345;200;10089557642;B
20240411;100030;41.345;2500;10089557671;B
20240411;100030;41.34;90;10089557703;S
20240411;100030;41.345;270;10089557731;B
20240411;100030;41.345;10;10089557732;B
20240411;100030;41.345;10;10089557733;B
20240411;100030;41.345;10;10089557734;B
20240411;100030;41.35;2480;10089557735;B
20240411;100030;41.35;10;10089557736;B
20240411;100030;41.35;10;10089557737;B
20240411;100030;41.35;11030;10089557738;B
20240411;100030;41.35;200;10089557822;B
20240411;100030;41.35;100;10089557869;B
20240411;100030;41.35;2410;10089557875;B
20240411;100030;41.345;10;10089557907;S
20240411;100030;41.34;2670;10089557941;S
20240411;100030;41.34;250;10089557942;S
20240411;100030;41.34;220;10089557943;S
20240411;100030;41.34;10;10089557944;S
20240411;100030;41.34;100;10089557945;S
20240411;100030;41.34;10;10089557946;S
20240411;100030;41.34;10;10089557947;S
20240411;100030;41.34;10;10089557948;S
20240411;100030;41.34;10;10089557949;S
20240411;100030;41.335;1000;10089557950;S
20240411;100030;41.335;930;10089557951;S
20240411;100030;41.33;10000;10089557952;S
20240411;100030;41.33;2000;10089557953;S
20240411;100030;41.33;300;10089557954;S
20240411;100030;41.325;1000;10089557955;S
20240411;100030;41.32;24470;10089557956;S
20240411;100030;41.32;840;10089557957;S
20240411;100030;41.32;1230;10089557958;S
20240411;100030;41.315;1200;10089557959;S
20240411;100030;41.315;8700;10089557960;S
20240411;100030;41.31;100;10089557961;S
20240411;100030;41.3;3000;10089557962;S
20240411;100030;41.3;240;10089557963;S
20240411;100030;41.295;100;10089557964;S
20240411;100030;41.295;300;10089557965;S
20240411;100030;41.29;500;10089557966;S
20240411;100030;41.29;1000;10089557967;S
20240411;100030;41.275;1090;10089557968;S
20240411;100030;41.26;1710;10089557969;S
20240411;100030;41.26;7320;10089557970;S
20240411;100030;41.26;8250;10089557971;B
20240411;100030;41.26;14290;10089557972;B
20240411;100030;41.26;7140;10089557973;B
20240411;100030;41.295;930;10089558085;B
20240411;100030;41.315;1070;10089558086;B
20240411;100031;41.325;840;10089558130;B
20240411;100031;41.325;160;10089558131;B
20240411;100031;41.285;10;10089558134;S
20240411;100031;41.285;930;10089558135;S
20240411;100031;41.28;70;10089558136;S
20240411;100031;41.325;140;10089558187;B
20240411;100031;41.325;10;10089558188;B
20240411;100031;41.33;7320;10089558189;B
20240411;100031;41.33;8700;10089558190;B
20240411;100031;41.335;3490;10089558191;B
20240411;100031;41.34;340;10089558192;B
20240411;100031;41.3;950;10089558303;S
20240411;100031;41.3;2550;10089558304;S
20240411;100031;41.295;8000;10089558339;S
20240411;100031;41.315;30;10089558378;B
20240411;100031;41.315;30;10089558379;B
20240411;100031;41.32;10;10089558380;B
20240411;100031;41.33;970;10089558381;B
20240411;100031;41.335;790;10089558382;B
20240411;100032;41.305;10;10089558545;B
20240411;100032;41.31;190;10089558546;B
20240411;100032;41.295;960;10089558565;S
20240411;100032;41.29;4040;10089558566;S
20240411;100032;41.305;500;10089558616;B
20240411;100032;41.305;230;10089558685;B
20240411;100032;41.3;10;10089558797;B
20240411;100032;41.305;190;10089558798;B
20240411;100032;41.3;10;10089558816;B
20240411;100032;41.305;50;10089558817;B
20240411;100032;41.31;390;10089558818;B
20240411;100032;41.31;10;10089558819;B
20240411;100032;41.31;5000;10089558820;B
20240411;100032;41.31;30;10089558821;B
20240411;100032;41.325;160;10089558833;S
20240411;100032;41.325;500;10089558846;S
20240411;100033;41.34;600;10089559012;S
20240411;100034;41.335;500;10089559258;B
20240411;100034;41.33;10;10089559417;S
20240411;100034;41.33;10;10089559418;S
20240411;100034;41.33;10;10089559419;S
20240411;100034;41.325;650;10089559426;S
20240411;100034;41.325;770;10089559427;S
20240411;100034;41.33;690;10089559566;B
20240411;100034;41.33;30;10089559590;B
20240411;100034;41.33;7980;10089559645;B
20240411;100034;41.33;1320;10089559646;B
20240411;100034;41.33;400;10089559647;B
20240411;100034;41.335;8380;10089559648;B
20240411;100035;41.325;20;10089559722;S
20240411;100035;41.325;1000;10089559984;S
20240411;100035;41.325;1200;10089560087;S
20240411;100036;41.325;10;10089560469;S
20240411;100036;41.325;10;10089560480;S
20240411;100036;41.325;1300;10089560489;S
20240411;100037;41.33;10;10089560693;B
20240411;100037;41.33;90;10089560694;B
20240411;100037;41.325;1000;10089560746;S
20240411;100037;41.33;910;10089560818;B
20240411;100037;41.33;5240;10089560819;B
20240411;100037;41.325;460;10089560834;S
20240411;100037;41.325;360;10089560835;S
20240411;100037;41.325;4180;10089560836;S
20240411;100038;41.325;15820;10089560971;S
20240411;100038;41.325;10;10089560972;S
20240411;100038;41.325;40;10089560973;S
20240411;100038;41.315;10;10089560974;S
20240411;100038;41.315;2000;10089561042;B
20240411;100038;41.315;100;10089561052;B
20240411;100039;41.31;10;10089561127;S
20240411;100039;41.305;4990;10089561128;S
20240411;100039;41.305;1010;10089561242;S
20240411;100039;41.305;10;10089561243;S
20240411;100039;41.3;860;10089561244;S
20240411;100039;41.3;3640;10089561347;S
20240411;100039;41.29;10;10089561348;S
20240411;100039;41.29;960;10089561349;S
20240411;100039;41.285;300;10089561350;S
20240411;100039;41.28;2310;10089561369;S
20240411;100040;41.28;100;10089561388;S
20240411;100040;41.28;30;10089561486;S
20240411;100040;41.28;560;10089561487;S
20240411;100040;41.27;30;10089561488;S
20240411;100040;41.26;4410;10089561489;S
20240411;100040;41.285;90;10089561493;B
20240411;100040;41.285;50;10089561494;B
20240411;100040;41.285;10;10089561495;B
20240411;100040;41.285;10;10089561496;B
20240411;100040;41.285;930;10089561497;B
20240411;100040;41.285;970;10089561498;B
20240411;100040;41.285;10;10089561499;B
20240411;100040;41.29;3170;10089561500;B
20240411;100040;41.29;4410;10089561501;B
20240411;100040;41.295;20000;10089561502;B
20240411;100040;41.3;860;10089561503;B
20240411;100040;41.305;10;10089561504;B
20240411;100040;41.305;250;10089561505;B
20240411;100040;41.305;10;10089561506;B
20240411;100040;41.305;200;10089561507;B
20240411;100040;41.31;10;10089561508;B
20240411;100040;41.31;10;10089561509;B
20240411;100040;41.31;580;10089561510;B
20240411;100040;41.31;10;10089561511;B
20240411;100040;41.31;500;10089561512;B
20240411;100040;41.31;80;10089561513;B
20240411;100040;41.31;8720;10089561514;B
20240411;100040;41.315;9110;10089561515;B
20240411;100040;41.28;10;10089561559;S
20240411;100040;41.295;890;10089561561;B
20240411;100040;41.3;2000;10089561562;B
20240411;100040;41.305;2000;10089561563;B
20240411;100040;41.305;10;10089561564;B
20240411;100040;41.31;3170;10089561565;B
20240411;100040;41.315;16430;10089561566;B
20240411;100040;41.315;100;10089561567;B
20240411;100040;41.325;400;10089561568;B
20240411;100040;41.29;8710;10089561573;S
20240411;100040;41.285;40;10089561604;B
20240411;100040;41.27;10;10089561611;S
20240411;100040;41.26;990;10089561612;S
20240411;100040;41.275;2380;10089561617;B
20240411;100041;41.26;50;10089561686;S
20240411;100041;41.255;150;10089561687;S
20240411;100041;41.255;4800;10089561688;S
20240411;100041;41.275;60;10089561742;B
20240411;100041;41.27;40;10089561861;B
20240411;100041;41.28;960;10089561862;B
20240411;100042;41.255;100;10089562091;S
20240411;100042;41.26;10;10089562170;B
20240411;100042;41.26;10;10089562171;B
20240411;100042;41.265;80;10089562172;B
20240411;100042;41.265;1000;10089562173;B
20240411;100042;41.27;110;10089562174;B
20240411;100042;41.27;120;10089562189;B
20240411;100042;41.27;270;10089562200;B
20240411;100042;41.275;10;10089562201;B
20240411;100042;41.28;30;10089562202;B
20240411;100042;41.285;4800;10089562203;B
20240411;100042;41.285;3170;10089562204;B
20240411;100042;41.285;100;10089562205;B
20240411;100042;41.285;1620;10089562206;B
20240411;100042;41.28;150;10089562278;B
20240411;100042;41.28;50;10089562279;B
20240411;100042;41.28;30;10089562280;B
20240411;100043;41.285;660;10089562346;B
20240411;100043;41.29;29340;10089562347;B
20240411;100043;41.26;10;10089562370;S
20240411;100043;41.26;10;10089562371;S
20240411;100043;41.255;930;10089562372;S
20240411;100043;41.255;10;10089562373;S
20240411;100043;41.255;4740;10089562374;S
20240411;100043;41.265;10;10089562428;S
20240411;100043;41.26;10;10089562429;S
20240411;100043;41.255;480;10089562430;S
20240411;100043;41.275;10;10089562468;B
20240411;100043;41.285;930;10089562469;B
20240411;100043;41.285;350;10089562470;B
20240411;100043;41.285;5220;10089562471;B
20240411;100043;41.29;61950;10089562472;B
20240411;100043;41.305;1120;10089562490;S
20240411;100043;41.3;1280;10089562491;S
20240411;100044;41.315;20;10089562604;B
20240411;100044;41.315;280;10089562676;B
20240411;100044;41.32;1120;10089562677;B
20240411;100044;41.325;3600;10089562678;B
20240411;100044;41.32;10;10089562733;S
20240411;100044;41.32;5000;10089562743;S
20240411;100044;41.315;400;10089562751;S
20240411;100044;41.325;10;10089562792;B
20240411;100044;41.325;50;10089562915;B
20240411;100044;41.325;10;10089562916;B
20240411;100044;41.325;10;10089562917;B
20240411;100044;41.33;5000;10089562918;B
20240411;100044;41.33;200;10089562919;B
20240411;100044;41.33;200;10089562920;B
20240411;100044;41.33;2050;10089562921;B
20240411;100044;41.335;10;10089562922;B
20240411;100044;41.335;10;10089562923;B
20240411;100044;41.34;30;10089562924;B
20240411;100044;41.34;10;10089562925;B
20240411;100044;41.345;50;10089562926;B
20240411;100044;41.345;10;10089562927;B
20240411;100045;41.345;230;10089562983;S
20240411;100045;41.345;2130;10089563014;S
20240411;100045;41.345;400;10089563015;S
20240411;100045;41.34;2000;10089563016;S
20240411;100045;41.34;470;10089563017;S
20240411;100045;41.335;250;10089563075;S
20240411;100045;41.34;10;10089563088;S
20240411;100045;41.335;990;10089563089;S
20240411;100045;41.335;5000;10089563101;S
20240411;100045;41.35;1260;10089563105;B
20240411;100045;41.35;500;10089563106;B
20240411;100045;41.35;20;10089563107;B
20240411;100045;41.35;3000;10089563108;B
20240411;100045;41.35;100;10089563109;B
20240411;100045;41.35;120;10089563110;B
20240411;100045;41.345;10;10089563143;B
20240411;100045;41.35;880;10089563144;B
20240411;100045;41.35;20;10089563145;B
20240411;100045;41.35;2000;10089563146;B
20240411;100045;41.355;10;10089563147;B
20240411;100045;41.355;10;10089563148;B
20240411;100045;41.355;30;10089563149;B
20240411;100045;41.355;2500;10089563150;B
20240411;100045;41.36;250;10089563151;B
20240411;100045;41.36;10;10089563152;B
20240411;100045;41.36;10;10089563153;B
20240411;100045;41.36;170;10089563154;B
20240411;100045;41.36;10;10089563155;B
20240411;100045;41.365;10;10089563156;B
20240411;100045;41.365;10;10089563179;S
20240411;100045;41.37;10;10089563184;B
20240411;100045;41.37;10;10089563203;B
20240411;100045;41.37;1900;10089563204;B
20240411;100045;41.37;1200;10089563205;B
20240411;100045;41.37;10;10089563206;B
20240411;100045;41.37;10;10089563207;B
20240411;100045;41.37;220;10089563208;B
20240411;100045;41.375;10;10089563209;B
20240411;100045;41.375;10;10089563210;B
20240411;100045;41.38;10;10089563211;B
20240411;100045;41.38;10;10089563212;B
20240411;100045;41.38;10;10089563213;B
20240411;100045;41.385;210;10089563214;B
20240411;100045;41.385;10;10089563215;B
20240411;100045;41.385;10;10089563216;B
20240411;100045;41.385;20;10089563217;B
20240411;100045;41.39;500;10089563218;B
20240411;100045;41.39;50;10089563219;B
20240411;100045;41.39;100;10089563220;B
20240411;100045;41.39;50;10089563221;B
20240411;100045;41.39;120;10089563222;B
20240411;100045;41.39;10;10089563223;B
20240411;100045;41.39;4000;10089563224;B
20240411;100045;41.39;10;10089563225;B
20240411;100045;41.39;30;10089563226;B
20240411;100045;41.39;1000;10089563227;B
20240411;100045;41.395;30;10089563228;B
20240411;100045;41.395;10;10089563229;B
20240411;100045;41.395;450;10089563230;B
20240411;100045;41.395;20;10089563231;B
20240411;100045;41.395;10;10089563232;B
20240411;100045;41.395;930;10089563233;B
20240411;100045;41.395;8700;10089563234;B
20240411;100045;41.4;250;10089563235;B
20240411;100045;41.4;10;10089563236;B
20240411;100045;41.4;1000;10089563237;B
20240411;100045;41.4;100;10089563238;B
20240411;100045;41.4;10;10089563239;B
20240411;100045;41.4;400;10089563240;B
20240411;100045;41.4;100;10089563241;B
20240411;100045;41.4;10;10089563242;B
20240411;100045;41.4;100;10089563243;B
20240411;100045;41.4;10;10089563244;B
20240411;100045;41.4;100;10089563245;B
20240411;100045;41.4;10000;10089563246;B
20240411;100045;41.4;60;10089563247;B
20240411;100045;41.4;100;10089563248;B
20240411;100045;41.4;10;10089563249;B
20240411;100045;41.4;10;10089563250;B
20240411;100045;41.4;50;10089563251;B
20240411;100045;41.4;2500;10089563252;B
20240411;100045;41.4;30;10089563253;B
20240411;100045;41.4;50;10089563254;B
20240411;100045;41.4;50;10089563255;B
20240411;100045;41.4;10;10089563256;B
20240411;100045;41.4;600;10089563257;B
20240411;100045;41.4;10;10089563258;B
20240411;100045;41.405;4760;10089563259;B
20240411;100045;41.37;10;10089563260;S
20240411;100045;41.405;240;10089563266;B
20240411;100045;41.405;10;10089563267;B
20240411;100045;41.41;100;10089563268;B
20240411;100045;41.41;20;10089563269;B
20240411;100045;41.41;10;10089563270;B
20240411;100045;41.41;10;10089563271;B
20240411;100045;41.41;10;10089563272;B
20240411;100045;41.415;10;10089563273;B
20240411;100045;41.415;10;10089563274;B
20240411;100045;41.42;10;10089563275;B
20240411;100045;41.42;1570;10089563276;B
20240411;100045;41.375;5500;10089563277;S
20240411;100045;41.37;1140;10089563278;S
20240411;100045;41.37;3360;10089563279;S
20240411;100045;41.42;150;10089563280;B
20240411;100046;41.415;3360;10089563305;B
20240411;100046;41.42;280;10089563306;B
20240411;100046;41.42;10;10089563307;B
20240411;100046;41.42;380;10089563308;B
20240411;100046;41.42;1000;10089563309;B
20240411;100046;41.42;10;10089563310;B
20240411;100046;41.42;1140;10089563311;B
20240411;100046;41.425;10;10089563312;B
20240411;100046;41.425;500;10089563313;B
20240411;100046;41.425;10;10089563314;B
20240411;100046;41.425;10;10089563315;B
20240411;100046;41.425;3290;10089563316;B
20240411;100046;41.4;5000;10089563360;S
20240411;100046;41.395;1160;10089563361;S
20240411;100046;41.385;7320;10089563362;S
20240411;100046;41.38;8700;10089563363;S
20240411;100046;41.375;930;10089563364;S
20240411;100046;41.375;1200;10089563365;S
20240411;100046;41.37;580;10089563366;S
20240411;100046;41.365;14060;10089563367;S
20240411;100046;41.355;1000;10089563368;S
20240411;100046;41.345;10;10089563369;S
20240411;100046;41.345;250;10089563370;S
20240411;100046;41.345;250;10089563371;S
20240411;100046;41.34;100;10089563372;S
20240411;100046;41.34;10;10089563373;S
20240411;100046;41.34;50;10089563374;S
20240411;100046;41.34;300;10089563375;S
20240411;100046;41.335;100;10089563376;S
20240411;100046;41.33;250;10089563377;S
20240411;100046;41.325;9500;10089563378;S
20240411;100046;41.325;33170;10089563379;B
20240411;100046;41.325;750;10089563380;B
20240411;100046;41.325;620;10089563381;B
20240411;100046;41.325;3000;10089563382;B
20240411;100046;41.325;1440;10089563391;B
20240411;100046;41.325;50000;10089563392;B
20240411;100046;41.32;500;10089563393;S
20240411;100046;41.325;800;10089563394;B
20240411;100046;41.325;10;10089563399;B
20240411;100046;41.325;1000;10089563404;B
20240411;100046;41.32;50;10089563412;S
20240411;100046;41.325;250;10089563413;B
20240411;100046;41.325;10;10089563418;B
20240411;100046;41.325;500;10089563419;B
20240411;100046;41.325;7680;10089563436;B
20240411;100046;41.34;1160;10089563437;B
20240411;100046;41.34;100;10089563438;B
20240411;100046;41.34;10;10089563439;B
20240411;100046;41.35;40;10089563440;B
20240411;100046;41.36;400;10089563441;B
20240411;100046;41.36;10;10089563442;B
20240411;100046;41.36;700;10089563443;B
20240411;100046;41.365;10;10089563444;B
20240411;100046;41.365;30;10089563445;B
20240411;100046;41.37;1000;10089563446;B
20240411;100046;41.38;500;10089563447;B
20240411;100046;41.39;7320;10089563448;B
20240411;100046;41.39;6040;10089563449;B
20240411;100046;41.365;250;10089563481;B
20240411;100046;41.39;200;10089563571;B
20240411;100046;41.395;50;10089563572;B
20240411;100046;41.4;120;10089563573;B
20240411;100046;41.4;10;10089563574;B
20240411;100046;41.4;100;10089563575;B
20240411;100046;41.4;500;10089563576;B
20240411;100046;41.4;10;10089563577;B
20240411;100046;41.4;100;10089563578;B
20240411;100046;41.4;20;10089563579;B
20240411;100046;41.4;10;10089563580;B
20240411;100046;41.4;10;10089563581;B
20240411;100046;41.4;5000;10089563582;B
20240411;100046;41.4;30;10089563583;B
20240411;100046;41.4;60;10089563584;B
20240411;100046;41.4;400;10089563585;B
20240411;100046;41.4;400;10089563586;B
20240411;100046;41.405;2500;10089563587;B
20240411;100046;41.405;30;10089563588;B
20240411;100046;41.405;8700;10089563589;B
20240411;100046;41.41;1200;10089563590;B
20240411;100046;41.41;550;10089563591;S
20240411;100046;41.37;10;10089563594;S
20240411;100046;41.39;190;10089563607;S
20240411;100046;41.39;310;10089563615;B
20240411;100046;41.4;20;10089563616;B
20240411;100046;41.415;170;10089563617;B
20240411;100047;41.37;1200;10089563630;S
20240411;100047;41.365;1100;10089563631;S
20240411;100047;41.365;200;10089563633;S
20240411;100047;41.36;360;10089563667;S
20240411;100047;41.375;50;10089563676;B
20240411;100047;41.375;10;10089563685;B
20240411;100047;41.385;10;10089563686;B
20240411;100047;41.385;80;10089563687;B
20240411;100047;41.36;250;10089563689;S
20240411;100047;41.36;350;10089563690;S
20240411;100047;41.38;20;10089563698;B
20240411;100047;41.385;280;10089563699;B
20240411;100047;41.355;8700;10089563702;S
20240411;100047;41.35;250;10089563703;S
20240411;100047;41.34;1200;10089563704;S
20240411;100047;41.335;300;10089563705;S
20240411;100047;41.335;7130;10089563706;S
20240411;100047;41.33;7000;10089563707;S
20240411;100047;41.325;1200;10089563708;S
20240411;100047;41.325;2500;10089563732;B
20240411;100047;41.325;250;10089563745;B
20240411;100047;41.325;500;10089563774;B
20240411;100047;41.325;2000;10089563785;B
20240411;100047;41.325;27770;10089563801;B
20240411;100047;41.325;320;10089563802;B
20240411;100047;41.325;100;10089563803;B
20240411;100047;41.325;630;10089563804;B
20240411;100047;41.325;20;10089563811;B
20240411;100047;41.325;20;10089563812;B
20240411;100047;41.325;50;10089563813;B
20240411;100047;41.325;2060;10089563819;B
20240411;100047;41.34;1210;10089563820;B
20240411;100047;41.345;1200;10089563821;B
20240411;100047;41.35;10;10089563822;B
20240411;100047;41.36;7320;10089563823;B
20240411;100047;41.365;7500;10089563824;B
20240411;100047;41.37;10;10089563825;B
20240411;100047;41.37;100;10089563826;B
20240411;100047;41.375;300;10089563827;B
20240411;100047;41.38;10;10089563828;B
20240411;100047;41.385;8710;10089563829;B
20240411;100047;41.39;4870;10089563830;B
20240411;100047;41.39;16700;10089563831;B
20240411;100047;41.36;10;10089563864;S
20240411;100048;41.38;10;10089563891;B
20240411;100048;41.38;10;10089563892;B
20240411;100048;41.385;1200;10089563893;B
20240411;100048;41.385;10;10089563894;B
20240411;100048;41.39;3300;10089563895;B
20240411;100048;41.395;100;10089563896;B
20240411;100048;41.4;10;10089563897;B
20240411;100048;41.4;350;10089563898;B
20240411;100048;41.4;80;10089563899;B
20240411;100048;41.4;10;10089563900;B
20240411;100048;41.4;140;10089563901;B
20240411;100048;41.4;20;10089563902;B
20240411;100048;41.4;300;10089563903;B
20240411;100048;41.405;10;10089563904;B
20240411;100048;41.41;100;10089563905;B
20240411;100048;41.41;10;10089563906;B
20240411;100048;41.41;50;10089563907;B
20240411;100048;41.415;1830;10089563908;B
20240411;100048;41.42;540;10089563909;B
20240411;100048;41.42;200;10089563910;B
20240411;100048;41.42;1720;10089563911;B
20240411;100048;41.38;1200;10089563986;S
20240411;100048;41.37;3800;10089563987;S
20240411;100048;41.41;440;10089564070;B
20240411;100048;41.415;10;10089564071;B
20240411;100048;41.415;120;10089564072;B
20240411;100048;41.415;240;10089564081;B
20240411;100048;41.415;2400;10089564094;B
20240411;100049;41.41;20;10089564170;B
20240411;100049;41.415;980;10089564171;B
20240411;100049;41.39;400;10089564222;S
20240411;100049;41.39;1000;10089564267;S
20240411;100049;41.4;10;10089564327;S
20240411;100049;41.395;10;10089564328;S
20240411;100049;41.39;600;10089564329;S
20240411;100049;41.39;20;10089564330;S
20240411;100049;41.385;70;10089564331;S
20240411;100049;41.375;1200;10089564332;S
20240411;100049;41.375;90;10089564333;S
20240411;100049;41.405;40;10089564339;B
20240411;100049;41.41;90;10089564340;B
20240411;100049;41.415;8690;10089564341;B
20240411;100049;41.42;1200;10089564342;B
20240411;100049;41.425;100;10089564343;B
20240411;100049;41.425;10;10089564344;B
20240411;100049;41.43;10;10089564345;B
20240411;100049;41.43;2300;10089564346;B
20240411;100049;41.43;10;10089564347;B
20240411;100049;41.43;10;10089564348;B
20240411;100049;41.43;1000;10089564349;B
20240411;100049;41.435;4800;10089564350;B
20240411;100049;41.435;10;10089564351;B
20240411;100049;41.44;250;10089564352;B
20240411;100049;41.44;140;10089564353;B
20240411;100049;41.44;10;10089564354;B
20240411;100049;41.44;10;10089564355;B
20240411;100049;41.44;9800;10089564356;B
20240411;100049;41.445;10;10089564357;B
20240411;100049;41.45;10;10089564358;B
20240411;100049;41.45;410;10089564359;B
20240411;100049;41.45;100;10089564360;B
20240411;100049;41.45;990;10089564361;B
20240411;100049;41.445;10;10089564370;B
20240411;100049;41.4;2000;10089564384;S
20240411;100050;41.415;20;10089564443;S
20240411;100050;41.435;50;10089564476;B
20240411;100050;41.415;30;10089564477;S
20240411;100050;41.41;70;10089564501;S
20240411;100050;41.385;130;10089564502;S
20240411;100050;41.39;100;10089564507;B
20240411;100050;41.39;1200;10089564511;S
20240411;100050;41.39;100;10089564535;B
20240411;100050;41.39;400;10089564570;B
20240411;100050;41.38;20;10089564572;S
20240411;100050;41.41;1220;10089564575;B
20240411;100050;41.415;10;10089564576;B
20240411;100050;41.415;6230;10089564577;B
20240411;100050;41.385;1080;10089564585;S
20240411;100050;41.42;250;10089564586;S
20240411;100050;41.385;4240;10089564593;S
20240411;100050;41.38;1180;10089564594;S
20240411;100050;41.375;250;10089564595;S
20240411;100050;41.375;7320;10089564596;S
20240411;100050;41.37;170;10089564597;S
20240411;100050;41.37;8690;10089564598;S
20240411;100050;41.365;3000;10089564599;S
20240411;100050;41.36;1200;10089564600;S
20240411;100050;41.355;20;10089564601;S
20240411;100050;41.35;100;10089564602;S
20240411;100050;41.35;250;10089564603;S
20240411;100050;41.34;3170;10089564604;S
20240411;100050;41.335;100;10089564605;S
20240411;100050;41.335;310;10089564606;S
20240411;100050;41.395;30;10089564622;B
20240411;100050;41.39;10;10089564634;B
20240411;100050;41.395;240;10089564635;B
20240411;100051;41.39;250;10089564726;B
20240411;100051;41.385;1500;10089564769;B
20240411;100051;41.395;220;10089564795;B
20240411;100051;41.38;100;10089564843;B
20240411;100051;41.38;880;10089564844;B
20240411;100051;41.38;500;10089564845;B
20240411;100052;41.37;10;10089565120;B
20240411;100052;41.395;100;10089565121;B
20240411;100052;41.395;950;10089565122;B
20240411;100052;41.4;240;10089565123;B
20240411;100052;41.36;250;10089565137;S
20240411;100052;41.355;2300;10089565138;S
20240411;100052;41.35;1200;10089565139;S
20240411;100052;41.35;700;10089565140;S
20240411;100052;41.345;5550;10089565141;S
20240411;100052;41.38;250;10089565171;B
20240411;100053;41.38;3000;10089565297;B
20240411;100053;41.345;3250;10089565311;S
20240411;100053;41.34;20;10089565312;S
20240411;100053;41.34;1730;10089565313;S
20240411;100053;41.38;120;10089565333;B
20240411;100053;41.38;120;10089565353;B
20240411;100053;41.34;240;10089565439;S
20240411;100053;41.335;1200;10089565440;S
20240411;100053;41.33;60;10089565441;S
20240411;100053;41.375;70;10089565442;B
20240411;100053;41.38;930;10089565443;B
20240411;100053;41.335;380;10089565471;S
20240411;100053;41.335;820;10089565479;S
20240411;100053;41.33;990;10089565480;S
20240411;100053;41.33;1000;10089565481;S
20240411;100053;41.33;100;10089565482;S
20240411;100053;41.325;90;10089565483;S
20240411;100053;41.325;20;10089565484;S
20240411;100053;41.325;580;10089565485;S
20240411;100054;41.325;3420;10089565550;S
20240411;100054;41.325;1580;10089565551;S
20240411;100055;41.35;2000;10089565726;B
20240411;100055;41.355;1240;10089565727;B
20240411;100055;41.36;1000;10089565728;B
20240411;100055;41.365;3590;10089565729;B
20240411;100055;41.355;50;10089565857;B
20240411;100055;41.355;10;10089565858;B
20240411;100055;41.36;40;10089565859;B
20240411;100056;41.33;20;10089565952;S
20240411;100056;41.32;130;10089565953;S
20240411;100056;41.32;40;10089566026;S
20240411;100056;41.345;1220;10089566035;B
20240411;100056;41.35;7320;10089566036;B
20240411;100056;41.35;3170;10089566037;B
20240411;100056;41.355;70;10089566038;B
20240411;100056;41.355;220;10089566039;B
20240411;100056;41.33;10;10089566082;S
20240411;100056;41.325;4990;10089566083;S
20240411;100057;41.325;2330;10089566197;S
20240411;100057;41.32;2670;10089566198;S
20240411;100057;41.335;100;10089566199;B
20240411;100057;41.345;60;10089566200;B
20240411;100057;41.345;10;10089566220;B
20240411;100057;41.345;100;10089566221;B
20240411;100057;41.35;1210;10089566222;B
20240411;100057;41.35;680;10089566223;B
20240411;100057;41.325;680;10089566237;S
20240411;100057;41.325;1200;10089566238;S
20240411;100057;41.32;620;10089566239;S
20240411;100057;41.345;560;10089566266;B
20240411;100057;41.35;2720;10089566267;B
20240411;100057;41.325;2720;10089566272;S
20240411;100057;41.32;2280;10089566273;S
20240411;100057;41.345;100;10089566328;B
20240411;100057;41.355;100;10089566329;B
20240411;100057;41.355;50;10089566397;B
20240411;100058;41.345;100;10089566420;B
20240411;100058;41.355;950;10089566421;B
20240411;100058;41.355;160;10089566422;B
20240411;100058;41.33;10;10089566453;S
20240411;100058;41.32;230;10089566454;S
20240411;100058;41.32;3470;10089566511;S
20240411;100058;41.32;1200;10089566512;S
20240411;100058;41.315;20;10089566513;S
20240411;100058;41.31;20310;10089566514;S
20240411;100058;41.345;1220;10089566535;B
20240411;100058;41.36;300;10089566556;B
20240411;100058;41.365;300;10089566574;B
20240411;100058;41.365;100;10089566575;B
20240411;100058;41.345;30;10089566617;S
20240411;100059;41.345;8600;10089566737;S
20240411;100059;41.33;1200;10089566738;S
20240411;100059;41.32;4520;10089566739;S
20240411;100059;41.315;500;10089566740;S
20240411;100059;41.315;5180;10089566741;S
20240411;100059;41.345;650;10089566877;B
20240411;100059;41.345;20;10089566922;B
20240411;100101;41.32;500;10089567406;S
20240411;100101;41.315;1200;10089567407;S
20240411;100101;41.315;1130;10089567408;S
20240411;100101;41.31;22170;10089567409;S
20240411;100101;41.31;2500;10089567410;S
20240411;100101;41.31;5000;10089567411;S
20240411;100101;41.31;20;10089567412;S
20240411;100101;41.31;30;10089567428;S
20240411;100101;41.31;5000;10089567452;S
20240411;100101;41.315;400;10089567512;B
20240411;100101;41.315;1900;10089567513;B
20240411;100101;41.31;4560;10089567540;S
20240411;100101;41.305;1650;10089567541;S
20240411;100101;41.305;810;10089567542;S
20240411;100101;41.3;12980;10089567543;S
20240411;100102;41.31;930;10089567554;B
20240411;100102;41.31;1160;10089567555;B
20240411;100102;41.315;17910;10089567556;B
20240411;100102;41.3;17280;10089567563;S
20240411;100102;41.3;3830;10089567564;S
20240411;100102;41.3;2000;10089567565;S
20240411;100102;41.3;1000;10089567566;S
20240411;100102;41.3;5890;10089567567;S
20240411;100102;41.3;10;10089567588;S
20240411;100102;41.3;3000;10089567669;S
20240411;100102;41.3;1100;10089567684;S
20240411;100102;41.29;30;10089567685;S
20240411;100102;41.29;10;10089567686;S
20240411;100102;41.29;10;10089567687;S
20240411;100102;41.285;850;10089567699;B
20240411;100102;41.29;930;10089567700;B
20240411;100102;41.295;220;10089567701;B
20240411;100103;41.275;300;10089567782;S
20240411;100103;41.27;8710;10089567783;S
20240411;100103;41.265;1160;10089567784;S
20240411;100103;41.26;10;10089567785;S
20240411;100103;41.26;1210;10089567786;S
20240411;100103;41.25;13610;10089567787;S
20240411;100103;41.25;100;10089567792;S
20240411;100103;41.275;40;10089567878;B
20240411;100103;41.25;30;10089567887;S
20240411;100103;41.275;500;10089567972;B
20240411;100104;41.25;8710;10089567997;S
20240411;100104;41.245;1150;10089567998;S
20240411;100104;41.245;140;10089567999;S
20240411;100104;41.275;20;10089568022;B
20240411;100104;41.275;680;10089568121;B
20240411;100104;41.275;790;10089568122;B
20240411;100104;41.27;1000;10089568141;B
20240411;100104;41.27;50;10089568147;B
20240411;100104;41.245;1000;10089568194;S
20240411;100104;41.245;1000;10089568224;S
20240411;100104;41.24;350;10089568225;S
20240411;100104;41.24;1210;10089568226;S
20240411;100104;41.235;940;10089568227;S
20240411;100105;41.235;40;10089568377;S
20240411;100105;41.235;60;10089568378;S
20240411;100105;41.235;250;10089568379;S
20240411;100105;41.235;700;10089568410;S
20240411;100105;41.23;10;10089568440;S
20240411;100105;41.245;400;10089568448;B
20240411;100106;41.24;10;10089568529;S
20240411;100106;41.225;700;10089568530;S
20240411;100106;41.225;1120;10089568531;S
20240411;100106;41.22;40;10089568532;S
20240411;100106;41.22;1210;10089568533;S
20240411;100106;41.22;10;10089568534;S
20240411;100106;41.215;10;10089568535;S
20240411;100106;41.215;8720;10089568536;S
20240411;100106;41.21;10;10089568537;S
20240411;100106;41.21;10;10089568538;S
20240411;100106;41.205;3640;10089568539;S
20240411;100106;41.205;3520;10089568540;S
20240411;100106;41.205;1480;10089568541;S
20240411;100106;41.205;10;10089568542;S
20240411;100106;41.2;910;10089568543;S
20240411;100106;41.21;40;10089568621;B
20240411;100106;41.23;960;10089568622;B
20240411;100106;41.24;1230;10089568623;B
20240411;100106;41.245;50;10089568624;B
20240411;100106;41.245;220;10089568625;B
20240411;100106;41.205;1210;10089568651;S
20240411;100106;41.2;13790;10089568652;S
20240411;100106;41.205;1210;10089568690;S
20240411;100106;41.2;13790;10089568691;S
20240411;100106;41.235;600;10089568715;B
20240411;100107;41.2;15070;10089568772;S
20240411;100107;41.2;10;10089568773;S
20240411;100107;41.2;10020;10089568774;S
20240411;100107;41.2;580;10089568851;S
20240411;100107;41.205;1020;10089568874;B
20240411;100107;41.2;250;10089568943;S
20240411;100108;41.2;280;10089569045;S
20240411;100108;41.2;2000;10089569064;S
20240411;100108;41.2;180;10089569086;S
20240411;100108;41.2;2000;10089569107;S
20240411;100108;41.2;1000;10089569108;S
20240411;100108;41.2;3690;10089569131;S
20240411;100108;41.19;1150;10089569132;S
20240411;100108;41.18;8730;10089569133;S
20240411;100108;41.17;10;10089569134;S
20240411;100108;41.17;220;10089569135;S
20240411;100108;41.16;1210;10089569136;S
20240411;100108;41.14;10;10089569137;S
20240411;100108;41.135;4500;10089569138;S
20240411;100108;41.125;1200;10089569139;S
20240411;100108;41.125;9280;10089569140;S
20240411;100108;41.14;10;10089569144;S
20240411;100109;41.14;300;10089569167;S
20240411;100109;41.14;50;10089569170;S
20240411;100109;41.16;10;10089569200;B
20240411;100109;41.14;700;10089569201;S
20240411;100109;41.14;100;10089569251;S
20240411;100109;41.14;50;10089569303;S
20240411;100109;41.14;2000;10089569348;S
20240411;100109;41.14;5000;10089569388;S
20240411;100110;41.15;1250;10089569492;B
20240411;100110;41.155;9280;10089569493;B
20240411;100110;41.17;10;10089569494;B
20240411;100110;41.185;1200;10089569495;B
20240411;100110;41.19;8740;10089569496;B
20240411;100110;41.19;930;10089569497;B
20240411;100110;41.195;1200;10089569536;S
20240411;100110;41.19;3800;10089569537;S
20240411;100110;41.2;90;10089569674;B
20240411;100111;41.19;500;10089569752;S
20240411;100111;41.2;210;10089569764;B
20240411;100111;41.21;1240;10089569768;B
20240411;100111;41.215;2000;10089569798;B
20240411;100111;41.22;1220;10089569799;B
20240411;100111;41.225;20;10089569800;B
20240411;100111;41.23;60;10089569802;S
20240411;100112;41.23;20;10089570119;S
20240411;100112;41.235;500;10089570151;B
20240411;100112;41.245;250;10089570152;B
20240411;100112;41.25;730;10089570153;B
20240411;100112;41.25;7680;10089570154;B
20240411;100112;41.23;80;10089570164;S
20240411;100112;41.23;1000;10089570165;S
20240411;100112;41.23;10;10089570166;S
20240411;100112;41.23;10;10089570167;S
20240411;100112;41.22;900;10089570168;S
20240411;100112;41.22;30;10089570195;S
20240411;100112;41.27;10;10089570204;B
20240411;100113;41.265;20;10089570314;S
20240411;100113;41.245;10;10089570418;S
20240411;100113;41.24;1990;10089570419;S
20240411;100114;41.275;200;10089570528;B
20240411;100114;41.27;800;10089570633;B
20240411;100114;41.27;760;10089570636;B
20240411;100114;41.285;8720;10089570697;B
20240411;100114;41.29;10;10089570698;B
20240411;100114;41.295;700;10089570699;B
20240411;100114;41.3;1200;10089570700;B
20240411;100114;41.305;5760;10089570701;B
20240411;100114;41.31;40;10089570702;B
20240411;100114;41.31;11000;10089570703;B
20240411;100114;41.32;1000;10089570704;B
20240411;100114;41.32;10;10089570705;B
20240411;100114;41.32;100;10089570706;B
20240411;100114;41.32;400;10089570707;B
20240411;100114;41.325;10;10089570708;B
20240411;100114;41.325;930;10089570709;B
20240411;100114;41.335;400;10089570710;B
20240411;100114;41.335;3300;10089570711;B
20240411;100114;41.34;7480;10089570712;B
20240411;100116;41.3;2000;10089570966;B
20240411;100116;41.3;8710;10089570967;B
20240411;100116;41.34;760;10089570968;B
20240411;100116;41.345;1000;10089570969;B
20240411;100116;41.345;7320;10089570970;B
20240411;100116;41.35;10;10089570971;B
20240411;100116;41.35;200;10089570972;B
20240411;100117;41.345;1200;10089571290;B
20240411;100117;41.325;200;10089571317;S
20240411;100117;41.305;800;10089571318;S
20240411;100118;41.345;7510;10089571547;B
20240411;100118;41.35;2490;10089571548;B
20240411;100119;41.335;20;10089571867;B
20240411;100119;41.32;1200;10089571873;S
20240411;100119;41.32;10;10089571874;S
20240411;100119;41.31;90;10089571875;S
20240411;100120;41.31;300;10089571914;S
20240411;100120;41.33;50;10089571918;B
20240411;100120;41.33;1150;10089571929;B
20240411;100120;41.33;3850;10089571930;B
20240411;100120;41.33;4860;10089571959;B
20240411;100120;41.33;400;10089571960;B
20240411;100120;41.34;500;10089571961;B
20240411;100120;41.35;1300;10089571962;B
20240411;100120;41.35;2940;10089571963;B
20240411;100120;41.32;1000;10089572006;S
20240411;100121;41.3;10;10089572121;S
20240411;100121;41.3;990;10089572122;S
20240411;100123;41.3;30;10089572465;S
20240411;100123;41.3;200;10089572482;S
20240411;100124;41.3;610;10089572544;S
20240411;100124;41.29;100;10089572545;S
20240411;100124;41.285;10;10089572594;S
20240411;100124;41.285;300;10089572595;S
20240411;100124;41.285;20;10089572596;S
20240411;100124;41.275;1200;10089572597;S
20240411;100124;41.275;1830;10089572598;S
20240411;100125;41.275;5490;10089572736;S
20240411;100125;41.27;7510;10089572737;S
20240411;100125;41.27;300;10089572821;S
20240411;100126;41.27;2400;10089572932;S
20240411;100126;41.27;10000;10089573038;S
20240411;100127;41.27;300;10089573152;S
20240411;100127;41.275;560;10089573261;B
20240411;100127;41.28;930;10089573262;B
20240411;100127;41.29;1740;10089573263;B
20240411;100127;41.29;150;10089573264;B
20240411;100127;41.295;1220;10089573265;B
20240411;100127;41.3;930;10089573266;B
20240411;100127;41.3;3000;10089573267;B
20240411;100127;41.3;1160;10089573268;S
20240411;100128;41.3;1000;10089573304;S
20240411;100128;41.3;40;10089573305;S
20240411;100128;41.3;3000;10089573513;S
20240411;100129;41.305;700;10089573534;B
20240411;100129;41.3;110;10089573607;S
20240411;100129;41.3;2000;10089573657;S
20240411;100129;41.305;1000;10089573738;B
20240411;100129;41.305;5000;10089573757;B
20240411;100130;41.3;250;10089573779;S
20240411;100130;41.305;200;10089573852;B
20240411;100130;41.3;4130;10089573856;S
20240411;100130;41.3;300;10089573857;S
20240411;100130;41.3;400;10089573858;S
20240411;100130;41.295;40;10089573859;S
20240411;100130;41.275;7000;10089573860;S
20240411;100130;41.275;100;10089573861;S
20240411;100130;41.275;400;10089573862;S
20240411;100130;41.27;9490;10089573863;S
20240411;100130;41.27;3140;10089573864;S
20240411;100131;41.29;770;10089573972;B
20240411;100131;41.295;230;10089573973;B
20240411;100131;41.29;200;10089574043;B
20240411;100131;41.295;200;10089574044;B
20240411;100132;41.295;820;10089574215;B
20240411;100132;41.27;200;10089574276;S
20240411;100134;41.27;8660;10089574455;S
20240411;100134;41.27;1210;10089574456;S
20240411;100134;41.25;100;10089574457;S
20240411;100134;41.25;100;10089574458;S
20240411;100134;41.25;1020;10089574459;S
20240411;100134;41.245;200;10089574460;S
20240411;100134;41.245;8720;10089574461;S
20240411;100134;41.24;1000;10089574462;S
20240411;100134;41.235;100;10089574463;S
20240411;100134;41.235;3890;10089574464;S
20240411;100134;41.28;400;10089574562;B
20240411;100134;41.28;810;10089574602;B
20240411;100134;41.285;5000;10089574603;B
20240411;100134;41.285;3190;10089574604;B
20240411;100135;41.29;2420;10089574687;B
20240411;100135;41.275;390;10089574711;S
20240411;100135;41.29;390;10089574795;B
20240411;100135;41.295;2610;10089574796;B
20240411;100137;41.29;1000;10089575114;B
20240411;100138;41.28;50;10089575384;B
20240411;100139;41.285;20;10089575448;B
20240411;100139;41.285;500;10089575538;B
20240411;100139;41.285;20;10089575544;B
20240411;100140;41.27;10;10089575650;S
20240411;100141;41.27;10;10089575983;S
20240411;100143;41.27;14550;10089576262;S
20240411;100143;41.27;3000;10089576263;S
20240411;100143;41.26;1210;10089576264;S
20240411;100143;41.25;100;10089576265;S
20240411;100143;41.24;20;10089576266;S
20240411;100143;41.24;200;10089576267;S
20240411;100143;41.24;4150;10089576268;S
20240411;100143;41.24;3770;10089576269;S
20240411;100143;41.27;150;10089576331;B
20240411;100143;41.27;600;10089576333;B
20240411;100143;41.27;20;10089576401;B
20240411;100144;41.24;1210;10089576688;S
20240411;100144;41.235;1190;10089576689;S
20240411;100145;41.235;50;10089576985;S
20240411;100145;41.235;930;10089577114;S
20240411;100145;41.245;500;10089577125;B
20240411;100146;41.245;200;10089577239;B
20240411;100148;41.235;40;10089577589;S
20240411;100150;41.24;10;10089577964;B
20240411;100150;41.235;3000;10089578107;S
20240411;100150;41.24;50;10089578147;B
20240411;100151;41.235;670;10089578215;S
20240411;100151;41.235;20;10089578254;S
20240411;100151;41.235;10;10089578279;S
20240411;100152;41.235;500;10089578382;S
20240411;100152;41.24;30;10089578406;B
20240411;100152;41.24;40;10089578407;B
20240411;100152;41.235;6350;10089578460;S
20240411;100152;41.235;10;10089578461;S
20240411;100152;41.235;580;10089578477;B
20240411;100152;41.23;20;10089578480;S
20240411;100152;41.23;180;10089578481;S
20240411;100153;41.235;30;10089578559;B
20240411;100153;41.235;15000;10089578601;B
20240411;100153;41.23;1000;10089578647;S
20240411;100153;41.235;5000;10089578676;B
20240411;100154;41.23;500;10089578679;S
20240411;100154;41.235;230;10089578689;B
20240411;100154;41.23;2000;10089578742;S
20240411;100154;41.235;120;10089578743;B
20240411;100154;41.235;30;10089578784;B
20240411;100154;41.23;1320;10089578813;S
20240411;100154;41.23;500;10089578814;S
20240411;100154;41.225;3180;10089578828;B
20240411;100154;41.23;8730;10089578829;B
20240411;100154;41.235;36090;10089578830;B
20240411;100156;41.22;100;10089579082;S
20240411;100156;41.21;100;10089579083;S
20240411;100156;41.21;20;10089579084;S
20240411;100156;41.21;530;10089579085;S
20240411;100156;41.205;160;10089579086;S
20240411;100156;41.205;10;10089579087;S
20240411;100156;41.205;1210;10089579088;S
20240411;100156;41.205;1930;10089579089;B
20240411;100156;41.205;740;10089579090;B
20240411;100156;41.22;1220;10089579171;B
20240411;100156;41.225;20;10089579172;B
20240411;100156;41.23;1290;10089579173;B
20240411;100157;41.215;500;10089579303;B
20240411;100157;41.215;170;10089579317;B
20240411;100157;41.205;10;10089579332;B
20240411;100157;41.215;120;10089579334;B
20240411;100157;41.215;3000;10089579353;B
20240411;100157;41.2;5000;10089579424;S
20240411;100158;41.2;10;10089579680;S
20240411;100158;41.2;10;10089579681;S
20240411;100158;41.2;10;10089579682;S
20240411;100158;41.2;10;10089579683;S
20240411;100158;41.2;5000;10089579684;S
20240411;100158;41.2;20;10089579685;S
20240411;100158;41.2;190;10089579686;S
20240411;100158;41.2;100;10089579687;S
20240411;100158;41.2;2000;10089579688;S
20240411;100158;41.19;500;10089579689;S
20240411;100158;41.19;1790;10089579690;S
20240411;100158;41.185;360;10089579691;S
20240411;100158;41.205;200;10089579702;B
20240411;100158;41.2;10000;10089579748;S
20240411;100159;41.205;110;10089579823;B
20240411;100159;41.185;5000;10089579839;S
20240411;100159;41.18;100;10089579921;S
20240411;100159;41.18;8730;10089579922;S
20240411;100159;41.175;1000;10089579923;S
20240411;100159;41.175;100;10089579924;S
20240411;100159;41.175;100;10089579925;S
20240411;100159;41.17;8970;10089579926;S
20240411;100159;41.17;200;10089579965;S
20240411;100200;41.17;1210;10089580034;S
20240411;100200;41.19;30;10089580066;B
20240411;100200;41.17;21310;10089580108;S
20240411;100200;41.17;1000;10089580112;S
20240411;100200;41.19;80;10089580134;B
20240411;100201;41.17;50;10089580268;S
20240411;100201;41.175;150;10089580316;S
20240411;100201;41.175;30;10089580337;S
20240411;100201;41.175;800;10089580349;S
20240411;100201;41.175;5000;10089580379;S
20240411;100202;41.18;2000;10089580423;B
20240411;100202;41.18;140;10089580514;B
20240411;100202;41.18;160;10089580584;B
20240411;100202;41.18;250;10089580585;B
20240411;100202;41.18;200;10089580586;B
20240411;100202;41.185;1020;10089580587;B
20240411;100202;41.19;140;10089580588;B
20240411;100202;41.19;730;10089580589;B
20240411;100203;41.18;100;10089580619;B
20240411;100204;41.19;100;10089580849;B
20240411;100204;41.195;250;10089580850;B
20240411;100204;41.195;650;10089580851;B
20240411;100204;41.195;520;10089580852;B
20240411;100204;41.2;1220;10089580853;B
20240411;100204;41.2;460;10089580854;B
20240411;100206;41.2;20;10089581187;S
20240411;100206;41.2;210;10089581188;S
20240411;100206;41.19;70;10089581189;S
20240411;100208;41.19;130;10089581566;S
20240411;100208;41.19;100;10089581567;S
20240411;100208;41.185;470;10089581568;S
20240411;100209;41.2;1500;10089581678;B
20240411;100209;41.2;10;10089581679;B
20240411;100209;41.21;90;10089581680;B
20240411;100209;41.21;50;10089581681;B
20240411;100209;41.215;130;10089581708;B
20240411;100209;41.215;100;10089581719;B
20240411;100210;41.205;30;10089581849;S
20240411;100210;41.205;400;10089581887;S
20240411;100210;41.22;50;10089581901;B
20240411;100211;41.22;20;10089582065;B
20240411;100212;41.225;2150;10089582151;B
20240411;100212;41.225;400;10089582152;B
20240411;100212;41.225;990;10089582153;B
20240411;100212;41.23;580;10089582154;B
20240411;100212;41.23;90;10089582213;B
20240411;100212;41.23;10;10089582240;B
20240411;100212;41.22;10;10089582286;S
20240411;100212;41.215;500;10089582287;S
20240411;100212;41.215;980;10089582288;S
20240411;100212;41.21;30;10089582289;S
20240411;100212;41.21;1200;10089582290;S
20240411;100212;41.205;280;10089582291;S
20240411;100213;41.22;50;10089582418;S
20240411;100213;41.23;80;10089582645;B
20240411;100214;41.22;1950;10089582769;S
20240411;100214;41.215;980;10089582770;S
20240411;100214;41.21;1000;10089582771;S
20240411;100214;41.21;200;10089582772;S
20240411;100214;41.205;530;10089582773;S
20240411;100214;41.205;1710;10089582774;S
20240411;100214;41.205;8730;10089582775;S
20240411;100214;41.205;50;10089582776;S
20240411;100214;41.2;19660;10089582777;S
20240411;100214;41.2;10;10089582778;S
20240411;100214;41.19;15180;10089582779;S
20240411;100214;41.225;1670;10089582807;B
20240411;100214;41.23;130;10089582966;B
20240411;100215;41.23;500;10089583108;B
20240411;100215;41.22;500;10089583176;S
20240411;100215;41.215;1710;10089583177;S
20240411;100215;41.21;1000;10089583178;S
20240411;100215;41.21;290;10089583179;S
20240411;100217;41.225;30;10089583807;S
20240411;100217;41.23;130;10089583875;B
20240411;100218;41.225;1680;10089583964;S
20240411;100218;41.225;960;10089583965;S
20240411;100218;41.22;5000;10089583966;S
20240411;100218;41.21;210;10089583967;S
20240411;100218;41.21;500;10089583968;S
20240411;100218;41.21;3650;10089583969;S
20240411;100219;41.22;10;10089584242;B
20240411;100219;41.21;10;10089584252;S
20240411;100219;41.22;90;10089584258;B
20240411;100219;41.225;840;10089584259;B
20240411;100219;41.23;280;10089584260;B
20240411;100219;41.23;10;10089584261;B
20240411;100219;41.23;810;10089584262;B
20240411;100219;41.23;1000;10089584263;B
20240411;100219;41.23;950;10089584264;B
20240411;100219;41.235;60;10089584265;B
20240411;100219;41.235;700;10089584266;B
20240411;100219;41.24;260;10089584267;B
20240411;100219;41.24;330;10089584307;B
20240411;100219;41.215;250;10089584323;S
20240411;100219;41.215;50;10089584325;S
20240411;100219;41.215;10;10089584331;S
20240411;100220;41.24;500;10089584505;B
20240411;100220;41.22;10;10089584535;B
20240411;100222;41.215;100;10089585023;S
20240411;100222;41.215;100;10089585098;S
20240411;100223;41.23;10;10089585175;B
20240411;100223;41.235;420;10089585176;B
20240411;100223;41.24;570;10089585177;B
20240411;100223;41.23;10;10089585313;B
20240411;100224;41.23;940;10089585367;S
20240411;100224;41.23;1560;10089585368;S
20240411;100225;41.235;10;10089585541;S
20240411;100225;41.23;1710;10089585542;S
20240411;100225;41.225;5350;10089585543;S
20240411;100225;41.225;940;10089585544;S
20240411;100225;41.22;1000;10089585545;S
20240411;100225;41.21;1340;10089585546;S
20240411;100225;41.21;1210;10089585547;S
20240411;100225;41.21;70;10089585548;S
20240411;100225;41.21;1080;10089585549;B
20240411;100225;41.21;3000;10089585550;B
20240411;100225;41.21;5350;10089585573;B
20240411;100225;41.21;10;10089585652;B
20240411;100225;41.205;20;10089585667;S
20240411;100225;41.205;80;10089585707;S
20240411;100225;41.205;520;10089585708;S
20240411;100225;41.21;1000;10089585739;B
20240411;100226;41.21;120;10089585793;B
20240411;100226;41.21;2000;10089585887;B
20240411;100226;41.21;3090;10089585897;B
20240411;100226;41.21;10;10089585953;B
20240411;100227;41.21;20;10089586010;B
20240411;100227;41.21;400;10089586069;B
20240411;100228;41.21;10;10089586226;B
20240411;100228;41.21;500;10089586258;B
20240411;100228;41.205;210;10089586303;S
20240411;100228;41.21;1780;10089586335;B
20240411;100228;41.21;50;10089586336;B
20240411;100228;41.21;3000;10089586337;B
20240411;100228;41.22;30;10089586338;B
20240411;100229;41.235;50;10089586634;B
20240411;100230;41.235;160;10089586811;B
20240411;100230;41.24;340;10089586812;B
20240411;100230;41.24;10;10089586813;B
20240411;100230;41.24;1000;10089586814;B
20240411;100230;41.24;50;10089586815;B
20240411;100230;41.24;1210;10089586816;B
20240411;100230;41.24;20;10089586817;B
20240411;100230;41.245;50;10089586818;B
20240411;100231;41.25;50;10089587128;B
20240411;100231;41.25;50;10089587129;B
20240411;100231;41.25;100;10089587130;B
20240411;100231;41.25;800;10089587131;B
20240411;100231;41.245;100;10089587143;S
20240411;100231;41.235;200;10089587150;S
20240411;100232;41.25;200;10089587289;B
20240411;100232;41.255;100;10089587290;B
20240411;100232;41.26;100;10089587295;B
20240411;100232;41.26;90;10089587296;B
20240411;100232;41.26;100;10089587297;B
20240411;100232;41.265;100;10089587298;B
20240411;100232;41.265;10;10089587299;B
20240411;100232;41.265;30;10089587300;B
20240411;100232;41.27;10;10089587301;B
20240411;100232;41.27;10;10089587302;B
20240411;100232;41.27;100;10089587303;B
20240411;100232;41.27;2500;10089587304;B
20240411;100232;41.27;50;10089587305;B
20240411;100232;41.27;3000;10089587306;B
20240411;100232;41.27;400;10089587307;B
20240411;100232;41.275;90;10089587308;B
20240411;100232;41.275;7320;10089587309;B
20240411;100232;41.28;400;10089587435;S
20240411;100232;41.285;10;10089587500;S
20240411;100232;41.285;10;10089587501;S
20240411;100232;41.28;480;10089587502;S
20240411;100233;41.29;250;10089587549;B
20240411;100233;41.29;20;10089587550;B
20240411;100233;41.29;730;10089587551;B
20240411;100233;41.29;1000;10089587657;B
20240411;100233;41.29;200;10089587670;B
20240411;100233;41.29;70;10089587691;B
20240411;100233;41.29;20;10089587692;B
20240411;100233;41.29;30;10089587693;B
20240411;100233;41.29;30;10089587694;B
20240411;100233;41.29;10;10089587695;B
20240411;100233;41.295;1000;10089587696;B
20240411;100233;41.295;20;10089587697;B
20240411;100233;41.295;530;10089587698;B
20240411;100233;41.295;10;10089587699;B
20240411;100233;41.295;220;10089587700;B
20240411;100233;41.295;100;10089587701;B
20240411;100233;41.295;100;10089587702;B
20240411;100233;41.295;1060;10089587703;B
20240411;100233;41.295;8720;10089587704;B
20240411;100233;41.3;200;10089587705;B
20240411;100233;41.3;2500;10089587706;B
20240411;100233;41.3;30000;10089587707;B
20240411;100233;41.3;1000;10089587708;B
20240411;100233;41.3;770;10089587709;B
20240411;100233;41.3;30;10089587710;B
20240411;100233;41.3;1500;10089587711;B
20240411;100233;41.3;1000;10089587712;B
20240411;100233;41.3;50000;10089587713;B
20240411;100233;41.3;460;10089587714;B
20240411;100233;41.3;7280;10089587715;B
20240411;100233;41.3;40;10089587716;B
20240411;100233;41.3;5170;10089587717;B
20240411;100233;41.3;10;10089587718;B
20240411;100233;41.31;50;10089587735;B
20240411;100233;41.31;10;10089587736;B
20240411;100233;41.31;40;10089587737;B
20240411;100233;41.31;100;10089587738;B
20240411;100233;41.31;100;10089587739;B
20240411;100233;41.31;1760;10089587767;B
20240411;100233;41.32;200;10089587768;B
20240411;100233;41.32;50;10089587769;B
20240411;100233;41.32;210;10089587770;B
20240411;100233;41.32;10;10089587771;B
20240411;100233;41.325;2500;10089587772;B
20240411;100233;41.325;10;10089587773;B
20240411;100233;41.33;90;10089587774;B
20240411;100233;41.33;2000;10089587775;B
20240411;100233;41.33;170;10089587776;B
20240411;100234;41.33;10;10089587883;B
20240411;100234;41.33;150;10089587884;B
20240411;100234;41.33;170;10089587895;B
20240411;100234;41.33;530;10089587896;B
20240411;100234;41.33;1180;10089587898;B
20240411;100234;41.335;330;10089587899;B
20240411;100234;41.335;50;10089587900;B
20240411;100234;41.335;300;10089587901;B
20240411;100234;41.335;6000;10089587902;B
20240411;100234;41.335;4140;10089587903;B
20240411;100234;41.33;250;10089587904;B
20240411;100234;41.335;50;10089587920;B
20240411;100234;41.34;250;10089587921;B
20240411;100234;41.315;30;10089587968;S
20240411;100234;41.315;120;10089587969;S
20240411;100234;41.325;1000;10089587981;B
20240411;100234;41.335;1710;10089587986;B
20240411;100234;41.335;7900;10089587987;B
20240411;100234;41.34;6440;10089587988;B
20240411;100235;41.33;580;10089588052;S
20240411;100235;41.325;50;10089588053;S
20240411;100235;41.325;170;10089588054;S
20240411;100235;41.34;100;10089588064;B
20240411;100235;41.34;150;10089588159;B
20240411;100235;41.325;300;10089588193;S
20240411;100235;41.335;1000;10089588235;B
20240411;100236;41.34;10;10089588334;B
20240411;100237;41.325;2000;10089588656;S
20240411;100237;41.33;10;10089588686;B
20240411;100237;41.335;10;10089588687;B
20240411;100237;41.335;30;10089588688;B
20240411;100237;41.335;1250;10089588689;B
20240411;100237;41.335;880;10089588729;B
20240411;100237;41.335;1710;10089588730;B
20240411;100237;41.34;3410;10089588731;B
20240411;100238;41.325;100;10089588841;S
20240411;100238;41.325;200;10089588886;S
20240411;100238;41.315;50;10089588887;S
20240411;100239;41.3;30;10089589077;S
20240411;100239;41.325;10;10089589140;B
20240411;100239;41.33;10;10089589141;B
20240411;100239;41.33;30;10089589142;B
20240411;100239;41.335;10;10089589143;B
20240411;100239;41.335;1200;10089589144;B
20240411;100239;41.34;2740;10089589145;B
20240411;100240;41.34;30;10089589432;B
20240411;100240;41.335;240;10089589473;S
20240411;100240;41.325;10;10089589474;S
20240411;100240;41.32;750;10089589475;S
20240411;100241;41.315;50;10089589511;S
20240411;100241;41.32;50;10089589676;B
20240411;100241;41.325;5000;10089589677;B
20240411;100241;41.335;1000;10089589678;B
20240411;100241;41.335;1710;10089589679;B
20240411;100241;41.335;50;10089589680;B
20240411;100241;41.34;2190;10089589681;B
20240411;100242;41.34;3680;10089589719;B
20240411;100242;41.34;50;10089589720;B
20240411;100242;41.34;10;10089589721;B
20240411;100242;41.34;500;10089589722;B
20240411;100242;41.345;50;10089589723;B
20240411;100242;41.345;10;10089589724;B
20240411;100242;41.345;5700;10089589725;B
20240411;100243;41.315;100;10089590018;S
20240411;100243;41.305;300;10089590038;S
20240411;100243;41.305;200;10089590039;S
20240411;100243;41.305;1000;10089590056;S
20240411;100245;41.305;2300;10089590456;B
20240411;100245;41.31;400;10089590457;B
20240411;100245;41.31;1250;10089590458;B
20240411;100245;41.315;5900;10089590459;B
20240411;100245;41.325;19650;10089590460;B
20240411;100245;41.3;220;10089590589;S
20240411;100245;41.3;780;10089590590;S
20240411;100245;41.325;1000;10089590607;B
20240411;100246;41.31;500;10089590729;S
20240411;100247;41.325;1000;10089590831;B
20240411;100247;41.325;10000;10089590842;B
20240411;100247;41.325;2500;10089590843;B
20240411;100247;41.31;1710;10089590850;S
20240411;100247;41.31;930;10089590851;S
20240411;100247;41.305;1210;10089590852;S
20240411;100247;41.305;1150;10089590853;S
20240411;100247;41.32;500;10089590950;B
20240411;100249;41.305;10;10089591184;S
20240411;100250;41.305;20;10089591382;S
20240411;100250;41.305;490;10089591383;S
20240411;100251;41.32;300;10089591545;B
20240411;100251;41.305;20;10089591655;S
20240411;100252;41.305;6160;10089591876;S
20240411;100252;41.3;1220;10089591877;S
20240411;100252;41.3;20000;10089591878;S
20240411;100252;41.3;1000;10089591879;S
20240411;100252;41.3;1000;10089591880;S
20240411;100252;41.295;1210;10089591881;S
20240411;100253;41.285;100;10089591971;S
20240411;100253;41.275;900;10089591972;S
20240411;100255;41.285;50;10089592674;B
20240411;100255;41.29;1240;10089592675;B
20240411;100255;41.29;470;10089592828;B
20240411;100255;41.29;10;10089592829;B
20240411;100255;41.295;1520;10089592830;B
20240411;100255;41.295;100;10089592877;B
20240411;100257;41.285;250;10089593038;B
20240411;100257;41.295;1950;10089593039;B
20240411;100258;41.29;50;10089593366;B
20240411;100258;41.29;200;10089593367;B
20240411;100258;41.295;32590;10089593368;B
20240411;100258;41.295;1230;10089593369;B
20240411;100258;41.295;8910;10089593370;B
20240411;100258;41.295;2500;10089593371;B
20240411;100258;41.3;400;10089593372;B
20240411;100258;41.305;1000;10089593373;B
20240411;100258;41.31;930;10089593374;B
20240411;100258;41.315;2190;10089593375;B
20240411;100259;41.31;50;10089593514;B
20240411;100259;41.31;150;10089593555;B
20240411;100259;41.315;50;10089593556;B
20240411;100259;41.275;360;10089593565;S
20240411;100259;41.31;40;10089593566;B
20240411;100259;41.31;10;10089593594;B
20240411;100259;41.31;10;10089593595;B
20240411;100300;41.3;10;10089593740;B
20240411;100301;41.3;20;10089594069;B
20240411;100302;41.29;100;10089594336;B
20240411;100302;41.295;900;10089594337;B
20240411;100303;41.3;1160;10089594596;B
20240411;100303;41.3;90;10089594597;B
20240411;100303;41.3;2000;10089594598;B
20240411;100303;41.3;10;10089594599;B
20240411;100303;41.305;3680;10089594600;B
20240411;100303;41.295;100;10089594614;S
20240411;100303;41.29;50;10089594615;S
20240411;100305;41.295;50;10089595174;S
20240411;100305;41.295;90;10089595219;S
20240411;100305;41.295;200;10089595318;S
20240411;100306;41.295;160;10089595354;S
20240411;100306;41.295;840;10089595355;S
20240411;100306;41.295;20;10089595382;S
20240411;100306;41.3;10;10089595423;B
20240411;100306;41.3;470;10089595424;B
20240411;100306;41.3;6790;10089595442;B
20240411;100306;41.305;1320;10089595443;B
20240411;100306;41.305;500;10089595444;B
20240411;100306;41.31;930;10089595445;B
20240411;100306;41.315;7320;10089595446;B
20240411;100306;41.32;50;10089595447;B
20240411;100306;41.32;2210;10089595448;B
20240411;100306;41.32;1000;10089595449;B
20240411;100306;41.32;50;10089595450;B
20240411;100306;41.325;15850;10089595451;B
20240411;100306;41.325;50;10089595452;B
20240411;100306;41.325;50;10089595453;B
20240411;100306;41.325;200;10089595454;B
20240411;100306;41.335;50;10089595455;B
20240411;100306;41.335;1000;10089595456;B
20240411;100306;41.335;20;10089595457;B
20240411;100306;41.335;300;10089595458;B
20240411;100306;41.34;1000;10089595459;B
20240411;100306;41.34;4670;10089595460;B
20240411;100306;41.34;16140;10089595461;B
20240411;100306;41.315;10;10089595535;S
20240411;100306;41.335;10;10089595565;B
20240411;100306;41.34;100;10089595566;B
20240411;100307;41.335;80;10089595814;B
20240411;100307;41.34;2920;10089595815;B
20240411;100309;41.34;400;10089596142;B
20240411;100310;41.325;100;10089596475;S
20240411;100310;41.32;100;10089596476;S
20240411;100310;41.32;200;10089596477;S
20240411;100311;41.335;1000;10089596736;B
20240411;100311;41.34;9000;10089596737;B
20240411;100311;41.34;20;10089596741;B
20240411;100311;41.34;20;10089596769;B
20240411;100311;41.325;140;10089596787;B
20240411;100312;41.325;10;10089596825;B
20240411;100312;41.325;2000;10089596900;B
20240411;100313;41.315;10;10089597022;S
20240411;100313;41.325;1500;10089597116;B
20240411;100313;41.325;800;10089597183;B
20240411;100313;41.325;350;10089597185;B
20240411;100313;41.335;10;10089597186;B
20240411;100313;41.335;920;10089597187;B
20240411;100313;41.34;1400;10089597188;B
20240411;100313;41.345;3300;10089597189;B
20240411;100313;41.345;10;10089597190;B
20240411;100313;41.345;10;10089597191;B
20240411;100313;41.345;2500;10089597192;B
20240411;100313;41.345;100;10089597193;B
20240411;100313;41.345;100;10089597194;B
20240411;100313;41.35;960;10089597195;B
20240411;100313;41.35;340;10089597196;B
20240411;100314;41.35;60;10089597351;B
20240411;100314;41.35;1000;10089597352;B
20240411;100314;41.35;50;10089597353;B
20240411;100314;41.35;100;10089597354;B
20240411;100314;41.35;600;10089597355;B
20240411;100314;41.35;8000;10089597356;B
20240411;100314;41.35;10;10089597357;B
20240411;100314;41.35;90;10089597358;B
20240411;100314;41.35;200;10089597359;B
20240411;100314;41.35;1890;10089597360;B
20240411;100314;41.35;110;10089597371;B
20240411;100314;41.36;2500;10089597372;B
20240411;100314;41.36;250;10089597373;B
20240411;100314;41.365;10;10089597374;B
20240411;100314;41.365;8700;10089597375;B
20240411;100314;41.365;920;10089597376;B
20240411;100314;41.37;2000;10089597377;B
20240411;100314;41.37;10;10089597378;B
20240411;100314;41.37;960;10089597379;B
20240411;100314;41.375;100;10089597380;B
20240411;100314;41.375;150;10089597381;B
20240411;100314;41.375;600;10089597382;B
20240411;100314;41.38;10;10089597383;B
20240411;100314;41.38;40;10089597384;B
20240411;100314;41.38;50;10089597385;B
20240411;100314;41.38;1000;10089597386;B
20240411;100314;41.38;1000;10089597387;B
20240411;100314;41.385;10;10089597388;B
20240411;100314;41.385;30;10089597389;B
20240411;100314;41.385;1000;10089597390;B
20240411;100314;41.385;200;10089597391;B
20240411;100314;41.385;500;10089597392;B
20240411;100314;41.39;500;10089597393;B
20240411;100314;41.39;400;10089597394;B
20240411;100314;41.39;10000;10089597395;B
20240411;100314;41.39;2500;10089597396;B
20240411;100314;41.39;10000;10089597397;B
20240411;100314;41.39;2000;10089597398;B
20240411;100314;41.395;20;10089597399;B
20240411;100314;41.395;10;10089597400;B
20240411;100314;41.395;10;10089597401;B
20240411;100314;41.395;2000;10089597402;B
20240411;100314;41.395;1000;10089597403;B
20240411;100314;41.395;10000;10089597404;B
20240411;100314;41.4;400;10089597405;B
20240411;100314;41.4;20;10089597406;B
20240411;100314;41.4;12000;10089597407;B
20240411;100314;41.4;25000;10089597408;B
20240411;100314;41.4;1000;10089597409;B
20240411;100314;41.4;5650;10089597410;B
20240411;100314;41.4;550;10089597411;B
20240411;100314;41.4;1000;10089597412;B
20240411;100314;41.4;3000;10089597413;B
20240411;100314;41.4;20;10089597414;B
20240411;100314;41.4;1850;10089597415;B
20240411;100314;41.4;90;10089597416;B
20240411;100314;41.4;10;10089597417;B
20240411;100314;41.4;50;10089597418;B
20240411;100314;41.4;500;10089597419;B
20240411;100314;41.4;10;10089597420;B
20240411;100314;41.4;930;10089597421;B
20240411;100314;41.4;10;10089597422;B
20240411;100314;41.41;10;10089597434;B
20240411;100314;41.41;10;10089597435;B
20240411;100314;41.41;1000;10089597436;B
20240411;100314;41.41;1000;10089597437;B
20240411;100314;41.415;2000;10089597438;B
20240411;100314;41.415;930;10089597439;B
20240411;100314;41.42;10;10089597440;B
20240411;100314;41.42;30;10089597441;B
20240411;100314;41.42;30;10089597442;B
20240411;100314;41.42;30;10089597443;B
20240411;100314;41.42;7950;10089597444;B
20240411;100314;41.41;50;10089597450;S
20240411;100314;41.42;50;10089597466;B
20240411;100314;41.42;10;10089597483;B
20240411;100315;41.42;150;10089597644;B
20240411;100315;41.42;1840;10089597668;B
20240411;100315;41.42;500;10089597669;B
20240411;100315;41.425;1000;10089597670;B
20240411;100315;41.425;30;10089597671;B
20240411;100315;41.425;300;10089597672;B
20240411;100315;41.425;950;10089597673;B
20240411;100315;41.43;380;10089597674;B
20240411;100315;41.43;190;10089597679;B
20240411;100315;41.43;110;10089597680;B
20240411;100315;41.415;930;10089597700;S
20240411;100315;41.415;1000;10089597701;S
20240411;100315;41.41;1200;10089597702;S
20240411;100315;41.405;1710;10089597703;S
20240411;100315;41.405;7320;10089597704;S
20240411;100315;41.4;17840;10089597705;S
20240411;100315;41.42;5000;10089597777;B
20240411;100315;41.405;930;10089597785;S
20240411;100315;41.405;70;10089597786;S
20240411;100316;41.41;10;10089597895;B
20240411;100316;41.425;1710;10089597896;B
20240411;100316;41.43;890;10089597897;B
20240411;100316;41.43;30;10089597898;B
20240411;100316;41.43;1200;10089597899;B
20240411;100316;41.43;2390;10089597900;B
20240411;100316;41.43;960;10089597901;B
20240411;100316;41.435;450;10089597902;B
20240411;100316;41.435;2360;10089597903;B
20240411;100316;41.43;400;10089597906;S
20240411;100316;41.41;10;10089597927;S
20240411;100316;41.42;70;10089598032;S
20240411;100316;41.42;1000;10089598033;S
20240411;100316;41.41;930;10089598034;S
20240411;100317;41.425;10;10089598167;S
20240411;100317;41.435;990;10089598265;B
20240411;100317;41.43;10;10089598287;S
20240411;100317;41.425;30;10089598293;S
20240411;100317;41.42;470;10089598294;S
20240411;100317;41.43;930;10089598325;B
20240411;100317;41.435;4070;10089598326;B
20240411;100317;41.435;500;10089598328;B
20240411;100317;41.42;10;10089598396;S
20240411;100318;41.435;1000;10089598489;B
20240411;100318;41.42;20;10089598544;S
20240411;100318;41.435;3000;10089598694;B
20240411;100319;41.43;20;10089598764;S
20240411;100319;41.435;10;10089598808;B
20240411;100319;41.435;1070;10089598813;B
20240411;100319;41.435;10;10089598814;B
20240411;100319;41.435;10;10089598815;B
20240411;100319;41.435;10;10089598816;B
20240411;100319;41.435;10;10089598817;B
20240411;100319;41.435;50;10089598818;B
20240411;100319;41.44;2000;10089598819;B
20240411;100319;41.44;30;10089598820;B
20240411;100319;41.44;10;10089598821;B
20240411;100319;41.44;20;10089598822;B
20240411;100319;41.44;1000;10089598823;B
20240411;100319;41.44;780;10089598824;B
20240411;100319;41.445;10;10089598869;B
20240411;100319;41.445;990;10089598961;B
20240411;100319;41.445;330;10089598962;B
20240411;100319;41.445;20;10089598963;B
20240411;100319;41.445;20;10089598964;B
20240411;100319;41.445;250;10089598965;B
20240411;100319;41.445;1000;10089598966;B
20240411;100319;41.45;10800;10089598967;B
20240411;100319;41.45;5000;10089599014;B
20240411;100320;41.43;100;10089599130;S
20240411;100320;41.435;20;10089599208;S
20240411;100320;41.435;80;10089599214;S
20240411;100320;41.435;60;10089599215;S
20240411;100321;41.435;10;10089599311;S
20240411;100321;41.44;10;10089599317;B
20240411;100321;41.435;300;10089599498;S
20240411;100321;41.44;1000;10089599505;B
20240411;100321;41.44;990;10089599636;B
20240411;100321;41.44;10;10089599637;B
20240411;100321;41.44;10;10089599638;B
20240411;100321;41.44;10;10089599639;B
20240411;100321;41.445;50;10089599640;B
20240411;100321;41.445;2000;10089599641;B
20240411;100321;41.445;950;10089599642;B
20240411;100321;41.45;3220;10089599643;B
20240411;100321;41.45;5000;10089599644;B
20240411;100321;41.45;100;10089599645;B
20240411;100321;41.45;10;10089599646;B
20240411;100321;41.45;10;10089599647;B
20240411;100321;41.45;450;10089599648;B
20240411;100321;41.45;30;10089599649;B
20240411;100321;41.45;100;10089599650;B
20240411;100321;41.45;600;10089599651;B
20240411;100321;41.45;100;10089599652;B
20240411;100321;41.45;20;10089599653;B
20240411;100321;41.45;110;10089599654;B
20240411;100321;41.45;2000;10089599655;B
20240411;100321;41.45;1000;10089599656;B
20240411;100321;41.45;140;10089599657;B
20240411;100321;41.45;100;10089599658;B
20240411;100321;41.45;8680;10089599659;B
20240411;100321;41.45;12000;10089599660;B
20240411;100321;41.45;100;10089599661;B
20240411;100321;41.455;10;10089599662;B
20240411;100321;41.455;30;10089599663;B
20240411;100321;41.455;200;10089599664;B
20240411;100321;41.46;20;10089599665;B
20240411;100321;41.46;20;10089599666;B
20240411;100321;41.46;10;10089599667;B
20240411;100321;41.465;10;10089599668;B
20240411;100321;41.465;10;10089599669;B
20240411;100321;41.465;1900;10089599670;B
20240411;100321;41.465;100;10089599707;B
20240411;100321;41.465;10;10089599708;B
20240411;100321;41.465;30;10089599709;B
20240411;100321;41.465;50;10089599710;B
20240411;100321;41.47;100;10089599711;B
20240411;100321;41.47;50;10089599712;B
20240411;100322;41.44;10;10089599747;S
20240411;100322;41.455;10;10089599794;B
20240411;100322;41.46;220;10089599795;B
20240411;100322;41.45;50;10089599875;B
20240411;100322;41.46;7150;10089599876;B
20240411;100322;41.435;1000;10089599882;S
20240411;100322;41.435;100;10089599894;S
20240411;100322;41.455;700;10089599922;B
20240411;100322;41.46;800;10089599923;B
20240411;100322;41.46;370;10089600000;B
20240411;100322;41.46;9630;10089600001;B
20240411;100323;41.445;30;10089600037;S
20240411;100323;41.45;1000;10089600177;B
20240411;100323;41.45;300;10089600178;B
20240411;100323;41.445;20;10089600265;S
20240411;100323;41.45;1990;10089600268;B
20240411;100323;41.455;810;10089600269;B
20240411;100323;41.455;3220;10089600270;B
20240411;100323;41.46;8980;10089600271;B
20240411;100323;41.445;2250;10089600289;S
20240411;100323;41.445;950;10089600290;S
20240411;100323;41.445;590;10089600291;S
20240411;100323;41.445;1000;10089600292;S
20240411;100323;41.435;210;10089600293;S
20240411;100324;41.46;1170;10089600686;B
20240411;100324;41.46;40;10089600687;B
20240411;100324;41.465;2200;10089600688;B
20240411;100324;41.465;2500;10089600689;B
20240411;100324;41.47;1950;10089600690;B
20240411;100324;41.47;2140;10089600691;B
20240411;100325;41.45;10000;10089600850;S
20240411;100325;41.45;10;10089600856;S
20240411;100325;41.455;4090;10089600871;B
20240411;100325;41.46;540;10089600872;B
20240411;100325;41.47;350;10089600873;B
20240411;100325;41.47;1000;10089600876;B
20240411;100325;41.46;50;10089600925;B
20240411;100325;41.47;330;10089600926;B
20240411;100325;41.455;10;10089600968;S
20240411;100326;41.455;1300;10089600999;S
20240411;100326;41.47;1500;10089601069;B
20240411;100327;41.465;10;10089601198;B
20240411;100327;41.465;190;10089601204;B
20240411;100327;41.47;7770;10089601205;B
20240411;100327;41.47;13090;10089601206;B
20240411;100327;41.47;10;10089601207;B
20240411;100327;41.47;13090;10089601208;B
