<DATE>;<TIME>;<LAST>;<VOL>;<ID>;<OPER>
20240513;095943;42.6;10;10336831620;S
20240513;095943;42.6;10;10336831621;B
20240513;095943;42.6;10;10336831622;B
20240513;095943;42.6;30;10336831623;B
20240513;095943;42.6;30;10336831624;B
20240513;095943;42.6;10;10336831625;B
20240513;095943;42.6;380;10336831626;B
20240513;095943;42.6;10;10336831627;S
20240513;095943;42.6;140;10336831628;S
20240513;095943;42.6;10;10336831629;S
20240513;095943;42.6;360;10336831630;S
20240513;095943;42.6;930;10336831631;S
20240513;095943;42.6;500;10336831632;S
20240513;095943;42.6;140;10336831633;S
20240513;095943;42.6;400;10336831634;S
20240513;095943;42.6;2500;10336831635;S
20240513;095943;42.6;1330;10336831636;S
20240513;095943;42.6;250;10336831637;B
20240513;095943;42.6;1050;10336831638;S
20240513;095943;42.6;10;10336831639;S
20240513;095943;42.6;940;10336831640;S
20240513;095943;42.6;400;10336831641;S
20240513;095943;42.6;11910;10336831642;S
20240513;095943;42.6;30;10336831643;B
20240513;095943;42.6;10;10336831644;B
20240513;095943;42.6;30;10336831645;B
20240513;095943;42.6;500;10336831646;B
20240513;095943;42.6;10;10336831647;B
20240513;095943;42.6;30;10336831648;B
20240513;095943;42.6;10;10336831649;B
20240513;095943;42.6;10;10336831650;B
20240513;095943;42.6;10;10336831651;B
20240513;095943;42.6;30;10336831652;B
20240513;095943;42.6;2000;10336831653;B
20240513;095943;42.6;10;10336831654;B
20240513;095943;42.6;30;10336831655;B
20240513;095943;42.6;30;10336831656;B
20240513;095943;42.6;50;10336831657;B
20240513;095943;42.6;10;10336831658;B
20240513;095943;42.6;90;10336831659;B
20240513;095943;42.6;10;10336831660;B
20240513;095943;42.6;10;10336831661;B
20240513;095943;42.6;1340;10336831662;B
20240513;095943;42.6;2280;10336831663;B
20240513;095943;42.6;110;10336831664;B
20240513;095943;42.6;340;10336831665;B
20240513;095943;42.6;200;10336831666;B
20240513;095943;42.6;790;10336831667;B
20240513;095943;42.6;120;10336831668;B
20240513;095943;42.6;380;10336831669;B
20240513;095943;42.6;60;10336831670;B
20240513;095943;42.6;30;10336831671;B
20240513;095943;42.6;90;10336831672;S
20240513;100001;42.635;10;10336840691;B
20240513;100001;42.64;310;10336840884;B
20240513;100002;42.645;160;10336841709;B
20240513;100002;42.645;70;10336843025;B
20240513;100002;42.645;60;10336843026;B
20240513;100003;42.645;50;10336843186;B
20240513;100003;42.645;110;10336843187;B
20240513;100003;42.65;230;10336843188;B
20240513;100003;42.65;10;10336843189;B
20240513;100003;42.65;110;10336843190;B
20240513;100003;42.65;10;10336843191;B
20240513;100003;42.65;680;10336843192;B
20240513;100003;42.635;40;10336844335;B
20240513;100004;42.625;2000;10336844891;S
20240513;100005;42.605;140;10336845578;S
20240513;100005;42.61;30;10336846538;S
20240513;100005;42.635;10;10336846546;B
20240513;100005;42.61;10;10336846553;S
20240513;100005;42.61;30;10336846561;S
20240513;100005;42.61;10;10336847070;S
20240513;100005;42.61;10;10336847074;S
20240513;100005;42.61;10;10336847076;S
20240513;100005;42.615;10;10336847084;B
20240513;100005;42.615;10;10336847093;S
20240513;100005;42.62;10;10336847097;S
20240513;100005;42.62;10;10336847099;S
20240513;100005;42.62;30;10336847303;S
20240513;100005;42.62;10;10336847312;S
20240513;100005;42.62;10;10336847314;S
20240513;100005;42.62;10;10336847316;S
20240513;100005;42.635;20;10336847329;B
20240513;100005;42.64;30;10336847330;B
20240513;100005;42.64;10;10336847331;B
20240513;100005;42.65;40;10336847332;B
20240513;100005;42.65;300;10336847695;B
20240513;100005;42.65;300;10336847804;B
20240513;100005;42.65;300;10336847886;B
20240513;100005;42.65;10;10336847933;B
20240513;100005;42.63;10;10336847936;S
20240513;100005;42.63;10;10336847941;S
20240513;100005;42.63;320;10336847946;S
20240513;100005;42.63;10;10336847956;S
20240513;100005;42.63;10;10336848012;S
20240513;100005;42.63;30;10336848021;S
20240513;100005;42.63;60;10336848029;S
20240513;100005;42.65;10;10336848038;B
20240513;100005;42.65;10;10336848047;B
20240513;100006;42.63;10;10336848056;S
20240513;100006;42.63;30;10336848059;S
20240513;100006;42.65;10;10336848069;B
20240513;100006;42.65;40;10336848071;B
20240513;100006;42.65;10;10336848140;B
20240513;100006;42.63;10;10336848155;S
20240513;100006;42.65;10;10336848163;B
20240513;100006;42.63;10;10336848171;S
20240513;100006;42.63;10;10336848178;S
20240513;100006;42.63;20;10336848187;S
20240513;100006;42.65;30;10336848196;B
20240513;100006;42.65;30;10336848216;B
20240513;100006;42.63;10;10336848220;S
20240513;100006;42.63;10;10336848225;S
20240513;100006;42.63;1480;10336848231;S
20240513;100006;42.63;10;10336849312;S
20240513;100006;42.63;160;10336849318;S
20240513;100006;42.63;10;10336849319;S
20240513;100006;42.63;10;10336849323;S
20240513;100006;42.645;10;10336849324;B
20240513;100006;42.65;70;10336849325;B
20240513;100006;42.615;10;10336849878;S
20240513;100006;42.635;10;10336849880;B
20240513;100006;42.635;10;10336849881;B
20240513;100006;42.635;10;10336849884;B
20240513;100006;42.615;40;10336849887;S
20240513;100006;42.615;10;10336849889;S
20240513;100006;42.635;10;10336849891;B
20240513;100006;42.635;10;10336850218;B
20240513;100006;42.615;10;10336850800;S
20240513;100006;42.615;40;10336850813;S
20240513;100006;42.635;10;10336850814;B
20240513;100006;42.615;100;10336850815;S
20240513;100006;42.615;20;10336850817;S
20240513;100006;42.635;30;10336850839;B
20240513;100006;42.635;30;10336850944;B
20240513;100006;42.635;30;10336850985;B
20240513;100006;42.635;30;10336851022;B
20240513;100007;42.645;900;10336851155;B
20240513;100007;42.635;20;10336851207;S
20240513;100007;42.635;10;10336851217;S
20240513;100007;42.615;160;10336851218;S
20240513;100007;42.615;70;10336851219;S
20240513;100007;42.615;30;10336851319;S
20240513;100007;42.64;10;10336851320;B
20240513;100007;42.615;30;10336851321;S
20240513;100007;42.615;30;10336851322;S
20240513;100007;42.615;20;10336851323;S
20240513;100007;42.615;30;10336851324;S
20240513;100007;42.615;10;10336851328;S
20240513;100007;42.64;60;10336851329;B
20240513;100007;42.62;2400;10336851855;S
20240513;100007;42.64;10;10336852205;B
20240513;100007;42.64;10;10336852211;B
20240513;100007;42.62;60;10336852214;S
20240513;100007;42.64;20;10336852217;B
20240513;100007;42.62;60;10336852219;S
20240513;100007;42.64;10;10336852220;B
20240513;100007;42.62;80;10336852221;S
20240513;100007;42.62;20;10336852621;S
20240513;100007;42.64;10;10336852630;B
20240513;100007;42.62;10;10336852637;S
20240513;100007;42.62;30;10336852644;S
20240513;100007;42.64;10;10336852648;B
20240513;100007;42.62;10;10336852654;S
20240513;100007;42.64;10;10336852659;B
20240513;100008;42.62;30;10336854282;S
20240513;100008;42.62;10;10336854294;S
20240513;100008;42.64;10;10336854307;B
20240513;100008;42.64;10;10336854322;B
20240513;100008;42.62;10;10336854331;S
20240513;100008;42.62;10;10336854344;S
20240513;100008;42.62;10;10336854358;S
20240513;100008;42.64;10;10336854961;B
20240513;100008;42.64;30;10336854992;B
20240513;100008;42.62;10;10336855003;S
20240513;100008;42.62;100;10336855013;S
20240513;100008;42.64;20;10336855844;B
20240513;100008;42.65;10;10336855848;B
20240513;100008;42.62;30;10336855850;S
20240513;100008;42.645;20;10336855854;B
20240513;100009;42.62;10;10336856154;S
20240513;100009;42.62;10;10336856155;S
20240513;100009;42.645;10;10336856181;B
20240513;100009;42.62;10;10336856182;S
20240513;100009;42.645;10;10336856186;B
20240513;100009;42.62;10;10336856187;S
20240513;100009;42.645;50;10336856561;B
20240513;100009;42.645;10;10336857072;B
20240513;100009;42.615;50;10336857083;S
20240513;100009;42.615;10;10336857090;S
20240513;100009;42.645;10;10336857099;B
20240513;100009;42.615;10;10336857105;S
20240513;100009;42.615;10;10336857131;S
20240513;100009;42.615;10;10336857143;S
20240513;100009;42.615;10;10336857151;S
20240513;100009;42.615;20;10336857159;S
20240513;100009;42.615;30;10336857168;S
20240513;100009;42.615;10;10336857187;S
20240513;100009;42.615;80;10336857194;S
20240513;100009;42.605;10;10336857195;S
20240513;100009;42.605;500;10336857196;S
20240513;100009;42.6;210;10336857197;S
20240513;100009;42.595;750;10336857198;S
20240513;100009;42.6;20;10336857204;S
20240513;100009;42.6;30;10336857217;S
20240513;100009;42.635;10;10336857218;B
20240513;100009;42.6;30;10336857226;S
20240513;100009;42.635;80;10336857230;B
20240513;100009;42.6;300;10336857890;S
20240513;100009;42.6;10;10336857901;S
20240513;100009;42.595;10;10336857902;S
20240513;100010;42.6;360;10336858661;S
20240513;100010;42.635;250;10336858928;B
20240513;100010;42.625;80;10336859131;S
20240513;100010;42.635;100;10336859168;B
20240513;100010;42.645;120;10336859169;B
20240513;100010;42.645;270;10336859170;B
20240513;100010;42.645;150;10336859171;B
20240513;100010;42.625;10;10336859224;S
20240513;100011;42.625;210;10336859315;S
20240513;100011;42.615;260;10336859316;S
20240513;100011;42.645;90;10336859383;B
20240513;100011;42.62;280;10336859391;S
20240513;100012;42.635;390;10336859868;B
20240513;100012;42.645;2360;10336859869;B
20240513;100012;42.645;4290;10336859870;B
20240513;100012;42.65;3140;10336859871;B
20240513;100012;42.65;1270;10336859872;B
20240513;100012;42.665;180;10336859873;B
20240513;100012;42.67;10;10336859874;B
20240513;100012;42.67;110;10336859875;B
20240513;100012;42.67;3250;10336859876;B
20240513;100014;42.615;10;10336860876;S
20240513;100018;42.655;10;10336862091;B
20240513;100018;42.66;40;10336862092;B
20240513;100018;42.625;120;10336862291;S
20240513;100025;42.62;390;10336864846;S
20240513;100025;42.605;1420;10336864847;S
20240513;100025;42.615;10;10336865065;S
20240513;100026;42.64;330;10336865436;B
20240513;100026;42.65;90;10336865437;B
20240513;100026;42.65;280;10336865438;B
20240513;100026;42.65;1300;10336865439;B
20240513;100031;42.645;10000;10336867281;S
20240513;100037;42.63;90;10336869170;S
20240513;100040;42.62;110;10336869970;S
20240513;100040;42.615;6870;10336870257;S
20240513;100041;42.64;50;10336870335;B
20240513;100042;42.64;120;10336870764;B
20240513;100044;42.63;50;10336871388;S
20240513;100049;42.63;10;10336872920;S
20240513;100049;42.65;10;10336873206;B
20240513;100049;42.65;390;10336873207;B
20240513;100050;42.655;500;10336873339;S
20240513;100055;42.655;2000;10336874889;S
20240513;100058;42.66;110;10336875861;S
20240513;100059;42.66;390;10336876157;S
20240513;100059;42.655;100;10336876158;S
20240513;100059;42.65;390;10336876159;S
20240513;100059;42.64;350;10336876160;S
20240513;100059;42.64;50;10336876372;S
20240513;100101;42.64;300;10336877085;S
20240513;100101;42.64;10;10336877264;S
20240513;100105;42.63;20;10336878726;S
20240513;100107;42.635;10;10336879350;S
20240513;100107;42.64;40;10336879404;B
20240513;100107;42.64;90;10336879564;B
20240513;100114;42.635;50;10336881236;S
20240513;100116;42.635;5000;10336881751;S
20240513;100119;42.64;20;10336882495;B
20240513;100119;42.635;80;10336882506;S
20240513;100120;42.635;3300;10336882672;S
20240513;100120;42.635;10;10336882673;S
20240513;100120;42.635;10;10336882674;S
20240513;100120;42.635;10;10336882675;S
20240513;100123;42.63;10;10336883655;S
20240513;100124;42.63;10;10336883831;S
20240513;100124;42.63;10;10336884042;S
20240513;100125;42.63;10;10336884211;S
20240513;100126;42.63;10;10336884382;S
20240513;100126;42.63;10;10336884555;S
20240513;100127;42.63;10;10336884698;S
20240513;100128;42.63;10;10336884966;S
20240513;100128;42.63;10;10336885109;S
20240513;100129;42.63;10;10336885292;S
20240513;100129;42.63;10;10336885475;S
20240513;100130;42.63;10;10336885668;S
20240513;100131;42.63;10;10336885817;S
20240513;100131;42.63;10;10336885992;S
20240513;100132;42.63;10;10336886103;S
20240513;100132;42.63;50;10336886199;S
20240513;100133;42.63;10;10336886246;S
20240513;100133;42.63;20;10336886274;S
20240513;100133;42.63;10;10336886378;S
20240513;100134;42.63;10;10336886532;S
20240513;100134;42.63;10;10336886768;S
20240513;100135;42.63;10;10336886894;S
20240513;100136;42.63;10;10336887086;S
20240513;100136;42.63;10;10336887190;S
20240513;100137;42.63;10;10336887287;S
20240513;100137;42.63;10;10336887412;S
20240513;100137;42.635;10;10336887436;B
20240513;100138;42.635;10;10336887669;B
20240513;100140;42.635;80;10336888008;B
20240513;100140;42.63;10;10336888075;S
20240513;100141;42.63;1000;10336888130;S
20240513;100141;42.63;10;10336888269;S
20240513;100141;42.63;10;10336888433;S
20240513;100142;42.63;10;10336888573;S
20240513;100143;42.63;100;10336888844;S
20240513;100144;42.635;100;10336889257;B
20240513;100148;42.63;130;10336890588;S
20240513;100151;42.635;1470;10336891477;B
20240513;100151;42.635;500;10336891478;B
20240513;100151;42.635;500;10336891479;B
20240513;100151;42.64;250;10336891480;B
20240513;100151;42.64;3940;10336891481;B
20240513;100153;42.635;260;10336891882;S
20240513;100155;42.635;50;10336892455;S
20240513;100157;42.635;90;10336892775;S
20240513;100158;42.635;500;10336893083;S
20240513;100200;42.64;100;10336893420;B
20240513;100200;42.64;210;10336893827;B
20240513;100201;42.635;500;10336893851;S
20240513;100201;42.635;480;10336893852;S
20240513;100201;42.63;340;10336893853;S
20240513;100201;42.63;10;10336893854;S
20240513;100201;42.63;2870;10336893855;S
20240513;100201;42.605;20;10336894009;S
20240513;100203;42.605;8420;10336894442;S
20240513;100203;42.605;1000;10336894443;S
20240513;100203;42.6;20;10336894444;S
20240513;100203;42.6;480;10336894445;S
20240513;100203;42.595;100;10336894446;S
20240513;100203;42.59;30;10336894447;S
20240513;100203;42.59;700;10336894448;S
20240513;100203;42.59;540;10336894449;S
20240513;100203;42.585;390;10336894450;S
20240513;100203;42.575;2000;10336894451;S
20240513;100203;42.57;1320;10336894452;S
20240513;100209;42.625;390;10336896434;B
20240513;100209;42.625;10;10336896435;B
20240513;100209;42.62;390;10336896436;S
20240513;100211;42.62;10;10336896967;S
20240513;100215;42.62;50;10336897832;S
20240513;100215;42.62;950;10336897879;S
20240513;100215;42.62;530;10336897880;S
20240513;100215;42.62;520;10336897881;S
20240513;100222;42.605;1000;10336899309;S
20240513;100222;42.605;540;10336899310;S
20240513;100222;42.6;640;10336899311;S
20240513;100227;42.62;40;10336900639;B
20240513;100238;42.6;240;10336903015;S
20240513;100240;42.595;20;10336903757;B
20240513;100247;42.605;340;10336905109;S
20240513;100247;42.605;520;10336905110;S
20240513;100247;42.605;1000;10336905111;S
20240513;100247;42.6;140;10336905112;S
20240513;100249;42.59;390;10336905401;S
20240513;100249;42.59;80;10336905402;S
20240513;100254;42.595;100;10336906802;S
20240513;100259;42.595;510;10336907970;S
20240513;100300;42.6;500;10336908139;B
20240513;100300;42.6;10;10336908179;B
20240513;100304;42.595;1000;10336909361;S
20240513;100304;42.595;180;10336909362;S
20240513;100308;42.59;1000;10336910358;S
20240513;100313;42.59;50;10336911208;S
20240513;100317;42.59;20;10336912427;S
20240513;100319;42.59;20;10336912985;S
20240513;100332;42.575;1890;10336915994;S
20240513;100342;42.595;10;10336918774;B
20240513;100350;42.595;100;10336920247;B
20240513;100350;42.595;10;10336920310;B
20240513;100352;42.595;20;10336920745;B
20240513;100404;42.59;10;10336923677;S
20240513;100406;42.595;20;10336924161;B
20240513;100407;42.595;1820;10336924364;B
20240513;100407;42.6;2490;10336924365;B
20240513;100407;42.6;300;10336924366;B
20240513;100407;42.6;100;10336924367;B
20240513;100407;42.6;490;10336924368;B
20240513;100415;42.62;10;10336926268;S
20240513;100418;42.62;10;10336926790;S
20240513;100421;42.625;30;10336927473;B
20240513;100425;42.625;70;10336928193;B
20240513;100425;42.625;140;10336928194;B
20240513;100426;42.625;10;10336928457;B
20240513;100428;42.605;400;10336929011;S
20240513;100430;42.605;900;10336929531;S
20240513;100430;42.605;1100;10336929532;S
20240513;100440;42.62;20;10336931821;S
20240513;100453;42.62;1000;10336934461;S
20240513;100456;42.625;10;10336935099;B
20240513;100507;42.625;2840;10336937478;B
20240513;100507;42.63;3160;10336937479;B
20240513;100508;42.625;30;10336937849;B
20240513;100511;42.62;1000;10336938285;S
20240513;100511;42.62;10;10336938324;S
20240513;100515;42.625;10;10336939081;B
20240513;100517;42.62;150;10336939460;S
20240513;100519;42.62;1030;10336939908;S
20240513;100520;42.62;1000;10336940016;S
20240513;100526;42.625;10;10336941239;B
20240513;100530;42.625;2550;10336942094;B
20240513;100530;42.625;1540;10336942095;B
20240513;100530;42.625;910;10336942096;B
20240513;100538;42.62;70;10336943870;S
20240513;100541;42.62;170;10336944661;S
20240513;100546;42.62;500;10336945594;S
20240513;100547;42.625;20;10336945704;B
20240513;100548;42.625;10;10336946012;B
20240513;100551;42.62;410;10336946481;S
20240513;100554;42.62;640;10336947094;S
20240513;100554;42.62;580;10336947095;S
20240513;100554;42.62;4900;10336947096;S
20240513;100555;42.625;30;10336947381;B
20240513;100555;42.625;10;10336947448;B
20240513;100558;42.62;10;10336947881;S
20240513;100558;42.625;30;10336947967;B
20240513;100602;42.62;20;10336948990;S
20240513;100606;42.625;10;10336950156;B
20240513;100608;42.62;10;10336950603;S
20240513;100608;42.625;2590;10336950744;B
20240513;100608;42.625;410;10336950745;B
20240513;100609;42.625;10;10336950892;B
20240513;100614;42.62;60;10336952180;S
20240513;100614;42.62;610;10336952181;S
20240513;100614;42.62;2120;10336952182;S
20240513;100614;42.615;1650;10336952183;S
20240513;100614;42.61;1000;10336952184;S
20240513;100616;42.61;100;10336952432;B
20240513;100622;42.61;10;10336953762;B
20240513;100623;42.61;10300;10336954055;B
20240513;100628;42.625;10;10336955171;B
20240513;100629;42.625;20;10336955394;B
20240513;100632;42.62;2360;10336956154;B
20240513;100635;42.625;30;10336956812;B
20240513;100639;42.625;10;10336957689;B
20240513;100647;42.615;30;10336959518;S
20240513;100647;42.625;1200;10336959534;B
20240513;100649;42.615;30;10336959860;S
20240513;100650;42.625;20;10336960210;B
20240513;100651;42.625;20;10336960333;B
20240513;100658;42.625;10;10336961862;B
20240513;100700;42.62;8440;10336962380;B
20240513;100700;42.625;380;10336962388;B
20240513;100700;42.625;3810;10336962389;B
20240513;100700;42.625;500;10336962390;B
20240513;100700;42.625;10;10336962391;B
20240513;100700;42.625;10;10336962392;B
20240513;100700;42.625;2360;10336962394;B
20240513;100700;42.625;2360;10336962395;B
20240513;100700;42.625;2360;10336962396;B
20240513;100700;42.625;2360;10336962397;B
20240513;100701;42.63;10;10336962514;B
20240513;100701;42.63;8630;10336962563;B
20240513;100701;42.63;380;10336962564;B
20240513;100701;42.63;390;10336962565;B
20240513;100701;42.63;200;10336962566;B
20240513;100701;42.63;640;10336962567;B
20240513;100702;42.635;590;10336962735;B
20240513;100705;42.635;10;10336963316;B
20240513;100708;42.635;400;10336963854;B
20240513;100708;42.635;90;10336963855;B
20240513;100718;42.64;1290;10336965856;B
20240513;100722;42.64;10;10336966939;B
20240513;100723;42.635;100;10336967036;S
20240513;100727;42.63;10;10336967823;S
20240513;100727;42.625;10;10336967824;S
20240513;100727;42.63;2360;10336967864;B
20240513;100727;42.63;2360;10336967865;B
20240513;100727;42.63;2360;10336967866;B
20240513;100727;42.63;2360;10336967867;B
20240513;100728;42.63;2360;10336967868;B
20240513;100728;42.63;1070;10336967869;B
20240513;100731;42.625;90;10336968717;S
20240513;100731;42.625;50;10336968718;S
20240513;100733;42.62;40;10336969025;S
20240513;100735;42.63;150;10336969492;B
20240513;100744;42.64;3450;10336971199;B
20240513;100744;42.64;3450;10336971210;B
20240513;100749;42.635;80;10336972143;S
20240513;100749;42.64;4630;10336972253;B
20240513;100750;42.645;360;10336972429;B
20240513;100750;42.645;20;10336972430;B
20240513;100750;42.645;650;10336972431;B
20240513;100750;42.65;10;10336972432;B
20240513;100750;42.65;500;10336972433;B
20240513;100750;42.65;150;10336972434;B
20240513;100750;42.65;90;10336972435;B
20240513;100750;42.65;8220;10336972436;B
20240513;100754;42.65;10;10336973085;B
20240513;100756;42.65;9820;10336973477;B
20240513;100756;42.65;100;10336973478;B
20240513;100756;42.65;80;10336973479;B
20240513;100807;42.645;140;10336975375;S
20240513;100807;42.645;1650;10336975376;S
20240513;100807;42.645;660;10336975377;S
20240513;100807;42.64;1550;10336975378;S
20240513;100811;42.65;120;10336976282;S
20240513;100813;42.65;150;10336976455;S
20240513;100814;42.65;40;10336976643;S
20240513;100816;42.655;10;10336977218;B
20240513;100816;42.66;40;10336977219;B
20240513;100818;42.655;10;10336977582;S
20240513;100821;42.655;650;10336977970;B
20240513;100821;42.66;20;10336977971;B
20240513;100821;42.66;8430;10336977972;B
20240513;100821;42.665;900;10336977973;B
20240513;100829;42.65;10;10336979740;S
20240513;100832;42.66;60;10336980274;B
20240513;100834;42.665;100;10336980589;B
20240513;100835;42.66;230;10336980765;S
20240513;100844;42.66;10;10336982281;S
20240513;100846;42.66;20;10336982600;S
20240513;100849;42.66;20;10336983213;S
20240513;100850;42.66;20;10336983442;S
20240513;100854;42.665;10;10336984133;B
20240513;100854;42.665;20;10336984134;B
20240513;100859;42.665;350;10336985014;S
20240513;100907;42.67;10;10336986574;B
20240513;100909;42.67;10;10336987121;B
20240513;100909;42.67;260;10336987122;B
20240513;100912;42.665;10;10336987645;S
20240513;100915;42.665;10;10336988232;S
20240513;100924;42.665;10;10336989848;S
20240513;100924;42.665;40;10336989943;S
20240513;100929;42.66;2000;10336990817;S
20240513;100930;42.66;10;10336990864;S
20240513;100932;42.675;10;10336991193;B
20240513;100933;42.66;50;10336991264;S
20240513;100941;42.67;750;10336992584;B
20240513;100947;42.665;10;10336993667;S
20240513;100948;42.66;50;10336993760;S
20240513;100951;42.665;10;10336994507;B
20240513;100953;42.67;120;10336994914;B
20240513;100953;42.67;10;10336994915;B
20240513;100953;42.675;620;10336994916;B
20240513;100953;42.68;230;10336994917;B
20240513;100953;42.68;10;10336994918;B
20240513;100953;42.68;1260;10336994919;B
20240513;100953;42.685;10;10336994926;B
20240513;100953;42.69;90;10336994927;B
20240513;100956;42.67;10;10336995357;B
20240513;100958;42.665;40;10336995621;S
20240513;100958;42.665;60;10336995622;S
20240513;101008;42.67;10;10336997525;B
20240513;101009;42.665;80;10336997641;S
20240513;101011;42.665;150;10336997951;S
20240513;101011;42.665;850;10336997952;S
20240513;101013;42.67;10;10336998449;B
20240513;101013;42.67;40;10336998450;B
20240513;101013;42.665;100;10336998517;S
20240513;101014;42.665;50;10336998708;S
20240513;101014;42.665;450;10336998709;S
20240513;101020;42.665;240;10337000030;B
20240513;101027;42.675;610;10337001883;B
20240513;101027;42.68;30;10337001884;B
20240513;101027;42.68;30;10337001885;B
20240513;101027;42.68;10;10337001886;B
20240513;101027;42.68;820;10337001887;B
20240513;101029;42.67;90;10337002473;B
20240513;101037;42.67;610;10337004259;B
20240513;101037;42.67;2390;10337004260;B
20240513;101040;42.665;20;10337004829;S
20240513;101040;42.665;80;10337004830;S
20240513;101041;42.665;20;10337004969;S
20240513;101041;42.66;780;10337004970;S
20240513;101050;42.66;230;10337006365;S
20240513;101059;42.665;500;10337007735;S
20240513;101104;42.665;1000;10337008525;S
20240513;101105;42.67;3450;10337008583;B
20240513;101105;42.67;590;10337008584;B
20240513;101105;42.675;8430;10337008585;B
20240513;101105;42.68;1000;10337008586;B
20240513;101105;42.685;120;10337008587;B
20240513;101105;42.685;10;10337008588;B
20240513;101105;42.69;10;10337008589;B
20240513;101105;42.69;1000;10337008590;B
20240513;101105;42.695;800;10337008591;B
20240513;101105;42.7;10;10337008592;B
20240513;101105;42.7;90;10337008593;B
20240513;101105;42.7;1000;10337008594;B
20240513;101105;42.7;110;10337008595;B
20240513;101105;42.7;50;10337008596;B
20240513;101105;42.7;200;10337008597;B
20240513;101105;42.71;7500;10337008598;B
20240513;101105;42.72;50;10337008599;B
20240513;101105;42.72;1200;10337008600;B
20240513;101105;42.72;50;10337008601;B
20240513;101105;42.725;10;10337008602;B
20240513;101105;42.725;10;10337008603;B
20240513;101105;42.725;1000;10337008604;B
20240513;101105;42.73;300;10337008605;B
20240513;101105;42.73;10;10337008606;B
20240513;101105;42.73;530;10337008607;B
20240513;101105;42.73;1650;10337008608;B
20240513;101105;42.73;3060;10337008609;B
20240513;101105;42.735;1180;10337008610;B
20240513;101105;42.735;1070;10337008611;B
20240513;101105;42.735;5510;10337008612;B
20240513;101105;42.685;500;10337008678;S
20240513;101105;42.7;120;10337008768;B
20240513;101111;42.69;2700;10337009624;B
20240513;101111;42.69;600;10337009625;B
20240513;101111;42.69;180;10337009705;S
20240513;101113;42.695;10;10337009944;B
20240513;101113;42.7;10;10337009945;B
20240513;101117;42.695;80;10337010687;S
20240513;101123;42.7;40;10337011779;B
20240513;101124;42.7;150;10337012070;B
20240513;101124;42.7;20;10337012071;B
20240513;101124;42.7;10;10337012072;B
20240513;101124;42.7;600;10337012073;B
20240513;101124;42.7;1650;10337012074;B
20240513;101125;42.7;160;10337012194;B
20240513;101128;42.7;70;10337012848;B
20240513;101131;42.695;20;10337013372;S
20240513;101131;42.69;620;10337013373;S
20240513;101131;42.685;2020;10337013374;S
20240513;101131;42.675;7060;10337013375;S
20240513;101131;42.675;3060;10337013376;S
20240513;101131;42.67;10000;10337013377;S
20240513;101131;42.67;610;10337013378;S
20240513;101131;42.67;100;10337013379;S
20240513;101132;42.665;10;10337013527;S
20240513;101133;42.67;200;10337013669;B
20240513;101135;42.665;30;10337014041;S
20240513;101136;42.665;1460;10337014209;S
20240513;101136;42.66;1520;10337014210;S
20240513;101136;42.66;20;10337014211;S
20240513;101136;42.66;10;10337014212;S
20240513;101136;42.66;10;10337014213;S
20240513;101136;42.66;1000;10337014214;S
20240513;101136;42.66;5000;10337014215;S
20240513;101136;42.66;640;10337014216;S
20240513;101136;42.66;2110;10337014217;S
20240513;101136;42.655;5000;10337014218;S
20240513;101136;42.65;1320;10337014219;S
20240513;101136;42.65;50;10337014220;S
20240513;101141;42.645;690;10337015052;B
20240513;101141;42.645;1550;10337015053;B
20240513;101141;42.645;8440;10337015054;B
20240513;101141;42.65;1320;10337015055;B
20240513;101147;42.64;10;10337016378;S
20240513;101148;42.64;440;10337016516;S
20240513;101148;42.64;100;10337016517;S
20240513;101148;42.64;100;10337016518;S
20240513;101148;42.64;1710;10337016519;S
20240513;101151;42.64;8290;10337017083;S
20240513;101151;42.63;1770;10337017085;S
20240513;101151;42.63;1350;10337017086;S
20240513;101151;42.63;6880;10337017087;S
20240513;101151;42.63;10;10337017088;S
20240513;101151;42.625;360;10337017090;S
20240513;101151;42.62;10;10337017091;S
20240513;101152;42.62;100;10337017254;B
20240513;101156;42.615;50;10337017804;S
20240513;101156;42.615;420;10337017805;S
20240513;101200;42.615;30;10337018641;S
20240513;101203;42.615;10;10337019270;S
20240513;101204;42.62;10;10337019445;B
20240513;101207;42.62;10;10337019917;B
20240513;101211;42.62;690;10337020535;B
20240513;101211;42.625;1310;10337020536;B
20240513;101214;42.615;10;10337021145;S
20240513;101217;42.62;200;10337021665;S
20240513;101220;42.62;170;10337022548;S
20240513;101220;42.615;160;10337022549;S
20240513;101224;42.615;370;10337023397;S
20240513;101233;42.61;80;10337024868;S
20240513;101233;42.61;20;10337024876;S
20240513;101233;42.61;40;10337024877;S
20240513;101234;42.615;1630;10337025093;B
20240513;101234;42.615;370;10337025094;B
20240513;101234;42.61;10;10337025110;S
20240513;101236;42.615;10;10337025331;B
20240513;101238;42.61;30;10337025601;S
20240513;101238;42.61;70;10337025602;S
20240513;101248;42.615;10;10337027360;B
20240513;101251;42.615;1650;10337027803;S
20240513;101251;42.615;1820;10337027804;S
20240513;101257;42.62;50;10337028726;B
20240513;101257;42.615;2000;10337028738;S
20240513;101304;42.61;930;10337029877;S
20240513;101304;42.61;3000;10337029878;S
20240513;101310;42.605;100;10337030836;S
20240513;101310;42.6;2400;10337030837;S
20240513;101311;42.6;170;10337030909;S
20240513;101339;42.6;5000;10337036164;S
20240513;101343;42.6;1000;10337036781;S
20240513;101348;42.6;50;10337037701;S
20240513;101348;42.61;30;10337037726;B
20240513;101348;42.61;30;10337037727;B
20240513;101352;42.61;10;10337038388;B
20240513;101357;42.605;20;10337039118;B
20240513;101359;42.605;10;10337039326;B
20240513;101400;42.6;100;10337039452;S
20240513;101400;42.6;20;10337039570;S
20240513;101410;42.6;680;10337041005;S
20240513;101416;42.605;40;10337041902;B
20240513;101417;42.6;10;10337042090;S
20240513;101420;42.605;30;10337042528;B
20240513;101420;42.605;100;10337042529;B
20240513;101420;42.605;800;10337042530;B
20240513;101420;42.605;1650;10337042531;B
20240513;101420;42.605;1420;10337042532;B
20240513;101420;42.605;10;10337042548;B
20240513;101422;42.6;2500;10337042809;S
20240513;101422;42.605;10;10337042840;B
20240513;101424;42.6;200;10337043081;S
20240513;101426;42.6;6100;10337043591;S
20240513;101432;42.6;20;10337044375;S
20240513;101432;42.6;6710;10337044506;S
20240513;101432;42.6;600;10337044507;S
20240513;101432;42.6;18990;10337044508;S
20240513;101435;42.6;20;10337044991;S
20240513;101435;42.6;60;10337044992;S
20240513;101435;42.6;170;10337044993;S
20240513;101435;42.6;10;10337044994;S
20240513;101435;42.6;290;10337044995;S
20240513;101436;42.6;10;10337045099;S
20240513;101436;42.6;10;10337045109;S
20240513;101436;42.6;10;10337045110;S
20240513;101436;42.6;10;10337045146;S
20240513;101436;42.6;10;10337045147;S
20240513;101439;42.605;20;10337045699;B
20240513;101439;42.6;20;10337045700;S
20240513;101439;42.6;50;10337045701;S
20240513;101442;42.6;540;10337046119;S
20240513;101442;42.6;60;10337046120;S
20240513;101442;42.6;50;10337046121;S
20240513;101442;42.6;1170;10337046122;S
20240513;101442;42.6;100;10337046123;S
20240513;101442;42.6;2930;10337046124;S
20240513;101442;42.6;20;10337046125;S
20240513;101443;42.605;10;10337046298;B
20240513;101445;42.6;10;10337046535;S
20240513;101448;42.605;10;10337046946;B
20240513;101455;42.6;10;10337047842;S
20240513;101455;42.605;10;10337047863;B
20240513;101457;42.605;10;10337048282;B
20240513;101501;42.605;10;10337049007;B
20240513;101502;42.605;100;10337049074;B
20240513;101502;42.6;10;10337049239;S
20240513;101505;42.6;500;10337049824;S
20240513;101507;42.6;10;10337050651;S
20240513;101509;42.6;1000;10337051007;S
20240513;101509;42.6;460;10337051125;S
20240513;101509;42.6;500;10337051126;S
20240513;101509;42.6;300;10337051127;S
20240513;101509;42.6;10;10337051128;S
20240513;101509;42.6;2730;10337051129;S
20240513;101509;42.605;10;10337051295;B
20240513;101509;42.6;10;10337051296;S
20240513;101511;42.6;10;10337051655;S
20240513;101513;42.6;100;10337052048;S
20240513;101514;42.6;110;10337052418;S
20240513;101515;42.6;10;10337052762;S
20240513;101516;42.6;20;10337053004;S
20240513;101516;42.6;40;10337053005;S
20240513;101516;42.6;10;10337053006;S
20240513;101517;42.6;10;10337053207;S
20240513;101517;42.6;20;10337053208;S
20240513;101518;42.6;140;10337053626;S
20240513;101519;42.605;1000;10337053745;B
20240513;101521;42.6;10;10337054150;S
20240513;101521;42.6;10;10337054151;S
20240513;101523;42.605;100;10337054807;B
20240513;101524;42.605;10;10337055110;B
20240513;101526;42.605;10;10337055559;B
20240513;101532;42.6;30;10337056999;S
20240513;101532;42.605;50;10337057005;B
20240513;101543;42.6;20;10337059856;S
20240513;101543;42.6;10;10337059857;S
20240513;101545;42.6;210;10337060323;S
20240513;101545;42.6;230;10337060324;S
20240513;101545;42.6;10;10337060325;S
20240513;101545;42.595;10;10337060343;S
20240513;101545;42.59;490;10337060344;S
20240513;101553;42.595;1250;10337062427;B
20240513;101554;42.595;110;10337062676;B
20240513;101555;42.595;20;10337062952;B
20240513;101555;42.595;10;10337062988;B
20240513;101559;42.59;510;10337063745;S
20240513;101559;42.585;80;10337063746;S
20240513;101559;42.585;180;10337063747;S
20240513;101559;42.58;300;10337063748;S
20240513;101559;42.58;20;10337063749;S
20240513;101606;42.575;20;10337065197;S
20240513;101614;42.575;10;10337066853;S
20240513;101614;42.575;180;10337066854;S
20240513;101620;42.585;10;10337068136;B
20240513;101620;42.585;10;10337068137;B
20240513;101620;42.585;10;10337068138;B
20240513;101620;42.585;10;10337068139;B
20240513;101620;42.585;10;10337068140;B
20240513;101620;42.585;390;10337068141;B
20240513;101620;42.585;760;10337068142;B
20240513;101623;42.595;10;10337068740;B
20240513;101623;42.595;40;10337068741;B
20240513;101627;42.575;900;10337069879;S
20240513;101630;42.575;200;10337070573;S
20240513;101652;42.575;890;10337075866;S
20240513;101652;42.575;2970;10337075867;S
20240513;101652;42.57;1000;10337075868;S
20240513;101652;42.57;10;10337075869;S
20240513;101652;42.57;70;10337075870;S
20240513;101652;42.565;900;10337075871;S
20240513;101652;42.565;1000;10337075872;S
20240513;101652;42.55;1000;10337075873;S
20240513;101652;42.55;200;10337075874;S
20240513;101652;42.55;10;10337075875;S
20240513;101652;42.55;20;10337075876;S
20240513;101652;42.545;1000;10337075877;S
20240513;101652;42.545;930;10337075878;S
20240513;101653;42.555;170;10337075976;S
20240513;101653;42.555;100;10337076071;S
20240513;101655;42.565;100;10337076501;S
20240513;101657;42.57;10;10337077013;B
20240513;101701;42.565;1000;10337077721;S
20240513;101711;42.575;20;10337079663;B
20240513;101714;42.565;2350;10337080112;S
20240513;101720;42.565;10;10337081553;B
20240513;101722;42.57;150;10337082010;B
20240513;101722;42.57;270;10337082011;B
20240513;101723;42.565;870;10337082300;S
20240513;101723;42.565;980;10337082301;S
20240513;101725;42.565;80;10337082595;B
20240513;101727;42.565;100;10337082963;B
20240513;101732;42.56;10;10337084037;S
20240513;101732;42.555;900;10337084069;S
20240513;101732;42.555;2890;10337084070;S
20240513;101732;42.555;1000;10337084071;S
20240513;101732;42.55;70;10337084072;S
20240513;101732;42.54;30;10337084073;S
20240513;101732;42.54;7060;10337084074;S
20240513;101732;42.535;1310;10337084075;S
20240513;101732;42.535;6500;10337084076;S
20240513;101732;42.535;390;10337084077;S
20240513;101732;42.525;100;10337084078;S
20240513;101732;42.525;1000;10337084079;S
20240513;101732;42.525;6870;10337084080;S
20240513;101732;42.52;4000;10337084081;S
20240513;101732;42.52;12000;10337084082;S
20240513;101732;42.52;540;10337084083;S
20240513;101732;42.52;800;10337084084;S
20240513;101732;42.515;50;10337084085;S
20240513;101732;42.515;1000;10337084086;S
20240513;101732;42.515;300;10337084087;S
20240513;101732;42.515;8450;10337084088;S
20240513;101732;42.51;1050;10337084089;S
20240513;101732;42.51;1070;10337084090;S
20240513;101732;42.505;200;10337084091;S
20240513;101732;42.505;70;10337084092;S
20240513;101732;42.505;10;10337084093;S
20240513;101732;42.505;100;10337084094;S
20240513;101732;42.505;110;10337084095;S
20240513;101732;42.505;10;10337084096;S
20240513;101732;42.505;10;10337084097;S
20240513;101732;42.505;1650;10337084098;S
20240513;101732;42.5;30;10337084099;S
20240513;101732;42.5;10;10337084100;S
20240513;101732;42.5;10;10337084101;S
20240513;101732;42.5;10;10337084102;S
20240513;101732;42.5;30;10337084103;S
20240513;101732;42.5;10;10337084104;S
20240513;101732;42.5;10;10337084105;S
20240513;101732;42.5;10;10337084106;S
20240513;101732;42.5;10;10337084107;S
20240513;101732;42.5;20;10337084108;S
20240513;101732;42.5;40;10337084109;S
20240513;101732;42.5;10;10337084110;S
20240513;101732;42.5;10;10337084111;S
20240513;101732;42.5;10;10337084112;S
20240513;101732;42.5;50;10337084113;S
20240513;101732;42.5;10;10337084114;S
20240513;101732;42.5;10;10337084115;S
20240513;101732;42.5;10;10337084116;S
20240513;101732;42.5;10;10337084117;S
20240513;101732;42.5;20;10337084118;S
20240513;101732;42.5;20;10337084119;S
20240513;101732;42.5;10;10337084120;S
20240513;101732;42.5;10;10337084121;S
20240513;101732;42.5;100;10337084122;S
20240513;101732;42.5;20;10337084123;S
20240513;101732;42.5;60;10337084124;S
20240513;101732;42.5;22680;10337084125;S
20240513;101732;42.545;2890;10337084126;S
20240513;101732;42.515;850;10337084134;S
20240513;101732;42.51;10;10337084186;S
20240513;101732;42.515;10;10337084265;S
20240513;101733;42.525;2930;10337084413;B
20240513;101735;42.515;30;10337084863;S
20240513;101735;42.515;1000;10337084864;S
20240513;101735;42.515;920;10337084865;S
20240513;101735;42.51;1130;10337084866;S
20240513;101735;42.505;60;10337084867;S
20240513;101735;42.505;240;10337084868;S
20240513;101735;42.5;290;10337084869;S
20240513;101735;42.525;200;10337084875;B
20240513;101736;42.505;2360;10337085038;S
20240513;101736;42.505;1000;10337085039;S
20240513;101736;42.5;310;10337085040;S
20240513;101742;42.535;50;10337086574;B
20240513;101743;42.535;10;10337087038;B
20240513;101747;42.52;20;10337087675;S
20240513;101749;42.52;10;10337088030;S
20240513;101751;42.52;1620;10337088362;S
20240513;101751;42.52;1000;10337088363;S
20240513;101751;42.52;220;10337088364;S
20240513;101755;42.535;100;10337089358;B
20240513;101802;42.535;10;10337090996;B
20240513;101803;42.525;30;10337091199;S
20240513;101810;42.535;10;10337093317;B
20240513;101812;42.535;100;10337093683;B
20240513;101819;42.535;10;10337095720;B
20240513;101828;42.53;40;10337098535;S
20240513;101828;42.53;940;10337098536;S
20240513;101828;42.53;530;10337098537;S
20240513;101831;42.535;890;10337099378;B
20240513;101831;42.535;100;10337099379;B
20240513;101831;42.535;20;10337099380;B
20240513;101831;42.535;540;10337099381;B
20240513;101831;42.54;940;10337099382;B
20240513;101831;42.545;510;10337099383;B
20240513;101836;42.545;300;10337100694;B
20240513;101843;42.55;10;10337102241;B
20240513;101847;42.55;120;10337103130;B
20240513;101847;42.55;100;10337103131;B
20240513;101855;42.55;40;10337104948;S
20240513;101905;42.56;260;10337106970;B
20240513;101914;42.555;10;10337108616;S
20240513;101916;42.555;250;10337109076;S
20240513;101918;42.56;100;10337109607;B
20240513;101919;42.56;50;10337109839;B
20240513;101943;42.57;10;10337115515;B
20240513;101943;42.57;30;10337115568;B
20240513;101944;42.57;100;10337115757;B
20240513;101946;42.565;100;10337116162;S
20240513;101950;42.56;440;10337116944;S
20240513;101955;42.565;10;10337117907;B
20240513;101958;42.56;60;10337118553;S
20240513;101958;42.55;360;10337118554;S
20240513;102003;42.55;30;10337119765;S
20240513;102003;42.545;1250;10337119766;S
20240513;102005;42.535;280;10337120130;S
20240513;102013;42.54;10;10337122097;B
20240513;102013;42.54;10;10337122178;B
20240513;102022;42.545;10;10337124617;B
20240513;102022;42.545;1300;10337124618;B
20240513;102022;42.545;10;10337124619;B
20240513;102022;42.545;10;10337124620;B
20240513;102022;42.545;3670;10337124621;B
20240513;102023;42.535;720;10337124907;S
20240513;102023;42.53;1470;10337124908;S
20240513;102030;42.52;900;10337128625;S
20240513;102030;42.52;400;10337128626;S
20240513;102047;42.52;10;10337135201;S
20240513;102056;42.525;90;10337138297;S
20240513;102058;42.53;10;10337138764;B
20240513;102058;42.535;10;10337139213;B
20240513;102058;42.53;10;10337139276;B
20240513;102104;42.525;10;10337141369;S
20240513;102110;42.525;30;10337143903;S
20240513;102111;42.53;1300;10337144185;B
20240513;102116;42.535;30;10337145585;S
20240513;102120;42.535;40;10337146946;S
20240513;102124;42.535;10;10337149056;S
20240513;102124;42.54;360;10337149180;B
20240513;102124;42.54;100;10337149181;B
20240513;102124;42.54;1000;10337149182;B
20240513;102124;42.545;10;10337149183;B
20240513;102124;42.545;10;10337149184;B
20240513;102124;42.545;10;10337149185;B
20240513;102124;42.545;880;10337149186;B
20240513;102124;42.55;1300;10337149187;B
20240513;102124;42.55;8460;10337149188;B
20240513;102124;42.555;10;10337149195;S
20240513;102124;42.555;10;10337149201;S
20240513;102124;42.555;10;10337149211;S
20240513;102124;42.555;10;10337149237;S
20240513;102124;42.555;10;10337149316;S
20240513;102125;42.555;10;10337149332;S
20240513;102125;42.555;10;10337149367;S
20240513;102125;42.555;10;10337149412;S
20240513;102125;42.555;10;10337149431;S
20240513;102125;42.555;10;10337149476;S
20240513;102125;42.555;20;10337149554;S
20240513;102126;42.555;950;10337150377;S
20240513;102126;42.56;10;10337150522;B
20240513;102126;42.56;80;10337150646;B
20240513;102127;42.56;60;10337151026;B
20240513;102127;42.565;120;10337151027;B
20240513;102127;42.575;80;10337151047;B
20240513;102127;42.56;60;10337151075;S
20240513;102127;42.575;120;10337151191;B
20240513;102127;42.575;200;10337151195;B
20240513;102127;42.575;120;10337151198;B
20240513;102127;42.575;200;10337151218;B
20240513;102127;42.575;80;10337151222;B
20240513;102127;42.575;110;10337151252;B
20240513;102127;42.575;620;10337151295;B
20240513;102127;42.575;100;10337151297;B
20240513;102127;42.575;280;10337151300;B
20240513;102127;42.575;60;10337151305;B
20240513;102127;42.575;80;10337151307;B
20240513;102127;42.575;100;10337151309;B
20240513;102127;42.575;70;10337151316;B
20240513;102127;42.575;70;10337151318;B
20240513;102127;42.575;60;10337151321;B
20240513;102127;42.575;100;10337151322;B
20240513;102127;42.575;90;10337151327;B
20240513;102127;42.575;60;10337151328;B
20240513;102127;42.575;70;10337151330;B
20240513;102127;42.575;240;10337151333;B
20240513;102127;42.575;240;10337151335;B
20240513;102127;42.575;110;10337151336;B
20240513;102127;42.575;70;10337151338;B
20240513;102127;42.575;70;10337151339;B
20240513;102127;42.575;90;10337151341;B
20240513;102129;42.56;10;10337151903;S
20240513;102149;42.56;2290;10337158665;S
20240513;102149;42.56;870;10337158666;S
20240513;102149;42.555;1650;10337158667;S
20240513;102149;42.555;2860;10337158668;S
20240513;102149;42.55;7870;10337158669;S
20240513;102149;42.55;1000;10337158670;S
20240513;102149;42.545;390;10337158671;S
20240513;102149;42.53;4540;10337158672;S
20240513;102149;42.525;1070;10337158673;S
20240513;102149;42.525;1000;10337158674;S
20240513;102149;42.525;8450;10337158675;S
20240513;102149;42.52;10;10337158676;S
20240513;102149;42.52;5000;10337158677;S
20240513;102149;42.52;10;10337158678;S
20240513;102149;42.515;540;10337158679;S
20240513;102149;42.515;200;10337158680;S
20240513;102149;42.51;1000;10337158681;S
20240513;102149;42.51;300;10337158682;S
20240513;102149;42.5;20;10337158683;S
20240513;102149;42.5;10;10337158684;S
20240513;102149;42.5;10;10337158685;S
20240513;102149;42.5;30;10337158686;S
20240513;102149;42.5;10;10337158687;S
20240513;102149;42.5;10;10337158688;S
20240513;102149;42.5;100;10337158689;S
20240513;102149;42.5;10;10337158690;S
20240513;102149;42.5;240;10337158691;S
20240513;102149;42.5;10;10337158692;S
20240513;102149;42.5;150;10337158693;S
20240513;102149;42.5;10;10337158694;S
20240513;102149;42.5;10;10337158695;S
20240513;102149;42.5;50;10337158696;S
20240513;102149;42.5;30;10337158697;S
20240513;102149;42.5;40;10337158698;S
20240513;102149;42.5;10;10337158699;S
20240513;102149;42.5;230;10337158700;S
20240513;102149;42.5;100;10337158701;S
20240513;102149;42.5;10;10337158702;S
20240513;102149;42.5;20;10337158703;S
20240513;102149;42.5;10;10337158704;S
20240513;102149;42.5;100;10337158705;S
20240513;102149;42.5;10;10337158706;S
20240513;102149;42.5;10;10337158707;S
20240513;102149;42.5;100;10337158708;S
20240513;102149;42.5;100;10337158709;S
20240513;102149;42.495;230;10337158710;S
20240513;102149;42.495;100;10337158711;S
20240513;102149;42.495;3000;10337158712;S
20240513;102149;42.49;230;10337158713;S
20240513;102149;42.49;10;10337158714;S
20240513;102149;42.49;30;10337158715;S
20240513;102149;42.485;230;10337158716;S
20240513;102149;42.485;2000;10337158717;S
20240513;102149;42.48;230;10337158718;S
20240513;102149;42.475;230;10337158719;S
20240513;102149;42.475;10;10337158720;S
20240513;102149;42.475;780;10337158721;S
20240513;102149;42.475;1930;10337158722;S
20240513;102149;42.515;1650;10337158907;S
20240513;102149;42.515;720;10337158908;S
20240513;102149;42.51;130;10337158909;S
20240513;102149;42.51;200;10337158962;S
20240513;102150;42.51;2800;10337158981;S
20240513;102150;42.51;1000;10337158982;S
20240513;102150;42.51;910;10337158983;S
20240513;102150;42.505;470;10337158984;S
20240513;102150;42.5;20;10337158985;S
20240513;102150;42.495;1000;10337158987;S
20240513;102150;42.495;380;10337158989;S
20240513;102150;42.495;1100;10337159040;S
20240513;102150;42.495;100;10337159043;S
20240513;102150;42.495;2970;10337159044;S
20240513;102150;42.49;660;10337159045;S
20240513;102150;42.49;1000;10337159046;S
20240513;102150;42.48;8460;10337159047;S
20240513;102151;42.48;3000;10337159229;B
20240513;102151;42.475;100;10337159798;S
20240513;102152;42.475;10;10337159886;S
20240513;102154;42.475;420;10337160261;S
20240513;102154;42.475;580;10337160262;S
20240513;102203;42.475;420;10337163661;S
20240513;102203;42.475;180;10337163662;S
20240513;102203;42.475;700;10337163663;S
20240513;102203;42.475;500;10337163845;S
20240513;102203;42.47;230;10337163846;S
20240513;102203;42.47;10;10337163847;S
20240513;102203;42.47;560;10337163848;S
20240513;102204;42.475;1650;10337164574;B
20240513;102204;42.48;3350;10337164575;B
20240513;102205;42.465;230;10337164682;S
20240513;102205;42.465;100;10337164683;S
20240513;102205;42.465;170;10337164684;S
20240513;102206;42.48;20;10337165003;B
20240513;102211;42.48;200;10337166721;B
20240513;102212;42.48;10;10337168079;B
20240513;102215;42.48;100;10337168516;B
20240513;102218;42.48;130;10337169316;B
20240513;102218;42.48;660;10337169317;B
20240513;102225;42.47;1000;10337171429;S
20240513;102229;42.49;200;10337173189;B
20240513;102230;42.49;70;10337173403;B
20240513;102230;42.475;860;10337173405;S
20240513;102230;42.475;1810;10337173406;S
20240513;102230;42.475;1000;10337173407;S
20240513;102230;42.47;10;10337173408;S
20240513;102230;42.465;2360;10337173409;S
20240513;102230;42.465;1650;10337173410;S
20240513;102230;42.46;230;10337173411;S
20240513;102230;42.46;80;10337173412;S
20240513;102234;42.49;100;10337174550;B
20240513;102238;42.49;20;10337176259;B
20240513;102243;42.49;110;10337178630;B
20240513;102243;42.49;50;10337178631;B
20240513;102243;42.495;560;10337178632;B
20240513;102243;42.495;100;10337178633;B
20240513;102244;42.485;20;10337178765;B
20240513;102245;42.485;10;10337178938;B
20240513;102247;42.465;430;10337179184;S
20240513;102253;42.48;210;10337180754;B
20240513;102253;42.465;200;10337180780;S
20240513;102253;42.465;150;10337180808;S
20240513;102256;42.465;10;10337182426;S
20240513;102256;42.48;10;10337183084;B
20240513;102301;42.465;10;10337184625;S
20240513;102302;42.465;100;10337184859;S
20240513;102303;42.48;2000;10337184958;B
20240513;102304;42.465;100;10337185632;S
20240513;102304;42.465;10;10337185633;S
20240513;102304;42.46;70;10337185634;S
20240513;102304;42.46;10;10337185635;S
20240513;102304;42.46;570;10337185636;S
20240513;102304;42.46;10;10337185637;S
20240513;102304;42.455;200;10337185638;S
20240513;102307;42.455;10;10337186152;S
20240513;102309;42.455;20;10337186595;S
20240513;102309;42.455;380;10337186596;S
20240513;102314;42.455;10;10337189309;S
20240513;102315;42.455;230;10337189435;S
20240513;102317;42.455;60;10337190102;S
20240513;102322;42.455;320;10337192102;S
20240513;102322;42.455;840;10337192103;S
20240513;102322;42.455;5840;10337192104;S
20240513;102322;42.46;30;10337192105;B
20240513;102322;42.465;10;10337192106;B
20240513;102322;42.465;90;10337192107;B
20240513;102322;42.475;300;10337192108;B
20240513;102322;42.475;840;10337192109;B
20240513;102322;42.48;730;10337192110;B
20240513;102322;42.475;50;10337192112;B
20240513;102322;42.475;150;10337192113;B
20240513;102326;42.455;570;10337193528;S
20240513;102327;42.46;150;10337193864;S
20240513;102333;42.465;10;10337196878;S
20240513;102333;42.46;250;10337197023;S
20240513;102335;42.455;1650;10337197330;S
20240513;102335;42.455;2350;10337197331;S
20240513;102342;42.46;1000;10337200098;S
20240513;102343;42.455;350;10337200339;S
20240513;102345;42.455;90;10337201176;S
20240513;102351;42.465;570;10337205069;S
20240513;102356;42.465;1430;10337206440;S
20240513;102356;42.465;570;10337206441;S
20240513;102358;42.47;20;10337207302;B
20240513;102406;42.46;10;10337208788;S
20240513;102407;42.46;10;10337211234;S
20240513;102407;42.46;560;10337211235;S
20240513;102416;42.47;10;10337213144;S
20240513;102416;42.465;90;10337213145;S
20240513;102417;42.46;570;10337213468;S
20240513;102425;42.465;70;10337216864;S
20240513;102431;42.465;570;10337219661;S
20240513;102434;42.475;10;10337220797;B
20240513;102435;42.475;10;10337221335;B
20240513;102438;42.475;380;10337222148;B
20240513;102438;42.475;120;10337222149;B
20240513;102438;42.48;780;10337222150;B
20240513;102438;42.485;4010;10337222151;B
20240513;102438;42.49;10;10337222152;B
20240513;102438;42.49;2200;10337222153;B
20240513;102438;42.475;1650;10337222188;S
20240513;102438;42.47;2360;10337222189;S
20240513;102438;42.47;780;10337222190;S
20240513;102438;42.47;1270;10337222191;S
20240513;102438;42.47;1000;10337222192;S
20240513;102438;42.46;2000;10337222193;S
20240513;102438;42.46;390;10337222194;S
20240513;102438;42.455;500;10337222195;S
20240513;102438;42.45;750;10337222196;S
20240513;102438;42.45;20;10337222197;S
20240513;102438;42.45;1000;10337222198;S
20240513;102438;42.45;50;10337222199;S
20240513;102438;42.45;100;10337222200;S
20240513;102438;42.45;8470;10337222201;S
20240513;102439;42.45;250;10337222212;B
20240513;102439;42.45;1000;10337222244;B
20240513;102439;42.45;50;10337222317;B
20240513;102440;42.445;10;10337222422;S
20240513;102442;42.445;50;10337224164;S
20240513;102442;42.45;40;10337224170;B
20240513;102443;42.45;12500;10337224395;B
20240513;102445;42.445;170;10337224878;S
20240513;102445;42.445;180;10337224879;S
20240513;102447;42.44;120;10337225058;S
20240513;102450;42.445;20;10337226255;B
20240513;102450;42.445;80;10337226256;B
20240513;102450;42.44;110;10337226347;S
20240513;102450;42.44;30;10337226348;S
20240513;102450;42.44;60;10337226349;S
20240513;102458;42.44;1100;10337228936;B
20240513;102500;42.44;900;10337229907;B
20240513;102500;42.445;50;10337229934;B
20240513;102503;42.445;10;10337230913;B
20240513;102505;42.44;10;10337231423;S
20240513;102505;42.44;90;10337231444;S
20240513;102505;42.44;610;10337231445;S
20240513;102505;42.44;10;10337231478;S
20240513;102506;42.44;20;10337231642;S
20240513;102510;42.445;10;10337233052;B
20240513;102511;42.445;60;10337233289;B
20240513;102515;42.445;10;10337235038;B
20240513;102517;42.445;100;10337235266;B
20240513;102522;42.44;360;10337237826;S
20240513;102522;42.44;220;10337237827;S
20240513;102522;42.44;10;10337237828;S
20240513;102522;42.435;230;10337237829;S
20240513;102522;42.43;230;10337237830;S
20240513;102522;42.43;20;10337237831;S
20240513;102522;42.43;810;10337237832;S
20240513;102522;42.43;120;10337237852;B
20240513;102522;42.435;90;10337237853;B
20240513;102522;42.44;160;10337237854;B
20240513;102538;42.435;20;10337244922;B
20240513;102546;42.425;10;10337248085;S
20240513;102546;42.425;230;10337248086;S
20240513;102546;42.425;10;10337248087;S
20240513;102546;42.425;350;10337248088;S
20240513;102546;42.425;800;10337248089;S
20240513;102546;42.42;10;10337248090;S
20240513;102546;42.42;100;10337248091;S
20240513;102546;42.42;230;10337248092;S
20240513;102546;42.42;30;10337248093;S
20240513;102546;42.42;100;10337248094;S
20240513;102546;42.42;510;10337248095;S
20240513;102546;42.42;1000;10337248096;S
20240513;102546;42.415;230;10337248097;S
20240513;102546;42.415;100;10337248098;S
20240513;102546;42.415;1650;10337248099;S
20240513;102546;42.41;230;10337248100;S
20240513;102546;42.41;10;10337248101;S
20240513;102546;42.41;250;10337248102;S
20240513;102546;42.41;890;10337248103;S
20240513;102547;42.405;10;10337248150;S
20240513;102547;42.41;500;10337248226;S
20240513;102547;42.41;1150;10337248366;S
20240513;102547;42.41;2360;10337248367;S
20240513;102547;42.41;100;10337248368;S
20240513;102547;42.405;40;10337248369;S
20240513;102547;42.405;30;10337248370;S
20240513;102547;42.405;230;10337248371;S
20240513;102547;42.405;60;10337248372;S
20240513;102547;42.405;590;10337248373;S
20240513;102547;42.405;440;10337248374;S
20240513;102548;42.43;80;10337249306;B
20240513;102550;42.44;20;10337249988;B
20240513;102551;42.44;460;10337250067;B
20240513;102555;42.435;130;10337251831;S
20240513;102557;42.44;10;10337252912;B
20240513;102600;42.44;10;10337254637;B
20240513;102600;42.435;20;10337254710;S
20240513;102603;42.435;180;10337255646;S
20240513;102603;42.44;10;10337255656;B
20240513;102604;42.44;210;10337256692;B
20240513;102604;42.44;300;10337256693;B
20240513;102604;42.44;70;10337256694;B
20240513;102604;42.44;230;10337256695;B
20240513;102604;42.44;80;10337256696;B
20240513;102604;42.44;80;10337256697;B
20240513;102604;42.44;30;10337256698;B
20240513;102606;42.44;20;10337257216;B
20240513;102606;42.435;90;10337257253;S
20240513;102606;42.43;10;10337257288;S
20240513;102606;42.42;10;10337257289;S
20240513;102606;42.42;10;10337257290;S
20240513;102606;42.42;10;10337257291;S
20240513;102612;42.435;210;10337260507;B
20240513;102612;42.435;90;10337260508;B
20240513;102612;42.44;10;10337260517;B
20240513;102623;42.44;540;10337265392;B
20240513;102623;42.44;280;10337265393;B
20240513;102623;42.44;300;10337265394;B
20240513;102623;42.44;230;10337265395;B
20240513;102623;42.44;80;10337265396;B
20240513;102623;42.44;80;10337265397;B
20240513;102623;42.44;70;10337265398;B
20240513;102623;42.44;500;10337265399;B
20240513;102623;42.44;80;10337265400;B
20240513;102623;42.44;340;10337265401;B
20240513;102633;42.435;400;10337268934;S
20240513;102633;42.42;10;10337268935;S
20240513;102633;42.42;1500;10337268936;S
20240513;102633;42.415;20;10337268937;S
20240513;102633;42.415;10;10337268938;S
20240513;102633;42.415;10;10337268939;S
20240513;102633;42.415;50;10337268940;S
20240513;102633;42.415;20;10337268987;S
20240513;102634;42.415;930;10337269425;S
20240513;102634;42.405;500;10337269426;S
20240513;102634;42.405;2370;10337269427;S
20240513;102637;42.4;30;10337271989;S
20240513;102637;42.4;10;10337271990;S
20240513;102637;42.4;100;10337271991;S
20240513;102637;42.4;60;10337271992;S
20240513;102637;42.4;10;10337271993;S
20240513;102637;42.4;230;10337271994;S
20240513;102637;42.4;60;10337271995;S
20240513;102637;42.4;10;10337271996;S
20240513;102637;42.4;100;10337271997;S
20240513;102637;42.4;30;10337271998;S
20240513;102637;42.4;10;10337271999;S
20240513;102637;42.4;10;10337272000;S
20240513;102637;42.4;640;10337272001;S
20240513;102638;42.4;1650;10337272328;S
20240513;102638;42.4;1560;10337272329;S
20240513;102638;42.405;50;10337272409;B
20240513;102638;42.41;120;10337272417;B
20240513;102647;42.405;400;10337276638;B
20240513;102648;42.405;50;10337277365;B
20240513;102649;42.405;10;10337277796;B
20240513;102653;42.4;50;10337279400;S
20240513;102653;42.4;240;10337279401;S
20240513;102654;42.4;10;10337279833;S
20240513;102654;42.4;750;10337279837;S
20240513;102654;42.4;150;10337279838;S
20240513;102654;42.4;10;10337279839;S
20240513;102654;42.4;730;10337279840;S
20240513;102654;42.395;460;10337279841;S
20240513;102657;42.4;20;10337282149;B
20240513;102702;42.4;10;10337284423;B
20240513;102702;42.4;10;10337284459;B
20240513;102704;42.4;80;10337284773;B
20240513;102707;42.4;20;10337285486;B
20240513;102711;42.395;30;10337287343;S
20240513;102711;42.4;80;10337287349;B
20240513;102716;42.4;10;10337289218;B
20240513;102717;42.395;200;10337289492;S
20240513;102717;42.4;20;10337289507;B
20240513;102717;42.4;980;10337289508;B
20240513;102718;42.4;2500;10337289898;B
20240513;102721;42.4;10;10337290362;B
20240513;102722;42.395;100;10337290548;S
20240513;102724;42.395;2210;10337291809;S
20240513;102724;42.395;10;10337291810;S
20240513;102724;42.395;50;10337292795;B
20240513;102728;42.395;100;10337293784;B
20240513;102731;42.39;20;10337294895;S
20240513;102731;42.39;30;10337294896;S
20240513;102731;42.385;50;10337294897;S
20240513;102731;42.38;100;10337294898;S
20240513;102731;42.385;30;10337294951;B
20240513;102731;42.385;1620;10337295054;B
20240513;102731;42.385;380;10337295055;B
20240513;102734;42.39;70;10337296465;B
20240513;102735;42.39;1650;10337296617;B
20240513;102735;42.39;750;10337296618;B
20240513;102735;42.39;1300;10337296619;B
20240513;102735;42.395;2630;10337296620;B
20240513;102735;42.395;70;10337296621;B
20240513;102735;42.4;5570;10337296622;B
20240513;102754;42.395;20;10337303205;B
20240513;102758;42.395;30;10337303817;B
20240513;102758;42.385;20;10337303864;S
20240513;102758;42.385;10;10337303865;S
20240513;102758;42.385;120;10337303866;S
20240513;102758;42.385;250;10337303867;S
20240513;102759;42.395;10;10337303923;B
20240513;102800;42.38;110;10337304455;S
20240513;102800;42.38;1000;10337304456;S
20240513;102800;42.38;490;10337304457;S
20240513;102800;42.38;40;10337304458;S
20240513;102800;42.375;10;10337304459;S
20240513;102800;42.375;250;10337304460;S
20240513;102800;42.375;120;10337304461;S
20240513;102800;42.375;740;10337304462;S
20240513;102800;42.37;30;10337304463;S
20240513;102800;42.37;300;10337304464;S
20240513;102800;42.37;100;10337304465;S
20240513;102800;42.37;100;10337304466;S
20240513;102800;42.37;3710;10337304467;S
20240513;102808;42.39;20;10337306390;B
20240513;102813;42.39;30;10337307782;B
20240513;102813;42.39;550;10337307861;B
20240513;102821;42.38;40;10337310744;B
20240513;102821;42.37;100;10337310793;S
20240513;102825;42.38;60;10337311720;B
20240513;102825;42.385;40;10337311721;B
20240513;102830;42.375;370;10337314009;S
20240513;102830;42.375;740;10337314010;S
20240513;102830;42.37;390;10337314011;S
20240513;102831;42.38;20;10337314354;B
20240513;102836;42.38;500;10337316543;B
20240513;102838;42.38;1000;10337316694;B
20240513;102838;42.38;1340;10337316706;B
20240513;102838;42.38;150;10337316835;B
20240513;102839;42.38;10;10337316910;B
20240513;102839;42.38;200;10337316934;B
20240513;102841;42.38;10;10337317516;B
20240513;102844;42.38;10;10337318006;B
20240513;102844;42.38;2330;10337318863;B
20240513;102846;42.375;190;10337320041;S
20240513;102850;42.38;200;10337321292;B
20240513;102857;42.38;200;10337323763;B
20240513;102858;42.38;10;10337324250;B
20240513;102900;42.375;50;10337325391;S
20240513;102900;42.375;200;10337325419;S
20240513;102902;42.375;100;10337325752;S
20240513;102906;42.38;2020;10337326731;B
20240513;102906;42.38;180;10337326732;B
20240513;102906;42.38;1800;10337326733;B
20240513;102906;42.38;10;10337326734;B
20240513;102910;42.39;200;10337329154;B
20240513;102911;42.39;10;10337329213;B
20240513;102916;42.385;1000;10337331025;S
20240513;102918;42.39;290;10337331566;B
20240513;102918;42.39;40;10337331567;B
20240513;102922;42.39;20;10337332982;B
20240513;102923;42.385;10;10337333859;S
20240513;102925;42.385;720;10337334209;S
20240513;102927;42.385;980;10337334641;S
20240513;102928;42.39;10;10337335060;B
20240513;102930;42.39;210;10337335418;B
20240513;102937;42.39;1220;10337338628;B
20240513;102940;42.395;400;10337339570;B
20240513;102941;42.39;700;10337339677;S
20240513;102953;42.395;30;10337343115;B
20240513;102954;42.395;1000;10337343280;B
20240513;102954;42.39;160;10337343301;S
20240513;102955;42.395;80;10337343434;B
20240513;102957;42.395;10000;10337343830;B
20240513;103000;42.395;50;10337344192;B
20240513;103001;42.39;10;10337344348;S
20240513;103001;42.395;20;10337344408;B
20240513;103002;42.395;10000;10337344522;B
20240513;103012;42.395;400;10337346079;B
20240513;103014;42.395;10;10337348974;B
20240513;103015;42.395;200;10337350083;B
20240513;103015;42.395;10;10337350155;B
20240513;103017;42.395;10;10337350358;B
20240513;103018;42.395;1270;10337350418;B
20240513;103018;42.395;1080;10337350419;B
20240513;103020;42.395;30;10337351593;B
20240513;103020;42.395;100;10337351661;B
20240513;103022;42.395;500;10337351903;B
20240513;103025;42.395;100;10337352298;B
20240513;103025;42.395;50;10337352384;B
20240513;103028;42.395;10;10337354900;B
20240513;103030;42.395;10;10337355202;B
20240513;103031;42.395;10000;10337355380;B
20240513;103033;42.395;10;10337355648;B
20240513;103036;42.395;60;10337356013;B
20240513;103038;42.39;1310;10337356481;S
20240513;103038;42.395;20;10337357523;B
20240513;103040;42.395;80;10337357705;B
20240513;103041;42.39;140;10337357854;S
20240513;103044;42.395;10;10337358149;B
20240513;103045;42.395;80;10337358210;B
20240513;103045;42.395;10;10337358249;B
20240513;103045;42.395;10;10337358286;B
20240513;103055;42.395;500;10337363279;B
20240513;103056;42.395;100;10337363461;B
20240513;103104;42.39;50;10337364563;S
20240513;103107;42.39;50;10337365849;S
20240513;103107;42.395;10;10337365938;B
20240513;103108;42.395;10;10337365970;B
20240513;103114;42.395;20;10337368509;B
20240513;103114;42.395;3000;10337368540;B
20240513;103115;42.39;20;10337368754;S
20240513;103115;42.395;10;10337368788;B
20240513;103117;42.395;300;10337369225;B
20240513;103117;42.39;30;10337369379;S
20240513;103118;42.395;500;10337369397;B
20240513;103118;42.39;60;10337369501;S
20240513;103119;42.39;10;10337369557;S
20240513;103125;42.395;10;10337372265;B
20240513;103127;42.39;14680;10337372454;S
20240513;103127;42.39;750;10337372455;S
20240513;103127;42.39;1650;10337372456;S
20240513;103127;42.39;10;10337372457;S
20240513;103127;42.39;100;10337372458;S
20240513;103127;42.39;290;10337372459;S
20240513;103127;42.39;100;10337372460;S
20240513;103127;42.39;10;10337372461;S
20240513;103127;42.39;120;10337372462;S
20240513;103127;42.39;10;10337372463;S
20240513;103127;42.39;400;10337372464;S
20240513;103127;42.39;30;10337372465;S
20240513;103127;42.385;1000;10337372466;S
20240513;103127;42.385;200;10337372467;S
20240513;103127;42.385;300;10337372468;S
20240513;103127;42.38;10;10337372469;S
20240513;103127;42.38;5000;10337372470;S
20240513;103127;42.375;10850;10337372471;S
20240513;103127;42.375;10;10337372472;S
20240513;103127;42.37;10;10337372473;S
20240513;103127;42.37;10;10337372474;S
20240513;103127;42.37;10;10337372475;S
20240513;103127;42.37;1070;10337372476;S
20240513;103127;42.37;6700;10337372477;S
20240513;103127;42.37;20;10337372479;S
20240513;103134;42.39;100;10337374084;B
20240513;103136;42.37;1630;10337375065;S
20240513;103136;42.37;2360;10337375066;S
20240513;103136;42.37;3060;10337375067;S
20240513;103136;42.37;800;10337375068;S
20240513;103136;42.37;100;10337375069;S
20240513;103136;42.37;50;10337375070;S
20240513;103136;42.365;20;10337375071;S
20240513;103136;42.365;1980;10337375072;S
20240513;103137;42.365;100;10337375143;S
20240513;103139;42.385;10;10337375518;B
20240513;103145;42.37;160;10337378111;S
20240513;103147;42.37;820;10337378345;S
20240513;103147;42.37;120;10337378346;S
20240513;103153;42.385;570;10337380303;B
20240513;103155;42.375;140;10337381216;S
20240513;103155;42.375;790;10337381217;S
20240513;103155;42.375;60;10337381218;S
20240513;103203;42.385;60;10337383380;B
20240513;103203;42.385;300;10337383381;B
20240513;103203;42.385;10;10337383382;B
20240513;103205;42.385;10;10337383876;S
20240513;103212;42.385;620;10337385801;S
20240513;103212;42.375;20;10337385802;S
20240513;103215;42.375;10;10337387089;B
20240513;103216;42.375;250;10337387269;B
20240513;103216;42.37;100;10337387298;S
20240513;103216;42.37;100;10337387299;S
20240513;103217;42.375;500;10337387423;B
20240513;103218;42.375;10;10337387554;B
20240513;103223;42.37;780;10337389663;S
20240513;103223;42.365;220;10337389664;S
20240513;103223;42.365;630;10337389665;S
20240513;103224;42.375;1990;10337389780;B
20240513;103224;42.375;1300;10337389781;B
20240513;103224;42.38;510;10337389785;S
20240513;103224;42.38;1850;10337389868;S
20240513;103224;42.38;3060;10337389869;S
20240513;103224;42.375;5090;10337389870;S
20240513;103228;42.39;20;10337390989;B
20240513;103229;42.38;10;10337391000;S
20240513;103230;42.39;10;10337391233;B
20240513;103230;42.38;1940;10337391411;S
20240513;103230;42.38;770;10337391412;S
20240513;103230;42.375;2290;10337391413;S
20240513;103232;42.38;2360;10337391758;S
20240513;103232;42.375;14450;10337391759;S
20240513;103232;42.375;770;10337391760;S
20240513;103232;42.365;1420;10337391761;S
20240513;103232;42.38;300;10337391835;B
20240513;103233;42.38;10;10337391919;B
20240513;103238;42.38;10;10337393019;B
20240513;103238;42.365;170;10337393040;S
20240513;103238;42.36;10;10337393041;S
20240513;103238;42.36;200;10337393042;S
20240513;103238;42.36;50;10337393043;S
20240513;103238;42.36;10;10337393044;S
20240513;103238;42.36;100;10337393045;S
20240513;103238;42.36;760;10337393046;S
20240513;103238;42.355;10;10337393047;S
20240513;103238;42.355;10;10337393048;S
20240513;103238;42.355;10;10337393049;S
20240513;103238;42.355;20;10337393050;S
20240513;103238;42.355;620;10337393051;S
20240513;103238;42.355;2360;10337393052;S
20240513;103238;42.35;50;10337393053;S
20240513;103238;42.35;10;10337393054;S
20240513;103238;42.35;1000;10337393055;S
20240513;103238;42.35;50;10337393056;S
20240513;103238;42.35;10;10337393057;S
20240513;103238;42.35;30;10337393058;S
20240513;103238;42.35;100;10337393059;S
20240513;103238;42.35;1000;10337393060;S
20240513;103238;42.35;40;10337393061;S
20240513;103238;42.35;100;10337393062;S
20240513;103238;42.35;2000;10337393063;S
20240513;103238;42.345;20;10337393064;S
20240513;103238;42.345;50;10337393065;S
20240513;103238;42.345;10;10337393066;S
20240513;103238;42.345;8490;10337393067;S
20240513;103238;42.34;70;10337393068;S
20240513;103238;42.34;10;10337393069;S
20240513;103238;42.34;20;10337393070;S
20240513;103238;42.34;540;10337393071;S
20240513;103238;42.335;10;10337393072;S
20240513;103238;42.335;10;10337393073;S
20240513;103238;42.335;10;10337393074;S
20240513;103238;42.335;10;10337393075;S
20240513;103238;42.335;100;10337393076;S
20240513;103238;42.335;40;10337393077;S
20240513;103239;42.335;120;10337393111;S
20240513;103239;42.335;40;10337393133;S
20240513;103239;42.335;10;10337393134;S
20240513;103239;42.335;30;10337393135;S
20240513;103239;42.365;1530;10337393174;B
20240513;103239;42.365;20;10337393175;B
20240513;103239;42.35;10;10337393183;S
20240513;103239;42.345;30;10337393202;B
20240513;103241;42.35;20;10337393455;S
20240513;103241;42.35;500;10337393456;S
20240513;103241;42.35;100;10337393457;S
20240513;103241;42.35;10;10337393458;S
20240513;103241;42.34;30;10337393459;S
20240513;103241;42.34;20;10337393460;S
20240513;103241;42.34;740;10337393461;S
20240513;103241;42.335;970;10337393462;S
20240513;103241;42.335;1650;10337393463;S
20240513;103241;42.33;50;10337393464;S
20240513;103241;42.33;10;10337393465;S
20240513;103241;42.33;10;10337393466;S
20240513;103241;42.33;180;10337393467;S
20240513;103241;42.33;100;10337393468;S
20240513;103241;42.33;300;10337393469;S
20240513;103241;42.33;200;10337393470;S
20240513;103241;42.33;100;10337393471;S
20240513;103241;42.33;20;10337393472;S
20240513;103241;42.33;160;10337393473;S
20240513;103241;42.33;10;10337393474;S
20240513;103241;42.33;880;10337393475;S
20240513;103244;42.35;10;10337393998;S
20240513;103244;42.34;100;10337393999;S
20240513;103244;42.335;120;10337394000;S
20240513;103244;42.335;90;10337394001;S
20240513;103303;42.35;10;10337396439;B
20240513;103303;42.355;20;10337396440;B
20240513;103304;42.37;30;10337396618;B
20240513;103308;42.35;10;10337397650;S
20240513;103318;42.35;190;10337398893;S
20240513;103318;42.345;110;10337398894;S
20240513;103345;42.345;90;10337403054;S
20240513;103345;42.345;10;10337403114;S
20240513;103348;42.345;40;10337403601;S
20240513;103348;42.345;110;10337403602;S
20240513;103350;42.35;10;10337403828;B
20240513;103351;42.35;90;10337403997;B
20240513;103351;42.35;160;10337403998;B
20240513;103351;42.35;80;10337403999;B
20240513;103351;42.35;140;10337404000;B
20240513;103351;42.35;30;10337404001;B
20240513;103356;42.35;100;10337404982;B
20240513;103356;42.35;330;10337404983;B
20240513;103356;42.35;290;10337404984;B
20240513;103356;42.35;510;10337404985;B
20240513;103356;42.35;110;10337404986;B
20240513;103356;42.35;140;10337404987;B
20240513;103356;42.355;1320;10337404988;B
20240513;103400;42.345;10;10337405580;S
20240513;103403;42.35;30;10337406248;B
20240513;103406;42.345;200;10337406617;S
20240513;103407;42.35;30;10337406716;B
20240513;103407;42.35;30;10337406774;B
20240513;103408;42.35;70;10337406814;B
20240513;103408;42.35;160;10337406815;B
20240513;103408;42.35;260;10337406816;B
20240513;103408;42.35;10;10337406817;B
20240513;103409;42.345;180;10337407035;S
20240513;103409;42.345;200;10337407036;S
20240513;103409;42.345;200;10337407037;S
20240513;103409;42.34;20;10337407038;S
20240513;103409;42.34;10;10337407039;S
20240513;103409;42.335;100;10337407040;S
20240513;103409;42.335;700;10337407041;S
20240513;103409;42.33;1040;10337407042;S
20240513;103411;42.345;30;10337407359;B
20240513;103413;42.345;10;10337407622;B
20240513;103417;42.345;10;10337408232;B
20240513;103418;42.33;30;10337408339;S
20240513;103418;42.33;100;10337408340;S
20240513;103418;42.33;50;10337408341;S
20240513;103418;42.33;200;10337408342;S
20240513;103418;42.33;2020;10337408343;S
20240513;103420;42.345;500;10337408610;B
20240513;103421;42.345;50;10337408688;B
20240513;103430;42.345;1050;10337409972;B
20240513;103430;42.345;3060;10337409973;B
20240513;103430;42.345;890;10337409974;B
20240513;103441;42.345;10;10337411512;B
20240513;103441;42.345;70;10337411523;B
20240513;103446;42.345;10;10337412343;B
20240513;103447;42.345;100;10337412509;B
20240513;103448;42.345;10;10337412767;B
20240513;103449;42.345;10;10337412924;B
20240513;103452;42.345;60;10337413301;B
20240513;103452;42.345;50;10337413321;B
20240513;103453;42.34;30;10337413478;S
20240513;103455;42.345;10;10337413841;B
20240513;103456;42.345;20;10337413932;B
20240513;103458;42.345;160;10337414220;B
20240513;103500;42.345;50;10337414610;B
20240513;103504;42.34;100;10337415130;S
20240513;103504;42.345;480;10337415449;B
20240513;103510;42.345;20;10337416403;B
20240513;103518;42.345;20;10337417734;B
20240513;103520;42.345;10;10337418016;B
20240513;103522;42.34;80;10337418163;S
20240513;103522;42.34;350;10337418208;S
20240513;103524;42.345;950;10337418510;B
20240513;103524;42.345;450;10337418511;B
20240513;103528;42.345;690;10337419101;S
20240513;103528;42.34;1160;10337419102;S
20240513;103530;42.35;10;10337419393;B
20240513;103530;42.35;10;10337419435;B
20240513;103533;42.34;50;10337419910;S
20240513;103534;42.345;10;10337420080;B
20240513;103540;42.34;320;10337420733;S
20240513;103542;42.34;60;10337421149;S
20240513;103543;42.35;10;10337421323;B
20240513;103543;42.35;10;10337421367;B
20240513;103546;42.345;10;10337421720;B
20240513;103546;42.34;490;10337421751;S
20240513;103546;42.34;50;10337421752;S
20240513;103546;42.34;700;10337421753;S
20240513;103547;42.335;10;10337421955;S
20240513;103547;42.335;10;10337421956;S
20240513;103549;42.34;60;10337422137;B
20240513;103549;42.34;10;10337422142;B
20240513;103555;42.335;30;10337423020;S
20240513;103555;42.335;270;10337423021;S
20240513;103555;42.335;230;10337423022;S
20240513;103555;42.335;80;10337423023;S
20240513;103555;42.335;70;10337423024;S
20240513;103602;42.335;100;10337424249;B
20240513;103606;42.33;100;10337424927;S
20240513;103606;42.33;10;10337424928;S
20240513;103606;42.33;10;10337424929;S
20240513;103606;42.33;260;10337424930;S
20240513;103607;42.33;340;10337425002;S
20240513;103607;42.335;100;10337425103;B
20240513;103610;42.33;400;10337425792;S
20240513;103610;42.33;10270;10337425793;S
20240513;103612;42.335;100;10337426189;B
20240513;103612;42.335;50;10337426190;B
20240513;103612;42.335;10;10337426195;B
20240513;103615;42.33;620;10337426634;S
20240513;103615;42.33;240;10337426711;S
20240513;103615;42.33;320;10337426712;S
20240513;103615;42.33;500;10337426884;S
20240513;103616;42.33;450;10337426945;S
20240513;103616;42.33;410;10337427028;S
20240513;103616;42.33;370;10337427098;S
20240513;103616;42.33;330;10337427144;S
20240513;103621;42.33;4520;10337428167;S
20240513;103625;42.335;30;10337428984;B
20240513;103627;42.33;2000;10337429463;S
20240513;103629;42.33;1100;10337429839;S
20240513;103629;42.33;10;10337429840;S
20240513;103629;42.33;10;10337429841;S
20240513;103629;42.33;700;10337429842;S
20240513;103629;42.33;100;10337429843;S
20240513;103630;42.33;2000;10337429992;B
20240513;103630;42.33;20;10337430060;B
20240513;103632;42.33;60;10337430437;B
20240513;103633;42.33;1000;10337430631;B
20240513;103635;42.325;250;10337430839;S
20240513;103643;42.325;210;10337432512;S
20240513;103647;42.33;20;10337433310;B
20240513;103649;42.325;10;10337433586;S
20240513;103651;42.33;10;10337433903;B
20240513;103653;42.325;3080;10337434460;S
20240513;103653;42.325;10;10337434523;S
20240513;103654;42.325;10;10337434746;S
20240513;103655;42.33;10;10337434988;B
20240513;103655;42.33;1000;10337435021;B
20240513;103656;42.325;10;10337435246;S
20240513;103658;42.325;10;10337435561;S
20240513;103700;42.33;10;10337435865;B
20240513;103700;42.33;40;10337435885;B
20240513;103700;42.33;10;10337435930;B
20240513;103700;42.33;20;10337435979;B
20240513;103701;42.325;10;10337436062;S
20240513;103703;42.33;10;10337436300;B
20240513;103707;42.325;1500;10337436933;S
20240513;103708;42.325;20;10337437021;S
20240513;103708;42.325;20;10337437069;S
20240513;103716;42.33;10;10337438296;B
20240513;103720;42.33;10;10337438798;B
20240513;103721;42.33;230;10337438866;B
20240513;103721;42.33;50;10337438928;B
20240513;103722;42.33;220;10337438962;B
20240513;103723;42.325;2300;10337439082;S
20240513;103731;42.325;610;10337440311;S
20240513;103732;42.33;10;10337440326;B
20240513;103735;42.325;880;10337440886;S
20240513;103740;42.33;100;10337441495;B
20240513;103741;42.325;10;10337441655;S
20240513;103745;42.325;10;10337442292;S
20240513;103749;42.33;500;10337443191;B
20240513;103750;42.33;10;10337443278;B
20240513;103752;42.33;1000;10337443609;B
20240513;103754;42.33;10;10337443909;B
20240513;103757;42.33;340;10337444373;B
20240513;103803;42.325;10;10337445190;S
20240513;103805;42.33;30;10337445599;B
20240513;103806;42.325;20;10337445671;S
20240513;103807;42.33;10;10337445828;B
20240513;103809;42.33;100;10337446201;B
20240513;103812;42.33;10;10337446511;B
20240513;103812;42.325;1090;10337446640;S
20240513;103813;42.325;250;10337446677;S
20240513;103813;42.325;190;10337446705;S
20240513;103813;42.325;260;10337446771;S
20240513;103813;42.325;250;10337446795;S
20240513;103814;42.325;300;10337446817;S
20240513;103814;42.325;280;10337446818;S
20240513;103814;42.325;60;10337446821;S
20240513;103814;42.325;200;10337446822;S
20240513;103814;42.325;360;10337446823;S
20240513;103814;42.325;200;10337446858;S
20240513;103814;42.325;190;10337446859;S
20240513;103814;42.325;200;10337446862;S
20240513;103814;42.325;110;10337446901;S
20240513;103814;42.325;1160;10337446904;S
20240513;103814;42.325;120;10337446905;S
20240513;103814;42.325;40;10337446906;S
20240513;103814;42.325;170;10337446936;S
20240513;103815;42.325;60;10337446980;S
20240513;103815;42.325;10;10337447009;S
20240513;103815;42.325;180;10337447014;S
20240513;103815;42.325;320;10337447062;S
20240513;103815;42.325;370;10337447096;S
20240513;103816;42.325;240;10337447135;S
20240513;103816;42.325;130;10337447137;S
20240513;103816;42.325;230;10337447138;S
20240513;103816;42.325;140;10337447139;S
20240513;103816;42.325;120;10337447161;S
20240513;103816;42.325;370;10337447169;S
20240513;103816;42.325;50;10337447170;S
20240513;103816;42.325;130;10337447237;S
20240513;103816;42.325;60;10337447240;S
20240513;103816;42.325;100;10337447242;S
20240513;103816;42.325;200;10337447243;S
20240513;103816;42.325;160;10337447244;S
20240513;103816;42.325;360;10337447245;S
20240513;103816;42.325;350;10337447246;S
20240513;103816;42.325;510;10337447287;S
20240513;103816;42.325;240;10337447322;S
20240513;103817;42.325;400;10337447366;S
20240513;103817;42.325;280;10337447406;S
20240513;103817;42.325;380;10337447470;S
20240513;103817;42.325;430;10337447528;S
20240513;103818;42.325;90;10337447574;S
20240513;103818;42.325;350;10337447576;S
20240513;103818;42.325;220;10337447581;S
20240513;103818;42.325;100;10337447582;S
20240513;103818;42.325;160;10337447583;S
20240513;103818;42.325;490;10337447584;S
20240513;103818;42.325;180;10337447586;S
20240513;103818;42.325;240;10337447612;S
20240513;103818;42.325;340;10337447613;S
20240513;103818;42.325;210;10337447616;S
20240513;103818;42.325;280;10337447617;S
20240513;103818;42.325;280;10337447620;S
20240513;103818;42.325;240;10337447625;S
20240513;103818;42.325;170;10337447627;S
20240513;103818;42.325;210;10337447658;S
20240513;103818;42.325;550;10337447689;S
20240513;103818;42.325;20;10337447694;S
20240513;103819;42.325;190;10337447713;S
20240513;103819;42.325;130;10337447737;S
20240513;103819;42.325;250;10337447764;S
20240513;103819;42.325;280;10337447805;S
20240513;103820;42.325;120;10337447824;S
20240513;103820;42.325;410;10337447836;S
20240513;103820;42.325;100;10337447839;S
20240513;103820;42.325;320;10337447843;S
20240513;103820;42.325;120;10337447844;S
20240513;103820;42.325;290;10337447846;S
20240513;103820;42.325;330;10337447851;S
20240513;103820;42.325;90;10337448041;S
20240513;103820;42.325;350;10337448044;S
20240513;103820;42.325;250;10337448045;S
20240513;103820;42.325;20;10337448046;S
20240513;103820;42.325;290;10337448047;S
20240513;103820;42.325;300;10337448090;S
20240513;103820;42.325;160;10337448148;S
20240513;103820;42.325;400;10337448159;S
20240513;103821;42.325;290;10337448256;S
20240513;103821;42.325;170;10337448305;S
20240513;103821;42.325;40;10337448371;S
20240513;103821;42.325;160;10337448398;S
20240513;103822;42.325;240;10337448416;S
20240513;103822;42.325;530;10337448420;S
20240513;103822;42.325;210;10337448421;S
20240513;103822;42.325;340;10337448422;S
20240513;103822;42.325;40;10337448423;S
20240513;103822;42.325;170;10337448424;S
20240513;103824;42.325;1100;10337448675;S
20240513;103824;42.325;10;10337448696;S
20240513;103826;42.325;37940;10337449006;S
20240513;103826;42.325;10;10337449007;S
20240513;103826;42.325;50;10337449008;S
20240513;103826;42.325;70;10337449009;S
20240513;103826;42.325;1000;10337449010;S
20240513;103826;42.325;10;10337449011;S
20240513;103826;42.325;10;10337449012;S
20240513;103826;42.325;1310;10337449013;S
20240513;103826;42.325;110;10337449014;S
20240513;103826;42.325;1000;10337449015;S
20240513;103826;42.325;500;10337449016;S
20240513;103826;42.325;1050;10337449017;S
20240513;103826;42.325;2930;10337449018;S
20240513;103827;42.325;4440;10337449091;S
20240513;103827;42.325;4040;10337449200;S
20240513;103827;42.32;500;10337449201;S
20240513;103827;42.32;470;10337449202;S
20240513;103827;42.32;500;10337449203;S
20240513;103827;42.32;1000;10337449204;S
20240513;103827;42.32;50;10337449205;S
20240513;103827;42.32;20;10337449206;S
20240513;103827;42.32;920;10337449207;S
20240513;103827;42.315;20;10337449223;S
20240513;103827;42.315;40;10337449225;S
20240513;103827;42.315;60;10337449226;S
20240513;103827;42.315;100;10337449227;S
20240513;103827;42.315;100;10337449231;S
20240513;103827;42.315;100;10337449232;S
20240513;103827;42.315;100;10337449233;S
20240513;103827;42.315;100;10337449234;S
20240513;103827;42.315;100;10337449235;S
20240513;103827;42.315;100;10337449236;S
20240513;103827;42.31;30;10337449249;S
20240513;103827;42.31;10;10337449250;S
20240513;103827;42.31;2960;10337449251;S
20240513;103828;42.32;1030;10337449329;B
20240513;103828;42.32;10;10337449409;B
20240513;103830;42.315;60;10337449677;B
20240513;103839;42.315;500;10337450963;B
20240513;103842;42.315;10;10337451409;B
20240513;103842;42.31;140;10337451473;S
20240513;103842;42.31;20;10337451474;S
20240513;103842;42.31;10;10337451475;S
20240513;103842;42.31;230;10337451476;S
20240513;103844;42.31;50;10337451784;S
20240513;103844;42.31;280;10337451820;S
20240513;103847;42.31;20;10337452091;S
20240513;103847;42.305;50;10337452092;S
20240513;103847;42.305;100;10337452093;S
20240513;103847;42.305;30;10337452094;S
20240513;103847;42.305;40;10337452095;S
20240513;103847;42.305;110;10337452096;S
20240513;103847;42.305;30;10337452140;S
20240513;103847;42.305;400;10337452141;S
20240513;103847;42.31;10;10337452151;B
20240513;103847;42.31;20;10337452162;B
20240513;103853;42.305;500;10337453002;S
20240513;103853;42.305;500;10337453003;S
20240513;103853;42.305;40;10337453004;S
20240513;103853;42.305;10;10337453005;S
20240513;103853;42.305;1950;10337453006;S
20240513;103855;42.305;10;10337453414;B
20240513;103901;42.305;20;10337454206;B
20240513;103902;42.3;10;10337454357;S
20240513;103902;42.3;20;10337454364;S
20240513;103902;42.3;980;10337454365;S
20240513;103902;42.3;5000;10337454366;S
20240513;103902;42.3;1000;10337454367;S
20240513;103902;42.3;100;10337454368;S
20240513;103902;42.3;150;10337454369;S
20240513;103902;42.3;10;10337454370;S
20240513;103902;42.3;30;10337454371;S
20240513;103902;42.3;60;10337454372;S
20240513;103902;42.3;10;10337454373;S
20240513;103902;42.3;10;10337454374;S
20240513;103902;42.3;20;10337454375;S
20240513;103902;42.3;250;10337454376;S
20240513;103902;42.3;50;10337454377;S
20240513;103902;42.3;3000;10337454378;S
20240513;103902;42.3;120;10337454379;S
20240513;103902;42.3;10;10337454380;S
20240513;103902;42.295;50;10337454381;S
20240513;103902;42.295;10;10337454382;S
20240513;103902;42.295;50;10337454383;S
20240513;103902;42.295;1200;10337454384;S
20240513;103902;42.29;10;10337454385;S
20240513;103902;42.29;250;10337454386;S
20240513;103902;42.29;630;10337454387;S
20240513;103902;42.3;20;10337454391;B
20240513;103902;42.295;20;10337454406;B
20240513;103902;42.295;80;10337454431;B
20240513;103902;42.295;1820;10337454439;B
20240513;103902;42.295;180;10337454440;B
20240513;103902;42.29;370;10337454441;S
20240513;103902;42.29;10;10337454442;S
20240513;103902;42.29;10;10337454443;S
20240513;103902;42.285;10;10337454444;S
20240513;103902;42.285;480;10337454445;S
20240513;103903;42.3;10;10337454507;B
20240513;103903;42.3;20;10337454509;B
20240513;103907;42.295;20;10337455081;B
20240513;103907;42.295;320;10337455082;B
20240513;103907;42.295;290;10337455083;B
20240513;103907;42.3;970;10337455084;B
20240513;103907;42.3;1170;10337455085;B
20240513;103907;42.305;400;10337455086;B
20240513;103907;42.305;1300;10337455087;B
20240513;103908;42.305;160;10337455281;S
20240513;103911;42.315;50;10337455613;B
20240513;103911;42.315;20;10337455614;B
20240513;103912;42.305;10;10337455704;S
20240513;103916;42.305;10;10337456386;S
20240513;103917;42.305;10;10337456546;S
20240513;103917;42.305;10;10337456610;S
20240513;103918;42.31;10;10337456770;B
20240513;103918;42.315;10;10337456771;B
20240513;103926;42.31;10;10337457626;B
20240513;103926;42.315;10;10337457627;B
20240513;103927;42.305;150;10337457796;S
20240513;103928;42.31;10;10337458004;B
20240513;103935;42.315;10;10337459087;B
20240513;103936;42.315;10;10337459164;S
20240513;103941;42.32;10;10337459760;B
20240513;103941;42.325;390;10337459761;B
20240513;103941;42.325;1100;10337459762;B
20240513;103941;42.32;70;10337459764;S
20240513;103943;42.32;10;10337460099;S
20240513;103947;42.32;30;10337460602;S
20240513;103949;42.32;30;10337460772;S
20240513;103956;42.32;10;10337461709;S
20240513;104003;42.325;10;10337462314;B
20240513;104003;42.325;200;10337462353;B
20240513;104006;42.325;650;10337462572;B
20240513;104006;42.325;2900;10337462573;B
20240513;104006;42.33;30;10337462582;B
20240513;104007;42.33;30;10337462667;B
20240513;104007;42.33;100;10337462668;B
20240513;104007;42.335;140;10337462669;B
20240513;104007;42.335;80;10337462670;B
20240513;104007;42.335;70;10337462671;B
20240513;104007;42.335;600;10337462672;B
20240513;104007;42.335;280;10337462673;B
20240513;104007;42.335;80;10337462674;B
20240513;104007;42.335;300;10337462675;B
20240513;104007;42.335;390;10337462676;B
20240513;104007;42.335;60;10337462677;B
20240513;104007;42.335;870;10337462678;B
20240513;104008;42.335;230;10337462765;B
20240513;104008;42.335;80;10337462766;B
20240513;104008;42.335;70;10337462767;B
20240513;104008;42.335;600;10337462768;B
20240513;104008;42.335;280;10337462769;B
20240513;104008;42.335;80;10337462770;B
20240513;104008;42.335;300;10337462771;B
20240513;104008;42.335;5970;10337462772;B
20240513;104009;42.32;20;10337462862;S
20240513;104010;42.325;70;10337462916;S
20240513;104011;42.335;230;10337463091;B
20240513;104011;42.335;80;10337463092;B
20240513;104011;42.335;70;10337463093;B
20240513;104011;42.335;600;10337463094;B
20240513;104011;42.335;20;10337463095;B
20240513;104017;42.325;50;10337463770;B
20240513;104018;42.325;10;10337463897;B
20240513;104019;42.325;10;10337463990;B
20240513;104022;42.32;100;10337464344;S
20240513;104022;42.32;10;10337464345;S
20240513;104038;42.325;50;10337466308;B
20240513;104039;42.32;10;10337466351;S
20240513;104042;42.325;30;10337466660;B
20240513;104045;42.325;70;10337467000;B
20240513;104046;42.325;10;10337467039;B
20240513;104048;42.32;30;10337467522;S
20240513;104048;42.32;50;10337467523;S
20240513;104048;42.32;10;10337467524;S
20240513;104050;42.32;10;10337467919;B
20240513;104054;42.315;10;10337468603;S
20240513;104054;42.315;80;10337468604;S
20240513;104054;42.315;10;10337468665;S
20240513;104055;42.32;100;10337468927;B
20240513;104100;42.32;30;10337469695;B
20240513;104100;42.32;20;10337469696;B
20240513;104106;42.32;930;10337470918;B
20240513;104106;42.32;70;10337470919;B
20240513;104110;42.32;100;10337471488;B
20240513;104118;42.32;50;10337472789;B
20240513;104120;42.315;410;10337473127;S
20240513;104120;42.315;50;10337473128;S
20240513;104120;42.315;50;10337473129;S
20240513;104120;42.31;40;10337473130;S
20240513;104130;42.315;1000;10337474952;B
20240513;104136;42.31;10;10337475992;S
20240513;104136;42.31;30;10337475993;S
20240513;104147;42.315;50;10337478164;B
20240513;104151;42.31;10;10337478659;S
20240513;104151;42.315;10;10337478726;B
20240513;104152;42.31;90;10337478890;S
20240513;104157;42.315;100;10337479578;B
20240513;104157;42.31;20;10337479659;S
20240513;104158;42.31;100;10337479766;S
20240513;104158;42.31;10;10337479767;S
20240513;104201;42.31;570;10337480203;B
20240513;104201;42.31;100;10337480204;B
20240513;104201;42.31;60;10337480205;B
20240513;104201;42.315;270;10337480206;B
20240513;104203;42.305;180;10337480497;S
20240513;104203;42.305;10;10337480498;S
20240513;104205;42.31;10;10337480791;B
20240513;104206;42.31;20;10337480994;B
20240513;104207;42.31;40;10337481257;B
20240513;104207;42.315;230;10337481258;B
20240513;104211;42.315;80;10337481870;B
20240513;104220;42.305;90;10337483181;S
20240513;104220;42.305;10;10337483182;S
20240513;104221;42.31;100;10337483296;B
20240513;104221;42.31;10;10337483345;B
20240513;104222;42.31;50;10337483478;B
20240513;104223;42.31;500;10337483570;B
20240513;104223;42.31;10;10337483597;B
20240513;104227;42.315;20;10337484176;B
20240513;104231;42.305;200;10337484818;S
20240513;104238;42.31;120;10337485669;B
20240513;104239;42.31;10;10337485891;B
20240513;104239;42.31;50;10337485892;B
20240513;104241;42.31;1300;10337486099;B
20240513;104242;42.31;10;10337486243;B
20240513;104246;42.31;10;10337486876;B
20240513;104249;42.305;100;10337487274;S
20240513;104249;42.305;30;10337487275;S
20240513;104249;42.305;260;10337487276;S
20240513;104249;42.31;4390;10337487282;B
20240513;104256;42.31;1000;10337488225;S
20240513;104256;42.31;50;10337488226;S
20240513;104256;42.31;950;10337488227;S
20240513;104256;42.305;290;10337488228;S
20240513;104301;42.3;10;10337488936;S
20240513;104313;42.305;210;10337492021;B
20240513;104314;42.3;20;10337492111;S
20240513;104314;42.305;10;10337492259;B
20240513;104315;42.305;50;10337492367;B
20240513;104315;42.305;10;10337492524;B
20240513;104322;42.305;10;10337493777;B
20240513;104324;42.305;10;10337494081;B
20240513;104324;42.305;10;10337494082;B
20240513;104325;42.305;60;10337494260;B
20240513;104330;42.305;1000;10337494936;B
20240513;104330;42.3;60;10337494970;S
20240513;104330;42.3;110;10337494971;S
20240513;104342;42.3;1880;10337496764;S
20240513;104342;42.3;10;10337496765;S
20240513;104342;42.3;50;10337496766;S
20240513;104342;42.3;200;10337496767;S
20240513;104342;42.3;150;10337496768;S
20240513;104342;42.3;950;10337496769;S
20240513;104342;42.3;760;10337496770;S
20240513;104343;42.305;10;10337496884;B
20240513;104344;42.305;6330;10337496986;B
20240513;104344;42.315;600;10337496987;B
20240513;104344;42.315;8510;10337496988;B
20240513;104344;42.315;100;10337496989;B
20240513;104344;42.32;390;10337496990;B
20240513;104344;42.32;440;10337496991;B
20240513;104344;42.32;90;10337496992;B
20240513;104344;42.32;170;10337496993;B
20240513;104344;42.32;230;10337496994;B
20240513;104344;42.32;280;10337496995;B
20240513;104344;42.32;150;10337496996;B
20240513;104344;42.32;1430;10337496997;B
20240513;104344;42.32;40;10337496998;B
20240513;104344;42.32;1860;10337496999;B
20240513;104344;42.32;200;10337497000;B
20240513;104344;42.32;430;10337497001;B
20240513;104344;42.32;830;10337497002;B
20240513;104344;42.32;990;10337497003;B
20240513;104344;42.32;440;10337497004;B
20240513;104344;42.32;700;10337497005;B
20240513;104344;42.32;240;10337497006;B
20240513;104344;42.32;10240;10337497007;B
20240513;104346;42.305;130;10337497287;S
20240513;104346;42.305;370;10337497288;S
20240513;104418;42.32;40;10337501669;B
20240513;104418;42.31;120;10337501676;S
20240513;104418;42.31;70;10337501677;S
20240513;104418;42.305;160;10337501685;S
20240513;104424;42.31;50;10337502344;B
20240513;104426;42.31;50;10337502558;B
20240513;104444;42.32;10;10337504844;B
20240513;104445;42.32;20;10337504916;B
20240513;104448;42.32;60;10337505374;B
20240513;104451;42.31;230;10337505889;S
20240513;104453;42.31;10;10337506265;B
20240513;104501;42.305;1120;10337507250;S
20240513;104501;42.305;2360;10337507251;S
20240513;104501;42.305;3060;10337507252;S
20240513;104501;42.305;700;10337507253;S
20240513;104501;42.305;2360;10337507254;S
20240513;104501;42.305;60;10337507255;S
20240513;104501;42.305;100;10337507256;S
20240513;104501;42.305;1130;10337507257;S
20240513;104501;42.3;19240;10337507258;S
20240513;104501;42.3;980;10337507259;S
20240513;104501;42.3;590;10337507260;S
20240513;104501;42.295;50;10337507301;S
20240513;104501;42.295;10;10337507302;S
20240513;104501;42.295;10;10337507303;S
20240513;104501;42.295;30;10337507304;S
20240513;104502;42.295;50;10337507549;S
20240513;104503;42.295;180;10337507659;S
20240513;104503;42.295;2350;10337507660;S
20240513;104503;42.295;470;10337507661;S
20240513;104504;42.295;180;10337507791;B
20240513;104505;42.295;10;10337507978;B
20240513;104508;42.29;30;10337508369;S
20240513;104508;42.29;10;10337508370;S
20240513;104508;42.29;10;10337508371;S
20240513;104508;42.29;90;10337508372;S
20240513;104511;42.295;20;10337508792;B
20240513;104519;42.295;10;10337509666;S
20240513;104523;42.3;10;10337510495;B
20240513;104524;42.295;90;10337510549;S
20240513;104524;42.295;150;10337510550;S
20240513;104524;42.29;2270;10337510584;S
20240513;104524;42.29;1650;10337510585;S
20240513;104524;42.29;3060;10337510586;S
20240513;104524;42.29;50;10337510597;B
20240513;104526;42.29;10;10337510771;B
20240513;104531;42.29;90;10337512368;B
20240513;104534;42.29;50;10337512843;B
20240513;104534;42.29;10;10337512882;B
20240513;104535;42.29;30;10337513068;B
20240513;104536;42.29;10;10337513106;B
20240513;104538;42.29;10;10337513473;B
20240513;104548;42.29;60;10337514648;B
20240513;104548;42.29;1000;10337514666;B
20240513;104602;42.29;110;10337516923;B
20240513;104603;42.29;70;10337517131;B
20240513;104603;42.29;10;10337517161;B
20240513;104604;42.29;300;10337517210;B
20240513;104604;42.29;100;10337517287;B
20240513;104606;42.29;120;10337517922;B
20240513;104607;42.285;30;10337517994;S
20240513;104609;42.29;70;10337518239;B
20240513;104612;42.29;50;10337518504;B
20240513;104612;42.285;6580;10337518573;S
20240513;104612;42.285;10;10337518574;S
20240513;104612;42.285;10;10337518575;S
20240513;104612;42.285;110;10337518576;S
20240513;104612;42.285;50;10337518577;S
20240513;104612;42.285;10;10337518578;S
20240513;104612;42.285;1200;10337518579;S
20240513;104612;42.285;50;10337518580;S
20240513;104612;42.28;2000;10337518581;S
20240513;104612;42.28;10;10337518582;S
20240513;104612;42.28;3010;10337518583;S
20240513;104613;42.28;100;10337518747;S
20240513;104614;42.28;890;10337518928;S
20240513;104614;42.28;50;10337518929;S
20240513;104614;42.28;420;10337518930;S
20240513;104614;42.28;540;10337518931;S
20240513;104618;42.285;700;10337519592;B
20240513;104618;42.28;200;10337519659;S
20240513;104619;42.285;20;10337519815;B
20240513;104621;42.285;50;10337520041;B
20240513;104623;42.285;40;10337520312;B
20240513;104630;42.28;660;10337521511;S
20240513;104632;42.285;60;10337521939;B
20240513;104636;42.285;100;10337522659;B
20240513;104638;42.28;400;10337522900;S
20240513;104644;42.28;20;10337523590;S
20240513;104646;42.285;20;10337523888;B
20240513;104650;42.285;10;10337524257;B
20240513;104650;42.285;10;10337524323;B
20240513;104651;42.285;50;10337524374;B
20240513;104651;42.28;30;10337524431;S
20240513;104651;42.28;10;10337524432;S
20240513;104700;42.285;80;10337525776;B
20240513;104701;42.285;10;10337525875;B
20240513;104703;42.28;350;10337526147;S
20240513;104703;42.28;70;10337526160;S
20240513;104703;42.285;10;10337526162;B
20240513;104707;42.28;300;10337526687;S
20240513;104709;42.28;10;10337526915;S
20240513;104711;42.285;10;10337527936;B
20240513;104716;42.285;10;10337528489;B
20240513;104718;42.285;20;10337528772;B
20240513;104720;42.285;40;10337528966;B
20240513;104720;42.285;940;10337529049;B
20240513;104720;42.285;200;10337529050;B
20240513;104720;42.285;20;10337529051;B
20240513;104720;42.285;190;10337529052;B
20240513;104721;42.285;810;10337529058;B
20240513;104721;42.285;90;10337529059;B
20240513;104721;42.29;100;10337529060;B
20240513;104721;42.29;690;10337529132;B
20240513;104721;42.29;220;10337529133;B
20240513;104721;42.29;170;10337529134;B
20240513;104721;42.29;300;10337529135;B
20240513;104721;42.29;180;10337529136;B
20240513;104721;42.29;160;10337529137;B
20240513;104721;42.29;560;10337529138;B
20240513;104721;42.29;250;10337529139;B
20240513;104721;42.29;260;10337529140;B
20240513;104721;42.29;130;10337529141;B
20240513;104721;42.29;130;10337529142;B
20240513;104721;42.29;430;10337529143;B
20240513;104721;42.29;190;10337529144;B
20240513;104721;42.29;190;10337529145;B
20240513;104721;42.29;270;10337529146;B
20240513;104721;42.29;210;10337529147;B
20240513;104721;42.29;660;10337529148;B
20240513;104724;42.29;10;10337529579;B
20240513;104744;42.285;40;10337533096;B
20240513;104745;42.285;50;10337533317;B
20240513;104748;42.285;10;10337533708;B
20240513;104751;42.29;20;10337534042;B
20240513;104751;42.29;180;10337534043;B
20240513;104751;42.29;760;10337534044;B
20240513;104751;42.29;40;10337534045;B
20240513;104752;42.29;30;10337534112;B
20240513;104759;42.28;10;10337535084;S
20240513;104800;42.28;1610;10337535221;S
20240513;104800;42.28;20;10337535222;S
20240513;104800;42.28;1370;10337535223;S
20240513;104800;42.28;30;10337535224;S
20240513;104800;42.28;1650;10337535225;S
20240513;104800;42.28;530;10337535226;S
20240513;104804;42.28;10;10337535671;S
20240513;104806;42.285;10;10337536190;B
20240513;104810;42.28;20;10337536636;S
20240513;104810;42.285;40;10337536651;B
20240513;104814;42.285;400;10337537244;B
20240513;104815;42.28;2330;10337537374;S
20240513;104815;42.28;400;10337537375;S
20240513;104817;42.285;10;10337537735;B
20240513;104831;42.285;30;10337539673;B
20240513;104837;42.285;30;10337540374;B
20240513;104838;42.28;30;10337540396;S
20240513;104838;42.28;2360;10337540397;S
20240513;104838;42.28;1430;10337540398;S
20240513;104838;42.275;110;10337540417;S
20240513;104840;42.28;10;10337540619;B
20240513;104840;42.275;250;10337540635;S
20240513;104840;42.275;10;10337540636;S
20240513;104840;42.275;20;10337540637;S
20240513;104840;42.275;30;10337540640;S
20240513;104840;42.275;30;10337540641;S
20240513;104840;42.275;10;10337540642;S
20240513;104840;42.275;60;10337540643;S
20240513;104840;42.275;150;10337540644;S
20240513;104840;42.275;110;10337540645;S
20240513;104840;42.275;120;10337540646;S
20240513;104840;42.275;300;10337540647;S
20240513;104840;42.275;70;10337540648;S
20240513;104840;42.275;600;10337540649;S
20240513;104840;42.275;80;10337540650;S
20240513;104840;42.275;80;10337540657;S
20240513;104840;42.275;280;10337540664;S
20240513;104840;42.275;230;10337540665;S
20240513;104840;42.275;300;10337540666;S
20240513;104840;42.275;70;10337540667;S
20240513;104840;42.275;600;10337540668;S
20240513;104840;42.275;80;10337540669;S
20240513;104840;42.275;80;10337540671;S
20240513;104840;42.275;280;10337540680;S
20240513;104840;42.275;190;10337540682;S
20240513;104840;42.275;300;10337540683;S
20240513;104840;42.275;70;10337540684;S
20240513;104840;42.275;600;10337540685;S
20240513;104840;42.275;80;10337540686;S
20240513;104840;42.275;80;10337540689;S
20240513;104841;42.275;280;10337540690;S
20240513;104841;42.275;230;10337540693;S
20240513;104841;42.275;50;10337540694;S
20240513;104841;42.275;20;10337540695;S
20240513;104841;42.275;30;10337540696;S
20240513;104841;42.275;40;10337540697;S
20240513;104841;42.275;100;10337540699;S
20240513;104841;42.275;200;10337540700;S
20240513;104841;42.275;300;10337540701;S
20240513;104841;42.275;30;10337540702;S
20240513;104842;42.27;10;10337540800;S
20240513;104842;42.27;10;10337540801;S
20240513;104842;42.27;110;10337540802;S
20240513;104842;42.27;14870;10337540803;S
20240513;104842;42.27;1500;10337540827;S
20240513;104842;42.275;150;10337540879;B
20240513;104842;42.27;140;10337540884;S
20240513;104849;42.27;10;10337541719;S
20240513;104851;42.275;50;10337541945;B
20240513;104858;42.27;500;10337543099;S
20240513;104858;42.275;40;10337543132;B
20240513;104859;42.275;50;10337543238;B
20240513;104900;42.275;70;10337543393;B
20240513;104902;42.27;30;10337543703;S
20240513;104903;42.27;10;10337543754;S
20240513;104904;42.27;1000;10337543852;S
20240513;104907;42.27;3570;10337544286;S
20240513;104913;42.27;2500;10337544943;S
20240513;104919;42.27;160;10337545656;S
20240513;104919;42.275;30;10337545662;B
20240513;104920;42.27;1000;10337545673;S
20240513;104922;42.27;70;10337546023;S
20240513;104923;42.27;1000;10337546050;S
20240513;104926;42.27;1000;10337546358;S
20240513;104928;42.275;1260;10337546772;B
20240513;104928;42.275;80;10337546773;B
20240513;104928;42.275;280;10337546774;B
20240513;104928;42.275;30;10337546775;B
20240513;104928;42.275;40;10337546776;B
20240513;104928;42.275;600;10337546777;B
20240513;104928;42.275;130;10337546778;B
20240513;104928;42.275;3060;10337546779;B
20240513;104928;42.275;4520;10337546780;B
20240513;104932;42.275;40;10337547456;B
20240513;104932;42.275;10;10337547486;B
20240513;104932;42.275;20;10337547544;B
20240513;104943;42.27;250;10337548688;S
