<DATE>;<TIME>;<LAST>;<VOL>;<ID>;<OPER>
20240513;095959;314.1;160;10336837767;B
20240513;095959;314.1;90;10336837768;B
20240513;095959;314.1;10;10336837769;B
20240513;095959;314.1;10;10336837770;B
20240513;095959;314.1;10;10336837771;S
20240513;095959;314.1;6060;10336837772;S
20240513;095959;314.1;1540;10336837773;S
20240513;095959;314.1;200;10336837774;S
20240513;095959;314.1;100;10336837775;S
20240513;095959;314.1;10;10336837776;B
20240513;095959;314.1;300;10336837777;B
20240513;095959;314.1;500;10336837778;B
20240513;095959;314.1;10;10336837779;B
20240513;095959;314.1;1100;10336837780;B
20240513;095959;314.1;60;10336837781;B
20240513;095959;314.1;20;10336837782;B
20240513;095959;314.1;20;10336837783;B
20240513;095959;314.1;10;10336837784;B
20240513;095959;314.1;20;10336837785;B
20240513;095959;314.1;150;10336837786;B
20240513;095959;314.1;3000;10336837787;B
20240513;095959;314.1;500;10336837788;B
20240513;095959;314.1;2000;10336837789;B
20240513;095959;314.1;10;10336837790;B
20240513;095959;314.1;10;10336837791;B
20240513;095959;314.1;10;10336837792;B
20240513;095959;314.1;60;10336837793;B
20240513;095959;314.1;20;10336837794;B
20240513;095959;314.1;800;10336837795;B
20240513;095959;314.1;200;10336837796;B
20240513;095959;314.1;20;10336837797;B
20240513;095959;314.1;10;10336837798;B
20240513;095959;314.1;10;10336837799;B
20240513;095959;314.1;50;10336837800;B
20240513;095959;314.1;2500;10336837801;B
20240513;095959;314.1;340;10336837802;B
20240513;095959;314.1;10;10336837803;B
20240513;095959;314.1;300;10336837804;B
20240513;095959;314.1;10;10336837805;B
20240513;095959;314.1;10;10336837806;B
20240513;095959;314.1;240;10336837807;B
20240513;095959;314.1;10;10336837808;B
20240513;095959;314.1;310;10336837809;B
20240513;095959;314.1;540;10336837810;B
20240513;095959;314.1;10;10336837811;B
20240513;095959;314.1;1000;10336837812;B
20240513;095959;314.1;320;10336837813;B
20240513;095959;314.1;500;10336837814;B
20240513;095959;314.1;80;10336837815;B
20240513;095959;314.1;20;10336837816;B
20240513;095959;314.1;330;10336837817;B
20240513;095959;314.1;10;10336837818;B
20240513;095959;314.1;10;10336837819;B
20240513;095959;314.1;10;10336837820;B
20240513;095959;314.1;310;10336837821;B
20240513;095959;314.1;90;10336837822;B
20240513;095959;314.1;1740;10336837823;B
20240513;095959;314.1;20;10336837824;B
20240513;095959;314.1;10;10336837825;B
20240513;095959;314.1;100;10336837826;B
20240513;095959;314.1;20;10336837827;B
20240513;095959;314.1;20;10336837828;B
20240513;095959;314.1;20;10336837829;B
20240513;095959;314.1;10;10336837830;B
20240513;095959;314.1;30;10336837831;B
20240513;095959;314.1;330;10336837832;B
20240513;095959;314.1;10;10336837833;B
20240513;095959;314.1;15000;10336837834;B
20240513;095959;314.1;20;10336837835;B
20240513;095959;314.1;50;10336837836;B
20240513;095959;314.1;1300;10336837837;B
20240513;095959;314.1;300;10336837838;B
20240513;095959;314.1;20;10336837839;B
20240513;095959;314.1;400;10336837840;B
20240513;095959;314.1;70;10336837841;B
20240513;095959;314.1;10;10336837842;B
20240513;095959;314.1;70;10336837843;B
20240513;095959;314.1;50;10336837844;B
20240513;095959;314.1;10;10336837845;B
20240513;095959;314.1;200;10336837846;B
20240513;095959;314.1;500;10336837847;B
20240513;095959;314.1;10;10336837848;B
20240513;095959;314.1;50;10336837849;B
20240513;095959;314.1;160;10336837850;B
20240513;095959;314.1;1000;10336837851;B
20240513;095959;314.1;26690;10336837852;B
20240513;095959;314.1;10;10336837853;B
20240513;095959;314.1;10;10336837854;B
20240513;095959;314.1;30;10336837855;B
20240513;095959;314.1;160;10336837856;B
20240513;095959;314.1;10;10336837857;B
20240513;095959;314.1;20;10336837858;B
20240513;095959;314.1;50;10336837859;B
20240513;095959;314.1;4500;10336837860;B
20240513;095959;314.1;10;10336837861;B
20240513;095959;314.1;10;10336837862;B
20240513;095959;314.1;10;10336837863;B
20240513;095959;314.1;1000;10336837864;B
20240513;095959;314.1;1000;10336837865;B
20240513;095959;314.1;1000;10336837866;B
20240513;095959;314.1;70;10336837867;B
20240513;095959;314.1;10;10336837868;B
20240513;095959;314.1;270;10336837869;B
20240513;095959;314.1;120;10336837870;B
20240513;095959;314.1;1000;10336837871;B
20240513;095959;314.1;1420;10336837872;B
20240513;095959;314.1;10;10336837873;B
20240513;095959;314.1;10;10336837874;B
20240513;095959;314.1;10;10336837875;B
20240513;095959;314.1;10;10336837876;B
20240513;095959;314.1;10;10336837877;B
20240513;095959;314.1;10;10336837878;B
20240513;095959;314.1;500;10336837879;B
20240513;095959;314.1;100;10336837880;B
20240513;095959;314.1;1000;10336837881;B
20240513;095959;314.1;100;10336837882;B
20240513;095959;314.1;300;10336837883;B
20240513;095959;314.1;20000;10336837884;B
20240513;095959;314.1;500;10336837885;B
20240513;095959;314.1;20;10336837886;B
20240513;095959;314.1;200;10336837887;B
20240513;095959;314.1;130;10336837888;B
20240513;095959;314.1;20;10336837889;B
20240513;095959;314.1;290;10336837890;B
20240513;095959;314.1;80;10336837891;B
20240513;095959;314.1;1000;10336837892;B
20240513;095959;314.1;3500;10336837893;B
20240513;095959;314.1;10;10336837894;B
20240513;095959;314.1;10;10336837895;B
20240513;095959;314.1;50;10336837896;B
20240513;095959;314.1;990;10336837897;B
20240513;095959;314.1;200;10336837898;B
20240513;095959;314.1;10;10336837899;B
20240513;095959;314.1;10;10336837900;B
20240513;095959;314.1;230;10336837901;B
20240513;095959;314.1;10;10336837902;B
20240513;095959;314.1;430;10336837903;B
20240513;095959;314.1;500;10336837904;S
20240513;095959;314.1;1070;10336837905;S
20240513;095959;314.1;80;10336837906;S
20240513;095959;314.1;10;10336837907;S
20240513;095959;314.1;20;10336837908;S
20240513;095959;314.1;70;10336837909;S
20240513;095959;314.1;300;10336837910;S
20240513;095959;314.1;10;10336837911;S
20240513;095959;314.1;360;10336837912;S
20240513;095959;314.1;100;10336837913;S
20240513;095959;314.1;20;10336837914;S
20240513;095959;314.1;30;10336837915;S
20240513;095959;314.1;430;10336837916;B
20240513;095959;314.1;500;10336837917;B
20240513;095959;314.1;200;10336837918;B
20240513;095959;314.1;50;10336837919;B
20240513;095959;314.1;20;10336837920;B
20240513;095959;314.1;20;10336837921;B
20240513;095959;314.1;40;10336837922;B
20240513;095959;314.1;110;10336837923;B
20240513;095959;314.1;20;10336837924;B
20240513;095959;314.1;10;10336837925;B
20240513;095959;314.1;60;10336837926;B
20240513;095959;314.1;400;10336837927;B
20240513;095959;314.1;100;10336837928;B
20240513;095959;314.1;40;10336837929;B
20240513;095959;314.1;30;10336837930;B
20240513;095959;314.1;20;10336837931;B
20240513;095959;314.1;50;10336837932;B
20240513;095959;314.1;120;10336837933;B
20240513;095959;314.1;10;10336837934;B
20240513;095959;314.1;420;10336837935;B
20240513;095959;314.1;2350;10336837936;B
20240513;095959;314.1;50;10336837937;B
20240513;095959;314.1;480;10336837938;B
20240513;095959;314.1;10;10336837939;B
20240513;095959;314.1;10;10336837940;B
20240513;095959;314.1;10;10336837941;B
20240513;095959;314.1;10;10336837942;B
20240513;095959;314.1;100;10336837943;S
20240513;095959;314.1;30;10336837944;B
20240513;095959;314.1;80;10336837945;S
20240513;095959;314.1;50;10336837946;B
20240513;095959;314.1;30;10336837947;B
20240513;095959;314.1;10;10336837948;B
20240513;095959;314.1;10;10336837949;B
20240513;095959;314.1;10;10336837950;B
20240513;095959;314.1;10;10336837951;B
20240513;095959;314.1;70;10336837952;B
20240513;095959;314.1;10;10336837953;B
20240513;095959;314.1;10;10336837954;B
20240513;095959;314.1;20;10336837955;B
20240513;095959;314.1;10;10336837956;B
20240513;095959;314.1;20;10336837957;B
20240513;095959;314.1;10;10336837958;B
20240513;095959;314.1;20;10336837959;B
20240513;095959;314.1;320;10336837960;B
20240513;095959;314.1;10;10336837961;B
20240513;095959;314.1;60;10336837962;B
20240513;095959;314.1;20;10336837963;B
20240513;095959;314.1;30;10336837964;B
20240513;095959;314.1;10;10336837965;B
20240513;095959;314.1;1000;10336837966;B
20240513;095959;314.1;100;10336837967;B
20240513;095959;314.1;460;10336837968;B
20240513;095959;314.1;50;10336837969;B
20240513;095959;314.1;20;10336837970;B
20240513;095959;314.1;20;10336837971;B
20240513;095959;314.1;20;10336837972;B
20240513;095959;314.1;50;10336837973;S
20240513;095959;314.1;50;10336837974;B
20240513;095959;314.1;10;10336837975;B
20240513;095959;314.1;10;10336837976;B
20240513;095959;314.1;200;10336837977;B
20240513;095959;314.1;20;10336837978;B
20240513;095959;314.1;10;10336837979;B
20240513;095959;314.1;10;10336837980;B
20240513;095959;314.1;30;10336837981;B
20240513;095959;314.1;40;10336837982;B
20240513;095959;314.1;50;10336837983;B
20240513;095959;314.1;10;10336837984;B
20240513;095959;314.1;160;10336837985;B
20240513;095959;314.1;70;10336837986;B
20240513;095959;314.1;10;10336837987;B
20240513;095959;314.1;10;10336837988;B
20240513;095959;314.1;20;10336837989;B
20240513;095959;314.1;10;10336837990;B
20240513;095959;314.1;20;10336837991;B
20240513;095959;314.1;20;10336837992;B
20240513;095959;314.1;10;10336837993;B
20240513;095959;314.1;100;10336837994;B
20240513;095959;314.1;10;10336837995;B
20240513;095959;314.1;540;10336837996;B
20240513;095959;314.1;30;10336837997;B
20240513;095959;314.1;160;10336837998;B
20240513;095959;314.1;20;10336837999;B
20240513;095959;314.1;10;10336838000;B
20240513;095959;314.1;320;10336838001;B
20240513;095959;314.1;10;10336838002;B
20240513;095959;314.1;10;10336838003;B
20240513;095959;314.1;100;10336838004;B
20240513;095959;314.1;10;10336838005;S
20240513;095959;314.1;50;10336838006;B
20240513;095959;314.1;100;10336838007;B
20240513;095959;314.1;10;10336838008;B
20240513;095959;314.1;100;10336838009;B
20240513;095959;314.1;10;10336838010;B
20240513;095959;314.1;10;10336838011;B
20240513;095959;314.1;20;10336838012;B
20240513;095959;314.1;20;10336838013;B
20240513;095959;314.1;10;10336838014;B
20240513;095959;314.1;10;10336838015;B
20240513;095959;314.1;10;10336838016;B
20240513;095959;314.1;30;10336838017;B
20240513;095959;314.1;510;10336838018;B
20240513;095959;314.1;10;10336838019;B
20240513;095959;314.1;20;10336838020;B
20240513;095959;314.1;410;10336838021;B
20240513;095959;314.1;10;10336838022;B
20240513;095959;314.1;50;10336838023;B
20240513;095959;314.1;10;10336838024;B
20240513;095959;314.1;10;10336838025;B
20240513;095959;314.1;750;10336838026;B
20240513;095959;314.1;10;10336838027;B
20240513;095959;314.1;10;10336838028;B
20240513;095959;314.1;20;10336838029;B
20240513;095959;314.1;10;10336838030;B
20240513;095959;314.1;3000;10336838031;B
20240513;095959;314.1;20;10336838032;B
20240513;095959;314.1;10;10336838033;B
20240513;095959;314.1;10;10336838034;B
20240513;095959;314.1;750;10336838035;B
20240513;095959;314.1;500;10336838036;B
20240513;095959;314.1;10;10336838037;B
20240513;095959;314.1;20;10336838038;B
20240513;095959;314.1;20;10336838039;B
20240513;095959;314.1;80;10336838040;B
20240513;095959;314.1;10;10336838041;B
20240513;095959;314.1;10;10336838042;B
20240513;095959;314.1;10;10336838043;B
20240513;095959;314.1;10;10336838044;B
20240513;095959;314.1;10;10336838045;B
20240513;095959;314.1;20;10336838046;B
20240513;095959;314.1;750;10336838047;B
20240513;095959;314.1;10;10336838048;B
20240513;095959;314.1;50;10336838049;B
20240513;095959;314.1;10;10336838050;B
20240513;095959;314.1;20;10336838051;B
20240513;095959;314.1;20;10336838052;B
20240513;095959;314.1;100;10336838053;B
20240513;095959;314.1;10;10336838054;B
20240513;095959;314.1;90;10336838055;B
20240513;095959;314.1;10;10336838056;B
20240513;095959;314.1;10;10336838057;B
20240513;095959;314.1;750;10336838058;B
20240513;095959;314.1;3000;10336838059;B
20240513;095959;314.1;10;10336838060;B
20240513;095959;314.1;50;10336838061;B
20240513;095959;314.1;200;10336838062;B
20240513;095959;314.1;1750;10336838063;B
20240513;095959;314.1;10;10336838064;B
20240513;095959;314.1;10;10336838065;B
20240513;095959;314.1;10;10336838066;B
20240513;095959;314.1;20;10336838067;B
20240513;095959;314.1;10;10336838068;B
20240513;095959;314.1;10;10336838069;B
20240513;095959;314.1;20;10336838070;B
20240513;095959;314.1;10;10336838071;B
20240513;095959;314.1;160;10336838072;B
20240513;095959;314.1;200;10336838073;B
20240513;095959;314.1;50;10336838074;B
20240513;095959;314.1;10;10336838075;B
20240513;095959;314.1;10;10336838076;B
20240513;095959;314.1;20;10336838077;B
20240513;095959;314.1;300;10336838078;B
20240513;095959;314.1;10;10336838079;B
20240513;095959;314.1;100;10336838080;B
20240513;095959;314.1;10;10336838081;B
20240513;095959;314.1;110;10336838082;B
20240513;095959;314.1;500;10336838083;B
20240513;095959;314.1;10000;10336838084;B
20240513;095959;314.1;100;10336838085;B
20240513;095959;314.1;10;10336838086;B
20240513;095959;314.1;10;10336838087;B
20240513;095959;314.1;10;10336838088;B
20240513;095959;314.1;10;10336838089;B
20240513;095959;314.1;50;10336838090;B
20240513;095959;314.1;200;10336838091;B
20240513;095959;314.1;10;10336838092;B
20240513;095959;314.1;30;10336838093;B
20240513;095959;314.1;60;10336838094;B
20240513;095959;314.1;200;10336838095;B
20240513;095959;314.1;10;10336838096;B
20240513;095959;314.1;100;10336838097;B
20240513;095959;314.1;60;10336838098;B
20240513;095959;314.1;10;10336838099;B
20240513;095959;314.1;500;10336838100;B
20240513;095959;314.1;100;10336838101;B
20240513;095959;314.1;200;10336838102;B
20240513;095959;314.1;150;10336838103;B
20240513;095959;314.1;50;10336838104;B
20240513;095959;314.1;50;10336838105;B
20240513;095959;314.1;10;10336838106;B
20240513;095959;314.1;10;10336838107;B
20240513;095959;314.1;20;10336838108;B
20240513;095959;314.1;10;10336838109;B
20240513;095959;314.1;10;10336838110;B
20240513;095959;314.1;20;10336838111;B
20240513;095959;314.1;110;10336838112;B
20240513;095959;314.1;2900;10336838113;B
20240513;095959;314.1;610;10336838114;B
20240513;095959;314.1;20;10336838115;B
20240513;095959;314.1;50;10336838116;B
20240513;095959;314.1;100;10336838117;B
20240513;095959;314.1;10;10336838118;B
20240513;095959;314.1;100;10336838119;B
20240513;095959;314.1;20;10336838120;B
20240513;095959;314.1;1000;10336838121;B
20240513;095959;314.1;10;10336838122;B
20240513;095959;314.1;240;10336838123;B
20240513;095959;314.1;750;10336838124;B
20240513;095959;314.1;70;10336838125;B
20240513;095959;314.1;30;10336838126;B
20240513;095959;314.1;10;10336838127;B
20240513;095959;314.1;10;10336838128;B
20240513;095959;314.1;20;10336838129;B
20240513;095959;314.1;20;10336838130;B
20240513;095959;314.1;10;10336838131;B
20240513;095959;314.1;200;10336838132;B
20240513;095959;314.1;120;10336838133;B
20240513;095959;314.1;110;10336838134;B
20240513;095959;314.1;1000;10336838135;B
20240513;095959;314.1;1000;10336838136;B
20240513;095959;314.1;14740;10336838137;S
20240513;095959;314.1;10;10336838138;S
20240513;095959;314.1;100;10336838139;S
20240513;095959;314.1;2000;10336838140;S
20240513;095959;314.1;100;10336838141;S
20240513;095959;314.1;10;10336838142;S
20240513;095959;314.1;100;10336838143;S
20240513;095959;314.1;210;10336838144;S
20240513;095959;314.1;30000;10336838145;S
20240513;095959;314.1;10;10336838146;S
20240513;100000;314.1;100;10336838473;B
20240513;100000;314.06;20;10336838487;S
20240513;100000;314.09;400;10336838490;B
20240513;100000;314.09;450;10336838492;B
20240513;100000;314.1;550;10336838493;B
20240513;100000;314.1;2000;10336838496;B
20240513;100000;314.1;100;10336838497;B
20240513;100000;314.1;1160;10336838498;B
20240513;100000;314.11;750;10336838499;B
20240513;100000;314.11;90;10336838500;B
20240513;100000;314.11;310;10336838502;B
20240513;100000;314.13;70;10336838503;B
20240513;100000;314.14;10;10336838504;B
20240513;100000;314.15;20;10336838505;B
20240513;100000;314.18;20;10336838506;B
20240513;100000;314.19;10;10336838507;B
20240513;100000;314.19;40;10336838508;B
20240513;100000;314.19;1520;10336838509;B
20240513;100000;314.12;100;10336838530;S
20240513;100000;314.11;750;10336838531;S
20240513;100000;314.12;450;10336838616;S
20240513;100000;314.12;130;10336838617;S
20240513;100000;314.13;30;10336838643;S
20240513;100000;314.14;10;10336838654;S
20240513;100000;314.14;20;10336838692;S
20240513;100000;314.14;20;10336838713;S
20240513;100000;314.14;20;10336838716;S
20240513;100000;314.15;30;10336838723;S
20240513;100000;314.15;30;10336838724;S
20240513;100000;314.18;10;10336838739;B
20240513;100000;314.16;20;10336838740;S
20240513;100000;314.16;30;10336838741;S
20240513;100000;314.17;10;10336838747;S
20240513;100000;314.17;10;10336838748;S
20240513;100000;314.18;840;10336838756;B
20240513;100000;314.18;400;10336838757;B
20240513;100000;314.19;480;10336838758;B
20240513;100000;314.2;50;10336838759;B
20240513;100000;314.2;10;10336838760;B
20240513;100000;314.2;120;10336838761;B
20240513;100000;314.2;10;10336838768;B
20240513;100000;314.2;10;10336838776;B
20240513;100000;314.19;50;10336838780;S
20240513;100000;314.2;210;10336838792;B
20240513;100000;314.2;500;10336838793;B
20240513;100000;314.2;10;10336838794;B
20240513;100000;314.2;80;10336838795;B
20240513;100000;314.19;10;10336838807;S
20240513;100000;314.2;20;10336838809;B
20240513;100000;314.19;20;10336838812;S
20240513;100000;314.19;40;10336838813;S
20240513;100000;314.19;1940;10336838815;S
20240513;100000;314.18;2000;10336838816;S
20240513;100000;314.16;450;10336838817;S
20240513;100000;314.15;560;10336838818;S
20240513;100000;314.15;450;10336838819;S
20240513;100000;314.14;500;10336838820;S
20240513;100000;314.14;400;10336838821;S
20240513;100000;314.14;450;10336838822;S
20240513;100000;314.13;450;10336838823;S
20240513;100000;314.12;450;10336838824;S
20240513;100000;314.11;250;10336838825;S
20240513;100000;314.11;450;10336838826;S
20240513;100000;314.11;1650;10336838827;S
20240513;100000;314.2;150;10336838830;B
20240513;100000;314.19;450;10336838831;S
20240513;100000;314.18;450;10336838832;S
20240513;100000;314.18;100;10336838833;S
20240513;100000;314.2;200;10336838834;B
20240513;100000;314.19;310;10336838836;S
20240513;100000;314.19;100;10336838839;S
20240513;100000;314.19;10;10336838840;S
20240513;100000;314.19;30;10336838843;S
20240513;100000;314.18;70;10336838844;S
20240513;100000;314.18;10;10336838847;S
20240513;100000;314.2;400;10336838857;B
20240513;100000;314.19;200;10336838859;S
20240513;100000;314.19;10;10336838864;S
20240513;100000;314.2;150;10336838874;B
20240513;100000;314.2;950;10336838875;B
20240513;100000;314.2;50;10336838877;B
20240513;100000;314.21;140;10336838878;B
20240513;100000;314.19;40;10336838891;S
20240513;100000;314.19;20;10336838896;S
20240513;100000;314.19;110;10336838901;S
20240513;100000;314.21;610;10336838907;B
20240513;100000;314.23;500;10336838925;B
20240513;100000;314.23;60;10336838936;S
20240513;100000;314.24;10;10336838937;B
20240513;100000;314.24;60;10336838960;S
20240513;100000;314.24;10;10336838973;S
20240513;100000;314.24;10;10336838974;S
20240513;100000;314.24;50;10336839008;S
20240513;100000;314.24;20;10336839026;S
20240513;100000;314.24;10;10336839028;S
20240513;100000;314.25;20;10336839374;B
20240513;100000;314.24;70;10336839382;S
20240513;100000;314.24;100;10336839384;S
20240513;100000;314.24;50;10336839398;S
20240513;100000;314.24;20;10336839423;S
20240513;100000;314.25;30;10336839435;B
20240513;100000;314.26;30;10336839436;B
20240513;100000;314.28;20;10336839437;B
20240513;100000;314.28;10;10336839438;B
20240513;100000;314.29;10;10336839439;B
20240513;100000;314.29;10;10336839440;B
20240513;100000;314.29;30;10336839441;B
20240513;100000;314.29;10;10336839442;B
20240513;100000;314.3;20;10336839443;B
20240513;100000;314.3;330;10336839444;B
20240513;100000;314.24;80;10336839446;S
20240513;100000;314.24;10;10336839448;S
20240513;100000;314.25;10;10336839465;S
20240513;100000;314.29;400;10336839494;B
20240513;100000;314.29;320;10336839495;B
20240513;100000;314.3;170;10336839496;B
20240513;100000;314.29;500;10336839510;B
20240513;100000;314.29;400;10336839511;B
20240513;100000;314.3;920;10336839512;B
20240513;100000;314.2;450;10336839515;S
20240513;100000;314.19;70;10336839516;S
20240513;100000;314.19;480;10336839517;S
20240513;100000;314.19;10;10336839518;S
20240513;100000;314.19;1000;10336839528;S
20240513;100000;314.29;10;10336839529;S
20240513;100000;314.29;10;10336839531;S
20240513;100000;314.29;10;10336839533;S
20240513;100000;314.29;400;10336839535;S
20240513;100000;314.29;10;10336839543;S
20240513;100000;314.29;10;10336839554;S
20240513;100000;314.29;10;10336839570;S
20240513;100000;314.29;120;10336839576;S
20240513;100000;314.29;10;10336839584;S
20240513;100000;314.29;50;10336839617;S
20240513;100000;314.29;50;10336839620;S
20240513;100000;314.29;10;10336839674;S
20240513;100000;314.29;740;10336839732;S
20240513;100000;314.29;100;10336839733;S
20240513;100000;314.29;2000;10336839734;S
20240513;100000;314.29;450;10336839735;S
20240513;100000;314.28;450;10336839736;S
20240513;100000;314.27;450;10336839737;S
20240513;100000;314.26;450;10336839738;S
20240513;100000;314.26;400;10336839739;S
20240513;100000;314.25;450;10336839740;S
20240513;100000;314.24;450;10336839741;S
20240513;100000;314.24;2000;10336839742;S
20240513;100000;314.23;450;10336839743;S
20240513;100000;314.23;850;10336839744;S
20240513;100000;314.22;450;10336839745;S
20240513;100000;314.21;410;10336839746;S
20240513;100000;314.21;40;10336839747;S
20240513;100000;314.2;450;10336839748;S
20240513;100000;314.15;2000;10336839749;S
20240513;100000;314.11;350;10336839750;S
20240513;100000;314.1;500;10336839751;S
20240513;100000;314.1;50;10336839752;S
20240513;100000;314.07;1440;10336839753;S
20240513;100000;314.06;3000;10336839754;S
20240513;100000;314.05;500;10336839755;S
20240513;100000;314.05;1120;10336839756;S
20240513;100000;314.05;320;10336839757;S
20240513;100000;314.04;230;10336839758;S
20240513;100000;314.2;400;10336839920;S
20240513;100000;314.2;80;10336839921;S
20240513;100000;314.2;10;10336839922;S
20240513;100000;314.2;360;10336839932;S
20240513;100000;314.2;2000;10336839933;S
20240513;100000;314.2;400;10336839934;S
20240513;100000;314.19;2000;10336839935;S
20240513;100000;314.19;450;10336839936;S
20240513;100000;314.18;450;10336839937;S
20240513;100000;314.17;450;10336839938;S
20240513;100000;314.16;450;10336839939;S
20240513;100000;314.15;440;10336839940;S
20240513;100000;314.19;50;10336840010;S
20240513;100000;314.19;150;10336840012;S
20240513;100000;314.27;400;10336840014;B
20240513;100000;314.29;100;10336840015;B
20240513;100000;314.19;50;10336840031;S
20240513;100001;314.19;200;10336840042;S
20240513;100001;314.19;400;10336840043;S
20240513;100001;314.19;2000;10336840044;S
20240513;100001;314.18;600;10336840045;S
20240513;100001;314.17;450;10336840065;S
20240513;100001;314.17;400;10336840066;S
20240513;100001;314.17;1650;10336840067;S
20240513;100001;314.27;500;10336840068;B
20240513;100001;314.28;400;10336840069;B
20240513;100001;314.3;100;10336840070;B
20240513;100001;314.18;50;10336840087;S
20240513;100001;314.27;470;10336840100;B
20240513;100001;314.21;450;10336840128;S
20240513;100001;314.21;2000;10336840129;S
20240513;100001;314.21;50;10336840130;S
20240513;100001;314.2;60;10336840200;B
20240513;100001;314.24;40;10336840201;B
20240513;100001;314.17;10;10336840231;S
20240513;100001;314.17;100;10336840274;S
20240513;100001;314.17;340;10336840291;S
20240513;100001;314.16;360;10336840292;S
20240513;100001;314.17;100;10336840488;S
20240513;100001;314.17;60;10336840539;S
20240513;100001;314.17;20;10336840552;S
20240513;100001;314.17;100;10336840553;S
20240513;100001;314.17;10;10336840575;S
20240513;100001;314.17;50;10336840594;S
20240513;100001;314.25;170;10336840664;B
20240513;100001;314.19;350;10336840767;S
20240513;100001;314.19;50;10336840798;S
20240513;100001;314.24;40;10336840817;S
20240513;100001;314.24;40;10336840847;S
20240513;100001;314.24;10;10336840865;S
20240513;100001;314.24;30;10336840868;S
20240513;100001;314.24;40;10336840910;S
20240513;100001;314.25;10;10336840920;S
20240513;100001;314.25;140;10336840973;S
20240513;100001;314.2;310;10336840974;S
20240513;100001;314.19;50;10336840975;S
20240513;100001;314.18;450;10336840976;S
20240513;100001;314.17;50;10336840977;S
20240513;100001;314.18;80;10336840998;S
20240513;100001;314.23;60;10336841034;B
20240513;100001;314.18;10;10336841069;S
20240513;100001;314.18;250;10336841072;S
20240513;100001;314.18;10;10336841091;S
20240513;100001;314.18;30;10336841147;S
20240513;100001;314.18;10;10336841158;S
20240513;100001;314.18;10;10336841159;S
20240513;100001;314.18;10;10336841175;S
20240513;100001;314.23;10;10336841206;B
20240513;100001;314.23;90;10336841207;B
20240513;100001;314.18;40;10336841224;S
20240513;100001;314.18;10;10336841225;S
20240513;100001;314.18;40;10336841227;S
20240513;100001;314.23;230;10336841238;B
20240513;100001;314.24;770;10336841239;B
20240513;100001;314.18;70;10336841247;S
20240513;100001;314.18;280;10336841248;S
20240513;100001;314.18;40;10336841249;S
20240513;100001;314.18;30;10336841278;S
20240513;100001;314.18;60;10336841313;S
20240513;100001;314.18;100;10336841328;S
20240513;100001;314.23;10;10336841373;B
20240513;100001;314.23;20;10336841379;S
20240513;100001;314.23;70;10336841398;S
20240513;100001;314.18;70;10336841399;S
20240513;100001;314.18;10;10336841417;S
20240513;100001;314.18;20;10336841419;S
20240513;100001;314.18;100;10336841428;S
20240513;100001;314.18;60;10336841436;S
20240513;100001;314.17;210;10336841497;S
20240513;100001;314.17;50;10336841501;S
20240513;100001;314.17;10;10336841502;S
20240513;100002;314.23;60;10336841561;B
20240513;100002;314.17;130;10336841564;S
20240513;100002;314.17;870;10336841565;S
20240513;100002;314.17;300;10336841570;S
20240513;100002;314.17;20;10336841620;S
20240513;100002;314.17;200;10336841621;S
20240513;100002;314.23;500;10336841674;B
20240513;100002;314.23;10;10336841675;B
20240513;100002;314.24;400;10336841679;B
20240513;100002;314.25;10;10336841680;B
20240513;100002;314.25;320;10336841681;B
20240513;100002;314.25;120;10336841682;B
20240513;100002;314.24;400;10336841686;B
20240513;100002;314.25;450;10336841687;B
20240513;100002;314.25;390;10336841688;B
20240513;100002;314.26;120;10336841689;B
20240513;100002;314.16;90;10336841747;S
20240513;100002;314.16;10;10336841748;S
20240513;100002;314.16;100;10336841749;S
20240513;100002;314.24;100;10336841750;B
20240513;100002;314.16;300;10336841751;S
20240513;100002;314.15;450;10336841752;S
20240513;100002;314.15;850;10336841753;S
20240513;100002;314.15;50;10336841774;S
20240513;100002;314.15;300;10336841791;S
20240513;100002;314.15;60;10336841820;S
20240513;100002;314.15;40;10336842026;S
20240513;100002;314.15;90;10336842027;S
20240513;100002;314.15;20;10336842064;S
20240513;100002;314.15;40;10336842069;S
20240513;100002;314.2;30;10336842102;B
20240513;100002;314.22;50;10336842111;B
20240513;100002;314.24;340;10336842112;B
20240513;100002;314.17;40;10336842119;S
20240513;100002;314.25;280;10336842133;B
20240513;100002;314.17;360;10336842134;S
20240513;100002;314.16;150;10336842135;S
20240513;100002;314.17;80;10336842145;S
20240513;100002;314.22;340;10336842171;B
20240513;100002;314.22;10;10336842180;B
20240513;100002;314.17;40;10336842187;S
20240513;100002;314.17;360;10336842188;S
20240513;100002;314.17;20;10336842232;S
20240513;100002;314.17;50;10336842239;S
20240513;100002;314.23;100;10336842310;B
20240513;100002;314.25;20;10336842332;B
20240513;100002;314.17;50;10336842356;S
20240513;100002;314.17;20;10336842367;S
20240513;100002;314.22;100;10336842379;B
20240513;100002;314.17;10;10336842451;S
20240513;100002;314.17;100;10336842455;S
20240513;100002;314.17;100;10336842499;S
20240513;100002;314.17;50;10336842512;S
20240513;100002;314.17;10;10336842527;S
20240513;100002;314.17;150;10336842556;S
20240513;100002;314.17;10;10336842630;S
20240513;100002;314.18;400;10336842631;S
20240513;100002;314.17;490;10336842632;S
20240513;100002;314.17;110;10336842633;S
20240513;100002;314.2;20;10336842641;B
20240513;100002;314.2;100;10336842642;B
20240513;100002;314.21;220;10336842643;B
20240513;100002;314.23;340;10336842648;B
20240513;100002;314.16;30;10336842653;S
20240513;100002;314.16;40;10336842667;S
20240513;100002;314.17;10;10336842692;S
20240513;100002;314.17;10;10336842705;S
20240513;100002;314.21;500;10336842733;B
20240513;100002;314.22;400;10336842734;B
20240513;100002;314.22;850;10336842735;B
20240513;100002;314.24;450;10336842736;B
20240513;100002;314.25;450;10336842737;B
20240513;100002;314.26;450;10336842738;B
20240513;100002;314.27;400;10336842739;B
20240513;100002;314.15;100;10336842762;S
20240513;100002;314.17;40;10336842775;S
20240513;100002;314.17;30;10336842811;S
20240513;100002;314.19;70;10336842989;B
20240513;100002;314.2;40;10336843032;B
20240513;100002;314.18;110;10336843106;B
20240513;100003;314.2;10;10336843166;B
20240513;100003;314.17;30;10336843216;S
20240513;100003;314.21;50;10336843236;B
20240513;100003;314.17;70;10336843314;S
20240513;100003;314.22;870;10336843459;B
20240513;100003;314.22;810;10336843460;B
20240513;100003;314.17;10;10336843476;S
20240513;100003;314.17;50;10336843520;S
20240513;100003;314.18;10;10336843810;S
20240513;100003;314.22;40;10336843841;B
20240513;100003;314.2;320;10336844186;S
20240513;100003;314.2;2000;10336844187;S
20240513;100003;314.18;100;10336844188;S
20240513;100003;314.18;400;10336844189;S
20240513;100003;314.17;180;10336844190;S
20240513;100003;314.17;80;10336844222;S
20240513;100003;314.18;100;10336844333;S
20240513;100003;314.18;70;10336844374;S
20240513;100004;314.2;100;10336844649;S
20240513;100004;314.2;850;10336844650;S
20240513;100004;314.18;50;10336844651;S
20240513;100004;314.21;70;10336844797;B
20240513;100004;314.21;480;10336845037;B
20240513;100004;314.21;10;10336845181;B
20240513;100004;314.2;20;10336845348;S
20240513;100004;314.21;100;10336845394;B
20240513;100005;314.2;10;10336845602;S
20240513;100005;314.15;350;10336845603;S
20240513;100005;314.14;440;10336845604;S
20240513;100005;314.2;150;10336845657;B
20240513;100005;314.2;50;10336845676;B
20240513;100005;314.2;10;10336845693;B
20240513;100005;314.2;10;10336845764;B
20240513;100005;314.2;10;10336845874;B
20240513;100005;314.2;10;10336846582;B
20240513;100005;314.2;150;10336846592;B
20240513;100005;314.15;40;10336846596;S
20240513;100005;314.2;10;10336846601;B
20240513;100005;314.2;10;10336846604;B
20240513;100005;314.15;10;10336846617;S
20240513;100005;314.21;10;10336846625;B
20240513;100005;314.21;10;10336846630;B
20240513;100005;314.15;10;10336846658;S
20240513;100005;314.21;10;10336847107;B
20240513;100005;314.2;100;10336847133;S
20240513;100005;314.2;100;10336847134;S
20240513;100005;314.21;10;10336847146;B
20240513;100005;314.21;10;10336847149;B
20240513;100005;314.21;10;10336847160;B
20240513;100005;314.21;80;10336847170;B
20240513;100005;314.21;500;10336847171;B
20240513;100005;314.21;190;10336847172;B
20240513;100005;314.21;10;10336847186;B
20240513;100005;314.21;10;10336847190;B
20240513;100005;314.2;30;10336847196;S
20240513;100005;314.21;10;10336847199;B
20240513;100005;314.2;10;10336847204;S
20240513;100005;314.21;180;10336847209;B
20240513;100005;314.2;10;10336847218;S
20240513;100005;314.16;10;10336847344;S
20240513;100005;314.16;10;10336847351;S
20240513;100005;314.22;10;10336847359;B
20240513;100005;314.16;40;10336847360;S
20240513;100005;314.22;20;10336847364;B
20240513;100005;314.22;10;10336847375;B
20240513;100005;314.22;920;10336847385;B
20240513;100005;314.22;870;10336847386;B
20240513;100005;314.22;500;10336847387;B
20240513;100005;314.22;400;10336847388;B
20240513;100005;314.23;3200;10336847389;B
20240513;100005;314.25;450;10336847390;B
20240513;100005;314.25;850;10336847391;B
20240513;100005;314.26;450;10336847392;B
20240513;100005;314.27;450;10336847393;B
20240513;100005;314.28;450;10336847394;B
20240513;100005;314.28;10;10336847395;B
20240513;100005;314.28;50;10336847396;B
20240513;100005;314.28;10;10336847397;B
20240513;100005;314.29;450;10336847398;B
20240513;100005;314.29;2000;10336847399;B
20240513;100005;314.3;480;10336847400;B
20240513;100005;314.3;100;10336847401;B
20240513;100005;314.3;1000;10336847402;B
20240513;100005;314.3;1000;10336847403;B
20240513;100005;314.3;450;10336847404;B
20240513;100005;314.3;100;10336847405;B
20240513;100005;314.3;20;10336847406;B
20240513;100005;314.31;750;10336847407;B
20240513;100005;314.31;450;10336847408;B
20240513;100005;314.32;450;10336847409;B
20240513;100005;314.33;10;10336847410;B
20240513;100005;314.33;450;10336847411;B
20240513;100005;314.34;10;10336847412;B
20240513;100005;314.34;450;10336847413;B
20240513;100005;314.35;2880;10336847414;B
20240513;100005;314.36;2000;10336847415;B
20240513;100005;314.37;50;10336847416;B
20240513;100005;314.37;140;10336847417;B
20240513;100005;314.38;20;10336847418;B
20240513;100005;314.39;10;10336847419;B
20240513;100005;314.39;1250;10336847420;B
20240513;100005;314.39;1250;10336847421;B
20240513;100005;314.39;1250;10336847422;B
20240513;100005;314.39;1250;10336847423;B
20240513;100005;314.4;20;10336847424;B
20240513;100005;314.4;2000;10336847425;B
20240513;100005;314.4;10;10336847426;B
20240513;100005;314.4;50;10336847427;B
20240513;100005;314.4;50;10336847428;B
20240513;100005;314.4;990;10336847429;B
20240513;100005;314.4;10;10336847432;B
20240513;100005;314.21;50;10336847960;S
20240513;100005;314.25;10;10336847969;B
20240513;100005;314.25;10;10336847970;B
20240513;100005;314.25;10;10336847994;B
20240513;100005;314.25;10;10336847999;B
20240513;100005;314.25;10;10336848020;B
20240513;100005;314.25;60;10336848027;B
20240513;100005;314.25;30;10336848033;B
20240513;100005;314.21;10;10336848036;S
20240513;100005;314.25;10;10336848046;B
20240513;100005;314.21;20;10336848048;S
20240513;100006;314.25;10;10336848053;B
20240513;100006;314.21;10;10336848054;S
20240513;100006;314.25;10;10336848070;B
20240513;100006;314.25;10;10336848078;B
20240513;100006;314.25;20;10336848081;B
20240513;100006;314.21;10;10336848123;S
20240513;100006;314.21;50;10336848126;S
20240513;100006;314.21;140;10336848136;S
20240513;100006;314.21;10;10336848137;S
20240513;100006;314.21;10;10336848145;S
20240513;100006;314.25;30;10336848153;B
20240513;100006;314.25;10;10336848159;B
20240513;100006;314.25;10;10336848167;B
20240513;100006;314.25;250;10336848176;B
20240513;100006;314.25;200;10336848177;B
20240513;100006;314.25;100;10336848179;B
20240513;100006;314.25;10;10336848183;B
20240513;100006;314.25;10;10336848188;B
20240513;100006;314.25;310;10336848193;B
20240513;100006;314.25;10;10336848198;B
20240513;100006;314.25;10;10336848208;B
20240513;100006;314.25;10;10336848215;B
20240513;100006;314.21;10;10336848221;S
20240513;100006;314.21;20;10336848228;S
20240513;100006;314.25;10;10336848234;B
20240513;100006;314.21;10;10336848237;S
20240513;100006;314.25;10;10336848239;B
20240513;100006;314.21;10;10336848242;S
20240513;100006;314.25;150;10336848243;B
20240513;100006;314.25;20;10336848246;B
20240513;100006;314.21;10;10336848249;S
20240513;100006;314.24;10;10336848252;B
20240513;100006;314.24;150;10336848254;B
20240513;100006;314.25;10;10336848262;B
20240513;100006;314.25;10;10336848266;B
20240513;100006;314.25;10;10336848272;B
20240513;100006;314.25;10;10336848279;B
20240513;100006;314.25;10;10336848308;B
20240513;100006;314.21;10;10336848319;S
20240513;100006;314.21;20;10336848323;S
20240513;100006;314.21;20;10336848561;S
20240513;100006;314.21;100;10336848690;S
20240513;100006;314.25;50;10336848807;B
20240513;100006;314.2;10;10336848922;S
20240513;100006;314.25;500;10336849163;B
20240513;100006;314.2;20;10336849331;S
20240513;100006;314.25;30;10336849335;B
20240513;100006;314.25;10;10336849339;B
20240513;100006;314.2;20;10336849340;S
20240513;100006;314.2;10;10336849344;S
20240513;100006;314.2;10;10336849348;S
20240513;100006;314.25;100;10336849351;B
20240513;100006;314.25;100;10336849356;B
20240513;100006;314.25;10;10336849357;B
20240513;100006;314.25;10;10336849360;B
20240513;100006;314.2;40;10336849651;S
20240513;100006;314.25;10;10336849893;B
20240513;100006;314.2;20;10336849898;S
20240513;100006;314.25;20;10336849900;B
20240513;100006;314.25;30;10336849904;B
20240513;100006;314.25;10;10336849907;B
20240513;100006;314.25;10;10336849909;B
20240513;100006;314.26;10;10336850220;B
20240513;100006;314.26;10;10336850221;B
20240513;100006;314.26;10;10336850223;B
20240513;100006;314.26;10;10336850224;B
20240513;100006;314.26;10;10336850226;B
20240513;100006;314.25;100;10336850232;S
20240513;100006;314.25;10;10336850233;S
20240513;100006;314.26;10;10336850234;B
20240513;100006;314.26;10;10336850235;B
20240513;100006;314.26;10;10336850236;B
20240513;100006;314.25;700;10336850238;S
20240513;100006;314.24;10;10336850239;S
20240513;100006;314.24;60;10336850240;S
20240513;100006;314.26;20;10336850241;B
20240513;100006;314.26;10;10336850824;B
20240513;100006;314.24;20;10336850825;S
20240513;100006;314.26;10;10336850826;B
20240513;100006;314.26;10;10336850827;B
20240513;100006;314.23;10;10336850828;S
20240513;100006;314.26;30;10336850829;B
20240513;100007;314.25;30;10336851081;B
20240513;100007;314.25;70;10336851082;B
20240513;100007;314.21;10;10336851330;S
20240513;100007;314.24;10;10336851331;B
20240513;100007;314.25;10;10336851332;B
20240513;100007;314.21;10;10336851333;S
20240513;100007;314.21;10;10336851334;S
20240513;100007;314.24;10;10336851335;B
20240513;100007;314.25;10;10336851336;B
20240513;100007;314.21;10;10336851338;S
20240513;100007;314.21;20;10336851339;S
20240513;100007;314.25;10;10336851340;B
20240513;100007;314.25;90;10336851398;B
20240513;100007;314.25;30;10336851461;S
20240513;100007;314.25;10;10336852223;S
20240513;100007;314.26;10;10336852226;B
20240513;100007;314.26;10;10336852227;B
20240513;100007;314.26;10;10336852230;B
20240513;100007;314.25;10;10336852231;S
20240513;100007;314.26;10;10336852232;B
20240513;100007;314.26;10;10336852233;B
20240513;100007;314.25;10;10336852236;S
20240513;100007;314.26;10;10336852237;B
20240513;100007;314.25;70;10336852238;S
20240513;100007;314.25;20;10336852239;S
20240513;100007;314.23;10;10336852673;S
20240513;100007;314.25;960;10336852678;B
20240513;100007;314.26;2780;10336852679;B
20240513;100007;314.26;400;10336852680;B
20240513;100007;314.32;20;10336852681;B
20240513;100007;314.33;450;10336852682;B
20240513;100007;314.34;450;10336852683;B
20240513;100007;314.35;450;10336852684;B
20240513;100007;314.36;450;10336852685;B
20240513;100007;314.37;450;10336852686;B
20240513;100007;314.37;370;10336852687;B
20240513;100007;314.34;10;10336852699;B
20240513;100007;314.34;10;10336852702;B
20240513;100007;314.34;10;10336852710;B
20240513;100007;314.34;10;10336852718;B
20240513;100007;314.34;10;10336852729;B
20240513;100007;314.34;20;10336852733;B
20240513;100007;314.34;10;10336852736;B
20240513;100007;314.27;10;10336852741;S
20240513;100008;314.24;10;10336854170;S
20240513;100008;314.24;20;10336854371;S
20240513;100008;314.27;10;10336854381;B
20240513;100008;314.27;20;10336854389;B
20240513;100008;314.27;30;10336854411;B
20240513;100008;314.27;10;10336854421;B
20240513;100008;314.24;10;10336854435;S
20240513;100008;314.27;890;10336854458;B
20240513;100008;314.27;700;10336854459;B
20240513;100008;314.27;10;10336855023;B
20240513;100008;314.27;10;10336855030;B
20240513;100008;314.23;10;10336855036;S
20240513;100008;314.27;770;10336855043;B
20240513;100008;314.28;30;10336855051;B
20240513;100008;314.33;40;10336855068;B
20240513;100008;314.33;40;10336855076;B
20240513;100008;314.23;20;10336855085;S
20240513;100008;314.33;10;10336855094;B
20240513;100008;314.23;50;10336855172;S
20240513;100008;314.23;50;10336855180;S
20240513;100008;314.25;170;10336855488;S
20240513;100008;314.32;50;10336855841;B
20240513;100008;314.3;10;10336855857;B
20240513;100008;314.3;10;10336855859;B
20240513;100008;314.25;140;10336855862;S
20240513;100008;314.25;10;10336855864;S
20240513;100008;314.28;270;10336855868;B
20240513;100009;314.29;20;10336855981;B
20240513;100009;314.25;10;10336856189;S
20240513;100009;314.32;10;10336856190;B
20240513;100009;314.32;30;10336856191;B
20240513;100009;314.32;10;10336856203;B
20240513;100009;314.32;50;10336856204;B
20240513;100009;314.25;10;10336856219;S
20240513;100009;314.25;30;10336856767;S
20240513;100009;314.28;330;10336857133;B
20240513;100009;314.25;80;10336857141;S
20240513;100009;314.25;20;10336857142;S
20240513;100009;314.3;100;10336857150;B
20240513;100009;314.26;20;10336857158;S
20240513;100009;314.3;10;10336857183;B
20240513;100009;314.3;10;10336857192;B
20240513;100009;314.3;10;10336857206;B
20240513;100009;314.3;10;10336857224;B
20240513;100009;314.26;10;10336857228;S
20240513;100009;314.3;10;10336857241;B
20240513;100009;314.3;20;10336857244;B
20240513;100009;314.3;10;10336857252;B
20240513;100009;314.3;10;10336857254;B
20240513;100009;314.3;20;10336857263;B
20240513;100009;314.26;10;10336857264;S
20240513;100009;314.26;400;10336857284;S
20240513;100009;314.3;10;10336857285;B
20240513;100009;314.3;10;10336857287;B
20240513;100009;314.3;10;10336857292;B
20240513;100009;314.3;10;10336857294;B
20240513;100009;314.3;10;10336857300;B
20240513;100009;314.3;10;10336857302;B
20240513;100009;314.3;20;10336857311;B
20240513;100009;314.3;10;10336857313;B
20240513;100009;314.3;1600;10336857317;B
20240513;100009;314.26;10;10336857321;S
20240513;100009;314.3;330;10336857444;B
20240513;100009;314.31;10;10336857445;B
20240513;100009;314.31;160;10336857446;B
20240513;100009;314.26;20;10336857479;S
20240513;100009;314.33;610;10336857620;B
20240513;100009;314.33;30;10336857749;B
20240513;100009;314.28;100;10336857934;S
20240513;100009;314.33;10;10336857941;B
20240513;100009;314.33;10;10336857975;B
20240513;100009;314.33;20;10336857981;B
20240513;100009;314.28;10;10336857989;S
20240513;100009;314.28;50;10336857995;S
20240513;100009;314.28;50;10336858000;S
20240513;100009;314.33;10;10336858008;B
20240513;100009;314.28;750;10336858015;S
20240513;100009;314.27;500;10336858016;S
20240513;100009;314.28;10;10336858023;S
20240513;100009;314.33;10;10336858037;B
20240513;100009;314.28;950;10336858045;S
20240513;100009;314.27;450;10336858046;S
20240513;100009;314.26;430;10336858047;S
20240513;100009;314.25;30;10336858048;S
20240513;100009;314.25;450;10336858049;S
20240513;100009;314.25;20;10336858050;S
20240513;100009;314.25;400;10336858051;S
20240513;100009;314.24;1000;10336858052;S
20240513;100009;314.24;450;10336858053;S
20240513;100009;314.24;50;10336858054;S
20240513;100009;314.23;320;10336858055;S
20240513;100009;314.22;450;10336858056;S
20240513;100009;314.22;100;10336858057;S
20240513;100009;314.21;390;10336858058;S
20240513;100009;314.21;10;10336858059;S
20240513;100009;314.2;320;10336858060;S
20240513;100009;314.2;20;10336858061;S
20240513;100009;314.19;450;10336858062;S
20240513;100009;314.19;100;10336858063;S
20240513;100009;314.18;450;10336858064;S
20240513;100009;314.16;3000;10336858065;S
20240513;100009;314.16;160;10336858066;S
20240513;100009;314.17;10;10336858069;S
20240513;100009;314.31;10;10336858082;B
20240513;100009;314.2;10;10336858090;S
20240513;100009;314.21;120;10336858124;S
20240513;100009;314.33;450;10336858130;B
20240513;100009;314.33;50;10336858131;B
20240513;100009;314.33;250;10336858133;B
20240513;100010;314.33;200;10336858833;B
20240513;100010;314.23;10;10336858865;S
20240513;100010;314.33;200;10336858889;B
20240513;100010;314.33;30;10336858940;B
20240513;100010;314.24;40;10336858944;S
20240513;100010;314.33;10;10336858947;B
20240513;100010;314.24;510;10336858950;S
20240513;100010;314.23;30;10336858965;S
20240513;100010;314.33;10;10336858972;B
20240513;100010;314.33;400;10336858973;B
20240513;100010;314.33;580;10336858974;B
20240513;100010;314.25;50;10336859064;S
20240513;100010;314.33;50;10336859081;B
20240513;100010;314.33;20;10336859112;B
20240513;100010;314.33;10;10336859140;B
20240513;100010;314.25;50;10336859148;S
20240513;100010;314.33;40;10336859158;B
20240513;100010;314.33;70;10336859209;B
20240513;100011;314.33;60;10336859284;B
20240513;100011;314.33;310;10336859409;B
20240513;100011;314.25;30;10336859421;S
20240513;100011;314.33;60;10336859427;B
20240513;100011;314.33;310;10336859467;B
20240513;100011;314.26;20;10336859483;S
20240513;100011;314.33;10;10336859535;B
20240513;100011;314.33;40;10336859597;B
20240513;100012;314.33;180;10336859835;B
20240513;100012;314.25;100;10336859851;S
20240513;100012;314.33;160;10336859943;B
20240513;100012;314.28;320;10336859957;S
20240513;100012;314.28;850;10336859958;S
20240513;100012;314.28;960;10336859959;S
20240513;100012;314.26;50;10336860090;B
20240513;100012;314.25;10;10336860235;S
20240513;100013;314.26;820;10336860349;B
20240513;100013;314.26;180;10336860350;B
20240513;100013;314.26;520;10336860409;B
20240513;100013;314.26;100;10336860410;B
20240513;100013;314.32;380;10336860411;B
20240513;100013;314.26;10;10336860479;S
20240513;100014;314.33;50;10336860653;B
20240513;100014;314.32;50;10336860728;B
20240513;100014;314.32;50;10336860757;B
20240513;100014;314.32;50;10336860814;B
20240513;100014;314.32;200;10336860929;B
20240513;100015;314.27;30;10336860952;S
20240513;100015;314.27;80;10336860977;S
20240513;100015;314.32;50;10336861197;B
20240513;100015;314.32;100;10336861260;B
20240513;100016;314.31;140;10336861446;S
20240513;100016;314.26;320;10336861447;S
20240513;100016;314.26;500;10336861448;S
20240513;100016;314.26;960;10336861449;S
20240513;100016;314.26;400;10336861450;S
20240513;100016;314.26;870;10336861451;S
20240513;100016;314.26;40;10336861541;B
20240513;100016;314.26;500;10336861576;B
20240513;100016;314.26;500;10336861628;B
20240513;100016;314.25;550;10336861667;S
20240513;100016;314.26;500;10336861675;B
20240513;100016;314.26;270;10336861706;B
20240513;100016;314.32;450;10336861707;B
20240513;100016;314.33;400;10336861708;B
20240513;100016;314.33;1880;10336861709;B
20240513;100016;314.33;400;10336861738;B
20240513;100016;314.34;100;10336861739;B
20240513;100017;314.27;960;10336861757;S
20240513;100017;314.27;400;10336861758;S
20240513;100017;314.26;320;10336861759;S
20240513;100017;314.25;130;10336861760;S
20240513;100017;314.25;110;10336861761;S
20240513;100017;314.25;50;10336861762;S
20240513;100017;314.24;450;10336861763;S
20240513;100017;314.23;580;10336861764;S
20240513;100017;314.29;50;10336861838;B
20240513;100018;314.29;80;10336862088;B
20240513;100018;314.29;870;10336862195;B
20240513;100018;314.3;20;10336862196;B
20240513;100018;314.33;850;10336862197;B
20240513;100018;314.34;1260;10336862198;B
20240513;100018;314.34;1640;10336862253;B
20240513;100018;314.34;450;10336862254;B
20240513;100018;314.34;500;10336862255;B
20240513;100018;314.34;400;10336862256;B
20240513;100018;314.35;450;10336862257;B
20240513;100018;314.36;450;10336862258;B
20240513;100018;314.37;450;10336862259;B
20240513;100018;314.37;10;10336862260;B
20240513;100018;314.38;450;10336862261;B
20240513;100018;314.38;50;10336862262;B
20240513;100018;314.39;150;10336862263;B
20240513;100018;314.34;10;10336862368;S
20240513;100018;314.34;10;10336862404;S
20240513;100018;314.34;60;10336862463;S
20240513;100019;314.35;100;10336862558;S
20240513;100019;314.39;250;10336862606;B
20240513;100019;314.39;50;10336862660;B
20240513;100019;314.39;400;10336862661;B
20240513;100019;314.39;3000;10336862662;B
20240513;100019;314.4;50;10336862663;B
20240513;100019;314.4;2500;10336862664;B
20240513;100019;314.4;1000;10336862665;B
20240513;100019;314.4;10;10336862666;B
20240513;100019;314.4;400;10336862667;B
20240513;100019;314.4;450;10336862668;B
20240513;100019;314.4;20;10336862669;B
20240513;100019;314.41;750;10336862670;B
20240513;100019;314.41;450;10336862671;B
20240513;100019;314.41;2000;10336862672;B
20240513;100019;314.42;20;10336862673;B
20240513;100019;314.42;450;10336862674;B
20240513;100019;314.43;450;10336862675;B
20240513;100019;314.43;2000;10336862676;B
20240513;100019;314.44;10;10336862677;B
20240513;100019;314.44;10;10336862678;B
20240513;100019;314.44;2000;10336862679;B
20240513;100019;314.44;450;10336862680;B
20240513;100019;314.45;10;10336862681;B
20240513;100019;314.45;450;10336862682;B
20240513;100019;314.45;850;10336862683;B
20240513;100019;314.46;10;10336862684;B
20240513;100019;314.46;10;10336862685;B
20240513;100019;314.46;1250;10336862686;B
20240513;100019;314.46;1250;10336862687;B
20240513;100019;314.46;1250;10336862688;B
20240513;100019;314.46;1250;10336862689;B
20240513;100019;314.46;450;10336862690;B
20240513;100019;314.47;20;10336862691;B
20240513;100019;314.47;500;10336862692;B
20240513;100019;314.47;10;10336862693;B
20240513;100019;314.47;2000;10336862694;B
20240513;100019;314.47;450;10336862695;B
20240513;100019;314.48;20;10336862696;B
20240513;100019;314.48;15750;10336862697;B
20240513;100019;314.41;10;10336862818;S
20240513;100020;314.44;960;10336862878;S
20240513;100020;314.44;850;10336862879;S
20240513;100020;314.42;320;10336862880;S
20240513;100020;314.41;450;10336862881;S
20240513;100020;314.41;400;10336862882;S
20240513;100020;314.4;400;10336862883;S
20240513;100020;314.4;470;10336862884;S
20240513;100020;314.4;100;10336862915;B
20240513;100020;314.38;500;10336862946;S
20240513;100020;314.37;20;10336862970;S
20240513;100020;314.37;60;10336862971;S
20240513;100020;314.37;110;10336862972;S
20240513;100020;314.38;400;10336862986;B
20240513;100020;314.39;500;10336862987;B
20240513;100020;314.4;680;10336862988;B
20240513;100020;314.4;420;10336862989;B
20240513;100020;314.36;60;10336862990;S
20240513;100020;314.36;40;10336862991;S
20240513;100020;314.4;50;10336863023;B
20240513;100020;314.35;450;10336863158;S
20240513;100020;314.35;100;10336863159;S
20240513;100020;314.34;450;10336863160;S
20240513;100020;314.34;20;10336863161;S
20240513;100020;314.33;50;10336863162;S
20240513;100020;314.33;180;10336863163;S
20240513;100020;314.33;450;10336863164;S
20240513;100020;314.33;100;10336863165;S
20240513;100021;314.33;100;10336863168;B
20240513;100021;314.33;640;10336863175;B
20240513;100021;314.32;250;10336863236;S
20240513;100021;314.33;50;10336863268;B
20240513;100021;314.33;330;10336863387;B
20240513;100021;314.33;30;10336863412;B
20240513;100021;314.33;10;10336863422;B
20240513;100021;314.33;40;10336863427;B
20240513;100021;314.39;10;10336863428;B
20240513;100021;314.39;50;10336863508;B
20240513;100021;314.39;40;10336863562;B
20240513;100021;314.39;10;10336863563;B
20240513;100022;314.4;10;10336863618;B
20240513;100022;314.4;50;10336863626;B
20240513;100022;314.4;50;10336863675;B
20240513;100022;314.36;100;10336863722;S
20240513;100022;314.35;60;10336863723;S
20240513;100022;314.35;320;10336863724;S
20240513;100022;314.35;960;10336863725;S
20240513;100022;314.34;850;10336863726;S
20240513;100022;314.32;40;10336863727;S
20240513;100022;314.32;30;10336863728;S
20240513;100022;314.4;120;10336863769;B
20240513;100022;314.4;50;10336863770;B
20240513;100022;314.4;50;10336863835;B
20240513;100022;314.34;870;10336863851;S
20240513;100022;314.34;2000;10336863859;B
20240513;100022;314.34;50;10336863890;B
20240513;100022;314.34;80;10336863914;B
20240513;100022;314.4;270;10336863915;B
20240513;100023;314.4;100;10336864006;B
20240513;100023;314.4;10;10336864049;B
20240513;100023;314.4;10;10336864250;B
20240513;100023;314.35;40;10336864275;S
20240513;100023;314.35;50;10336864284;S
20240513;100024;314.35;10;10336864314;S
20240513;100024;314.35;10;10336864367;B
20240513;100024;314.4;1990;10336864368;B
20240513;100024;314.4;10;10336864437;B
20240513;100024;314.41;1000;10336864653;B
20240513;100024;314.41;1000;10336864654;B
20240513;100024;314.4;100;10336864656;S
20240513;100024;314.4;100;10336864657;S
20240513;100024;314.4;450;10336864719;S
20240513;100024;314.4;100;10336864720;S
20240513;100024;314.39;450;10336864721;S
20240513;100024;314.39;960;10336864722;S
20240513;100024;314.39;400;10336864723;S
20240513;100024;314.38;140;10336864724;S
20240513;100024;314.41;100;10336864727;B
20240513;100024;314.41;100;10336864783;B
20240513;100024;314.41;100;10336864784;B
20240513;100025;314.41;260;10336864845;B
20240513;100025;314.41;100;10336864858;B
20240513;100025;314.41;100;10336864859;B
20240513;100025;314.41;40;10336864898;B
20240513;100025;314.41;30;10336864902;B
20240513;100025;314.41;30;10336864926;B
20240513;100025;314.41;1000;10336864988;B
20240513;100025;314.41;1000;10336864989;B
20240513;100025;314.41;2000;10336864990;B
20240513;100025;314.41;100;10336864991;B
20240513;100025;314.41;500;10336864992;B
20240513;100025;314.41;100;10336864993;B
20240513;100025;314.41;100;10336865069;B
20240513;100025;314.41;20;10336865087;B
20240513;100025;314.41;2000;10336865109;B
20240513;100026;314.41;100;10336865358;B
20240513;100026;314.41;100;10336865447;B
20240513;100026;314.41;100;10336865448;B
20240513;100026;314.41;900;10336865449;B
20240513;100027;314.4;10;10336865467;S
20240513;100027;314.4;200;10336865493;S
20240513;100027;314.41;10000;10336865550;B
20240513;100027;314.41;100;10336865564;B
20240513;100027;314.41;100;10336865565;B
20240513;100027;314.41;300;10336865566;B
20240513;100027;314.41;100;10336865567;B
20240513;100027;314.4;50;10336865745;S
20240513;100027;314.41;500;10336865750;B
20240513;100027;314.41;40;10336865751;B
20240513;100027;314.41;60;10336865752;B
20240513;100027;314.41;60;10336865784;B
20240513;100027;314.42;100;10336865785;B
20240513;100027;314.43;400;10336865786;B
20240513;100027;314.43;260;10336865787;B
20240513;100027;314.43;50;10336865788;B
20240513;100027;314.44;20;10336865789;B
20240513;100027;314.44;20;10336865790;B
20240513;100027;314.45;10;10336865791;B
20240513;100027;314.47;100;10336865792;B
20240513;100027;314.48;980;10336865793;B
20240513;100027;314.48;500;10336865794;B
20240513;100028;314.47;1270;10336865799;S
20240513;100028;314.48;250;10336865805;B
20240513;100028;314.47;10;10336865851;S
20240513;100028;314.47;420;10336865863;S
20240513;100028;314.47;400;10336865864;S
20240513;100028;314.47;450;10336865865;S
20240513;100028;314.47;300;10336865866;S
20240513;100028;314.47;100;10336865867;S
20240513;100028;314.47;330;10336865868;S
20240513;100028;314.48;50;10336865900;B
20240513;100028;314.48;2470;10336865913;B
20240513;100028;314.48;2000;10336865914;B
20240513;100028;314.48;50;10336865915;B
20240513;100028;314.48;10;10336865916;B
20240513;100028;314.49;10;10336865960;B
20240513;100028;314.49;2990;10336865961;B
20240513;100028;314.49;100;10336865988;B
20240513;100028;314.49;1410;10336866020;B
20240513;100028;314.48;10;10336866021;S
20240513;100028;314.49;2000;10336866029;B
20240513;100028;314.49;3500;10336866087;B
20240513;100028;314.5;10;10336866088;B
20240513;100028;314.5;100;10336866089;B
20240513;100028;314.5;30;10336866090;B
20240513;100028;314.5;50;10336866091;B
20240513;100028;314.5;100;10336866092;B
20240513;100028;314.5;1120;10336866093;B
20240513;100028;314.5;17000;10336866094;B
20240513;100028;314.5;50;10336866095;B
20240513;100028;314.5;20;10336866096;B
20240513;100028;314.5;20;10336866097;B
20240513;100028;314.5;10;10336866098;B
20240513;100028;314.5;1000;10336866099;B
20240513;100028;314.5;1100;10336866100;B
20240513;100028;314.5;300;10336866101;B
20240513;100028;314.5;430;10336866102;B
20240513;100028;314.5;50;10336866103;B
20240513;100028;314.5;110;10336866104;B
20240513;100028;314.5;240;10336866105;B
20240513;100028;314.5;100;10336866111;B
20240513;100028;314.49;150;10336866146;S
20240513;100029;314.5;550;10336866167;B
20240513;100029;314.5;1000;10336866168;B
20240513;100029;314.51;750;10336866169;B
20240513;100029;314.52;160;10336866170;B
20240513;100029;314.52;1600;10336866171;B
20240513;100029;314.54;10;10336866173;B
20240513;100029;314.54;390;10336866250;S
20240513;100029;314.54;60;10336866251;S
20240513;100029;314.54;10;10336866253;S
20240513;100029;314.55;80;10336866254;B
20240513;100029;314.54;100;10336866285;S
20240513;100029;314.54;30;10336866297;S
20240513;100029;314.54;10;10336866301;S
20240513;100029;314.54;30;10336866305;S
20240513;100029;314.55;20;10336866310;B
20240513;100029;314.55;10;10336866311;B
20240513;100029;314.58;20;10336866312;B
20240513;100029;314.58;50;10336866313;B
20240513;100029;314.56;450;10336866320;S
20240513;100029;314.56;550;10336866321;S
20240513;100029;314.56;250;10336866330;S
20240513;100029;314.56;150;10336866374;S
20240513;100029;314.56;100;10336866375;S
20240513;100029;314.56;450;10336866376;S
20240513;100029;314.55;2000;10336866377;S
20240513;100029;314.55;450;10336866378;S
20240513;100029;314.54;50;10336866379;S
20240513;100029;314.55;10;10336866380;S
20240513;100029;314.55;40;10336866405;S
20240513;100029;314.55;10;10336866408;S
20240513;100029;314.55;390;10336866410;S
20240513;100029;314.54;400;10336866411;S
20240513;100029;314.54;400;10336866412;S
20240513;100029;314.54;100;10336866413;S
20240513;100029;314.53;450;10336866414;S
20240513;100029;314.52;450;10336866415;S
20240513;100029;314.51;10;10336866416;S
20240513;100029;314.52;10;10336866475;S
20240513;100029;314.56;50;10336866478;B
20240513;100029;314.52;30;10336866487;S
20240513;100029;314.56;100;10336866496;B
20240513;100029;314.56;200;10336866498;B
20240513;100029;314.52;50;10336866503;S
20240513;100030;314.52;10;10336866520;S
20240513;100030;314.53;10;10336866536;B
20240513;100030;314.54;40;10336866537;B
20240513;100030;314.52;10;10336866560;S
20240513;100030;314.54;500;10336866568;B
20240513;100030;314.52;90;10336866588;S
20240513;100030;314.52;100;10336866589;S
20240513;100030;314.52;460;10336866590;S
20240513;100030;314.52;40;10336866596;S
20240513;100030;314.54;10;10336866613;B
20240513;100030;314.54;100;10336866618;B
20240513;100030;314.54;20;10336866683;B
20240513;100030;314.52;500;10336866689;S
20240513;100030;314.51;50;10336866772;S
20240513;100030;314.51;10;10336866823;S
20240513;100030;314.51;380;10336866825;S
20240513;100030;314.5;450;10336866826;S
20240513;100030;314.5;600;10336866827;S
20240513;100030;314.49;450;10336866828;S
20240513;100030;314.49;100;10336866829;S
20240513;100030;314.49;50;10336866830;S
20240513;100030;314.49;400;10336866831;S
20240513;100030;314.48;450;10336866832;S
20240513;100030;314.47;450;10336866833;S
20240513;100030;314.47;3000;10336866834;S
20240513;100030;314.47;360;10336866835;S
20240513;100030;314.46;450;10336866836;S
20240513;100030;314.45;450;10336866837;S
20240513;100030;314.44;450;10336866838;S
20240513;100030;314.43;2000;10336866839;S
20240513;100030;314.43;450;10336866840;S
20240513;100030;314.42;450;10336866841;S
20240513;100030;314.42;850;10336866842;S
20240513;100030;314.41;100;10336866843;S
20240513;100030;314.41;2000;10336866844;S
20240513;100030;314.41;1000;10336866846;B
20240513;100030;314.41;2500;10336866847;B
20240513;100030;314.4;10;10336866872;S
20240513;100030;314.4;90;10336866895;S
20240513;100030;314.4;100;10336866896;S
20240513;100030;314.39;10;10336866941;S
20240513;100030;314.39;290;10336866942;S
20240513;100030;314.39;100;10336866943;S
20240513;100030;314.36;100;10336866944;S
20240513;100030;314.34;200;10336866945;S
20240513;100031;314.38;30;10336866992;B
20240513;100031;314.38;370;10336867064;B
20240513;100031;314.39;870;10336867065;B
20240513;100031;314.39;320;10336867066;B
20240513;100031;314.39;960;10336867067;B
20240513;100031;314.4;9810;10336867068;B
20240513;100031;314.4;850;10336867069;B
20240513;100031;314.41;1370;10336867070;B
20240513;100031;314.34;40;10336867096;S
20240513;100031;314.39;10;10336867183;B
20240513;100031;314.39;200;10336867193;B
20240513;100031;314.34;10;10336867240;S
20240513;100031;314.39;400;10336867266;B
20240513;100031;314.4;870;10336867267;B
20240513;100031;314.4;290;10336867268;B
20240513;100031;314.4;320;10336867269;B
20240513;100031;314.41;6240;10336867270;B
20240513;100031;314.41;1880;10336867271;B
20240513;100032;314.4;300;10336867388;B
20240513;100032;314.4;10;10336867390;B
20240513;100032;314.4;240;10336867512;B
20240513;100033;314.37;50;10336867745;B
20240513;100033;314.4;50;10336867906;B
20240513;100033;314.38;10;10336867979;S
20240513;100034;314.4;200;10336868023;B
20240513;100034;314.44;960;10336868024;B
20240513;100034;314.45;2170;10336868025;B
20240513;100034;314.38;50;10336868036;S
20240513;100034;314.45;20;10336868125;B
20240513;100034;314.45;70;10336868199;B
20240513;100034;314.45;630;10336868207;B
20240513;100034;314.45;560;10336868300;B
20240513;100034;314.45;410;10336868301;B
20240513;100034;314.49;450;10336868302;B
20240513;100034;314.5;450;10336868303;B
20240513;100034;314.5;3130;10336868304;B
20240513;100035;314.5;60;10336868359;B
20240513;100035;314.5;1600;10336868362;B
20240513;100036;314.45;100;10336868759;S
20240513;100036;314.45;230;10336868760;S
20240513;100036;314.47;300;10336868843;B
20240513;100036;314.46;20;10336868868;B
20240513;100036;314.45;320;10336868874;S
20240513;100036;314.44;400;10336868875;S
20240513;100036;314.43;780;10336868876;S
20240513;100036;314.46;60;10336868998;B
20240513;100037;314.46;790;10336869051;B
20240513;100037;314.47;700;10336869052;B
20240513;100037;314.5;210;10336869053;B
20240513;100037;314.5;20;10336869054;B
20240513;100037;314.5;10;10336869055;B
20240513;100037;314.5;770;10336869056;B
20240513;100037;314.5;1230;10336869095;B
20240513;100037;314.5;250;10336869096;B
20240513;100037;314.52;400;10336869097;B
20240513;100037;314.53;40;10336869098;B
20240513;100037;314.53;80;10336869099;B
20240513;100037;314.55;20;10336869195;B
20240513;100038;314.49;10;10336869377;S
20240513;100038;314.55;380;10336869413;B
20240513;100038;314.55;450;10336869414;B
20240513;100038;314.56;10;10336869415;B
20240513;100038;314.56;450;10336869416;B
20240513;100038;314.57;450;10336869417;B
20240513;100038;314.58;260;10336869418;B
20240513;100038;314.49;200;10336869433;S
20240513;100038;314.5;10;10336869553;S
20240513;100039;314.56;10;10336869757;S
20240513;100039;314.57;300;10336869829;B
20240513;100040;314.57;500;10336870051;B
20240513;100040;314.58;100;10336870067;B
20240513;100040;314.58;270;10336870069;B
20240513;100040;314.58;2000;10336870106;B
20240513;100041;314.58;2320;10336870278;B
20240513;100041;314.58;330;10336870279;B
20240513;100041;314.58;3350;10336870280;B
20240513;100041;314.57;450;10336870337;S
20240513;100041;314.56;170;10336870338;S
20240513;100041;314.56;90;10336870339;S
20240513;100041;314.56;450;10336870340;S
20240513;100041;314.56;400;10336870341;S
20240513;100041;314.55;450;10336870342;S
20240513;100041;314.55;320;10336870343;S
20240513;100041;314.54;450;10336870344;S
20240513;100041;314.54;620;10336870345;S
20240513;100041;314.54;850;10336870346;S
20240513;100041;314.53;450;10336870347;S
20240513;100041;314.52;450;10336870348;S
20240513;100041;314.52;870;10336870349;S
20240513;100041;314.51;450;10336870350;S
20240513;100041;314.51;1250;10336870351;S
20240513;100041;314.51;1250;10336870352;S
20240513;100041;314.51;1030;10336870353;S
20240513;100041;314.58;40;10336870445;B
20240513;100041;314.58;20;10336870477;B
20240513;100041;314.58;20;10336870483;B
20240513;100041;314.58;40;10336870530;B
20240513;100041;314.58;40;10336870572;B
20240513;100042;314.58;40;10336870627;B
20240513;100042;314.53;10;10336870645;S
20240513;100042;314.58;40;10336870702;B
20240513;100042;314.58;40;10336870748;B
20240513;100042;314.58;40;10336870846;B
20240513;100043;314.58;50;10336870972;B
20240513;100043;314.58;1950;10336870973;B
20240513;100043;314.57;40;10336871104;S
20240513;100043;314.57;40;10336871105;S
20240513;100043;314.55;10;10336871106;S
20240513;100043;314.53;110;10336871107;S
20240513;100043;314.54;10;10336871109;S
20240513;100043;314.54;100;10336871194;S
20240513;100043;314.54;10;10336871233;S
20240513;100043;314.58;40;10336871234;B
20240513;100044;314.58;40;10336871259;B
20240513;100044;314.54;50;10336871271;S
20240513;100044;314.58;40;10336871288;B
20240513;100044;314.58;20;10336871367;B
20240513;100044;314.58;20;10336871368;B
20240513;100044;314.58;10;10336871391;B
20240513;100044;314.58;90;10336871392;B
20240513;100044;314.58;40;10336871437;B
20240513;100044;314.58;40;10336871476;B
20240513;100044;314.55;10;10336871498;S
20240513;100045;314.58;40;10336871537;B
20240513;100045;314.56;10;10336871560;S
20240513;100045;314.58;100;10336871628;B
20240513;100045;314.58;40;10336871646;B
20240513;100045;314.59;50;10336871648;B
20240513;100045;314.59;10;10336871649;B
20240513;100045;314.59;40;10336871650;B
20240513;100045;314.6;10;10336871651;B
20240513;100045;314.6;100;10336871652;B
20240513;100045;314.6;100;10336871653;B
20240513;100045;314.6;40;10336871682;B
20240513;100045;314.6;40;10336871728;B
20240513;100045;314.6;10;10336871861;B
20240513;100045;314.6;40;10336871864;B
20240513;100045;314.6;40;10336871946;B
20240513;100046;314.6;730;10336871961;B
20240513;100046;314.6;1000;10336871962;B
20240513;100046;314.6;10;10336871963;B
20240513;100046;314.6;30;10336871964;B
20240513;100046;314.61;510;10336871965;B
20240513;100046;314.61;40;10336872000;B
20240513;100046;314.6;190;10336872079;S
20240513;100046;314.6;400;10336872080;S
20240513;100046;314.6;10;10336872086;B
20240513;100046;314.6;40;10336872096;B
20240513;100046;314.6;40;10336872181;B
20240513;100046;314.6;50;10336872184;B
20240513;100046;314.6;40;10336872271;B
20240513;100046;314.59;10;10336872283;S
20240513;100047;314.6;100;10336872305;B
20240513;100047;314.59;390;10336872323;S
20240513;100047;314.59;360;10336872324;S
20240513;100047;314.6;10;10336872367;B
20240513;100047;314.59;20;10336872397;S
20240513;100047;314.6;10;10336872408;B
20240513;100047;314.6;90;10336872483;B
20240513;100047;314.61;140;10336872484;B
20240513;100048;314.6;10;10336872571;S
20240513;100048;314.61;60;10336872645;B
20240513;100048;314.63;10;10336872646;B
20240513;100048;314.63;10;10336872647;B
20240513;100048;314.64;10;10336872648;B
20240513;100048;314.65;10;10336872649;B
20240513;100048;314.67;200;10336872650;B
20240513;100048;314.67;450;10336872651;B
20240513;100048;314.68;20;10336872652;B
20240513;100048;314.68;450;10336872653;B
20240513;100048;314.69;10;10336872654;B
20240513;100048;314.69;270;10336872655;B
20240513;100048;314.65;90;10336872780;S
20240513;100048;314.59;870;10336872852;S
20240513;100048;314.59;450;10336872853;S
20240513;100048;314.59;1250;10336872854;S
20240513;100048;314.59;400;10336872855;S
20240513;100048;314.59;100;10336872856;S
20240513;100048;314.58;10;10336872857;S
20240513;100048;314.58;520;10336872858;S
20240513;100048;314.59;40;10336872861;S
20240513;100048;314.65;100;10336872875;B
20240513;100048;314.67;10;10336872876;B
20240513;100048;314.67;100;10336872877;B
20240513;100048;314.68;200;10336872878;B
20240513;100048;314.68;190;10336872879;B
20240513;100048;314.59;190;10336872888;S
20240513;100048;314.59;170;10336872896;S
20240513;100048;314.59;450;10336872897;S
20240513;100048;314.59;1250;10336872898;S
20240513;100048;314.59;100;10336872899;S
20240513;100048;314.58;8030;10336872900;S
20240513;100049;314.59;20;10336872908;S
20240513;100049;314.59;100;10336873009;S
20240513;100049;314.63;10;10336873042;B
20240513;100049;314.66;30;10336873043;B
20240513;100049;314.66;30;10336873061;B
20240513;100049;314.66;50;10336873069;B
20240513;100049;314.67;60;10336873077;B
20240513;100049;314.59;120;10336873102;S
20240513;100049;314.59;160;10336873163;S
20240513;100049;314.58;40;10336873164;S
20240513;100049;314.67;390;10336873185;B
20240513;100049;314.67;400;10336873186;B
20240513;100049;314.68;450;10336873187;B
20240513;100049;314.68;150;10336873188;B
20240513;100049;314.68;610;10336873189;B
20240513;100050;314.59;10;10336873213;S
20240513;100050;314.69;430;10336873296;B
20240513;100050;314.69;110;10336873351;B
20240513;100050;314.67;10;10336873408;S
20240513;100050;314.67;30;10336873419;B
20240513;100051;314.64;10;10336873613;S
20240513;100051;314.67;10;10336873650;B
20240513;100051;314.7;630;10336873651;B
20240513;100051;314.7;1000;10336873652;B
20240513;100051;314.7;120;10336873653;B
20240513;100051;314.7;240;10336873654;B
20240513;100051;314.64;310;10336873801;S
20240513;100051;314.64;960;10336873802;S
20240513;100051;314.63;730;10336873803;S
20240513;100052;314.64;10;10336873820;S
20240513;100052;314.68;10;10336873890;B
20240513;100052;314.68;40;10336873916;B
20240513;100052;314.68;10;10336873917;B
20240513;100052;314.69;120;10336873918;B
20240513;100052;314.7;40;10336873919;B
20240513;100052;314.7;290;10336873920;B
20240513;100052;314.67;10;10336873943;B
20240513;100052;314.67;110;10336873974;B
20240513;100052;314.68;450;10336873975;B
20240513;100052;314.69;450;10336873976;B
20240513;100052;314.7;710;10336873977;B
20240513;100052;314.7;20;10336873978;B
20240513;100052;314.7;10;10336873979;B
20240513;100052;314.7;8250;10336873980;B
20240513;100052;314.63;20;10336873984;S
20240513;100052;314.64;960;10336874025;B
20240513;100052;314.65;450;10336874026;B
20240513;100052;314.66;450;10336874027;B
20240513;100052;314.66;850;10336874028;B
20240513;100052;314.66;400;10336874029;B
20240513;100052;314.67;450;10336874030;B
20240513;100052;314.68;450;10336874031;B
20240513;100052;314.69;450;10336874032;B
20240513;100052;314.7;1750;10336874033;B
20240513;100052;314.7;450;10336874034;B
20240513;100053;314.7;30;10336874158;S
20240513;100053;314.7;500;10336874160;S
20240513;100053;314.71;750;10336874164;B
20240513;100053;314.71;120;10336874165;B
20240513;100053;314.72;50;10336874166;B
20240513;100053;314.72;430;10336874167;B
20240513;100053;314.73;500;10336874220;B
20240513;100053;314.73;10;10336874221;B
20240513;100053;314.73;450;10336874222;B
20240513;100053;314.74;10;10336874223;B
20240513;100053;314.74;30;10336874224;B
20240513;100053;314.74;420;10336874283;B
20240513;100053;314.75;10;10336874284;B
20240513;100053;314.75;450;10336874285;B
20240513;100053;314.76;100;10336874286;B
20240513;100053;314.76;450;10336874287;B
20240513;100053;314.77;450;10336874288;B
20240513;100053;314.78;20;10336874289;B
20240513;100053;314.78;100;10336874290;B
20240513;100053;314.72;170;10336874333;S
20240513;100053;314.72;330;10336874334;S
20240513;100053;314.73;90;10336874335;B
20240513;100053;314.73;30;10336874395;B
20240513;100053;314.77;20;10336874396;B
20240513;100053;314.78;10;10336874403;B
20240513;100053;314.7;10;10336874406;S
20240513;100054;314.72;20;10336874420;S
20240513;100054;314.72;300;10336874612;S
20240513;100054;314.74;30;10336874642;B
20240513;100054;314.76;450;10336874643;B
20240513;100054;314.77;450;10336874644;B
20240513;100054;314.77;400;10336874645;B
20240513;100054;314.77;60;10336874646;B
20240513;100054;314.77;850;10336874647;B
20240513;100054;314.78;340;10336874648;B
20240513;100054;314.78;50;10336874649;B
20240513;100054;314.79;10;10336874650;B
20240513;100054;314.79;10;10336874651;B
20240513;100054;314.79;10;10336874652;B
20240513;100054;314.79;450;10336874653;B
20240513;100054;314.8;10;10336874654;B
20240513;100054;314.8;10;10336874655;B
20240513;100054;314.8;960;10336874656;B
20240513;100054;314.72;10;10336874678;S
20240513;100055;314.72;170;10336874718;S
20240513;100055;314.7;1830;10336874719;S
20240513;100055;314.7;200;10336874725;S
20240513;100055;314.71;10;10336874734;B
20240513;100055;314.78;150;10336874735;B
20240513;100055;314.7;20;10336874950;S
20240513;100055;314.7;750;10336874968;S
20240513;100055;314.68;2000;10336874969;S
20240513;100055;314.67;450;10336874970;S
20240513;100055;314.66;450;10336874971;S
20240513;100055;314.66;2000;10336874972;S
20240513;100055;314.65;450;10336874973;S
20240513;100055;314.65;400;10336874974;S
20240513;100055;314.64;450;10336874975;S
20240513;100055;314.63;450;10336874976;S
20240513;100055;314.63;2000;10336874977;S
20240513;100055;314.62;450;10336874978;S
20240513;100055;314.61;150;10336874979;S
20240513;100055;314.77;140;10336875032;B
20240513;100055;314.75;20;10336875065;B
20240513;100055;314.77;400;10336875083;B
20240513;100055;314.75;400;10336875096;B
20240513;100055;314.75;450;10336875097;B
20240513;100055;314.75;850;10336875098;B
20240513;100055;314.76;450;10336875099;B
20240513;100055;314.77;50;10336875100;B
20240513;100055;314.77;960;10336875101;B
20240513;100055;314.79;150;10336875102;B
20240513;100056;314.65;10;10336875148;S
20240513;100056;314.61;30;10336875227;S
20240513;100056;314.73;20;10336875270;B
20240513;100056;314.73;380;10336875296;B
20240513;100056;314.73;450;10336875297;B
20240513;100056;314.74;1170;10336875298;B
20240513;100056;314.73;40;10336875306;B
20240513;100056;314.72;10;10336875385;B
20240513;100056;314.73;140;10336875386;B
20240513;100057;314.75;30;10336875450;B
20240513;100057;314.75;30;10336875466;B
20240513;100057;314.75;50;10336875493;B
20240513;100057;314.71;40;10336875516;S
20240513;100057;314.7;850;10336875517;S
20240513;100057;314.69;110;10336875634;B
20240513;100057;314.74;290;10336875635;B
20240513;100057;314.73;10;10336875645;B
20240513;100057;314.73;100;10336875646;B
20240513;100057;314.73;10;10336875695;S
20240513;100057;314.73;30;10336875733;S
20240513;100057;314.67;960;10336875734;S
20240513;100057;314.66;450;10336875735;S
20240513;100057;314.66;400;10336875736;S
20240513;100057;314.65;450;10336875737;S
20240513;100057;314.65;1870;10336875738;S
20240513;100058;314.75;90;10336875794;B
20240513;100058;314.74;390;10336876083;B
20240513;100059;314.74;10;10336876143;B
20240513;100059;314.74;300;10336876220;B
20240513;100059;314.73;10;10336876231;S
20240513;100059;314.73;40;10336876232;S
20240513;100059;314.72;40;10336876233;S
20240513;100059;314.67;30;10336876234;S
20240513;100059;314.63;20;10336876235;S
20240513;100059;314.63;860;10336876236;S
20240513;100059;314.63;100;10336876237;S
20240513;100059;314.62;20;10336876413;B
20240513;100059;314.62;100;10336876426;B
20240513;100100;314.62;40;10336876503;B
20240513;100100;314.62;240;10336876505;B
20240513;100100;314.63;4980;10336876506;B
20240513;100100;314.61;10;10336876547;S
20240513;100100;314.61;20;10336876602;S
20240513;100100;314.61;50;10336876603;S
20240513;100100;314.62;40;10336876619;B
20240513;100100;314.62;60;10336876620;B
20240513;100100;314.63;10;10336876621;B
20240513;100100;314.67;30;10336876622;B
20240513;100100;314.6;40;10336876684;S
20240513;100100;314.61;20;10336876695;B
20240513;100100;314.61;10;10336876696;B
20240513;100100;314.68;10;10336876697;B
20240513;100100;314.66;960;10336876707;B
20240513;100100;314.66;400;10336876708;B
20240513;100100;314.69;70;10336876709;B
20240513;100100;314.69;40;10336876810;B
20240513;100100;314.6;50;10336876839;S
20240513;100100;314.61;10;10336876879;B
20240513;100101;314.61;400;10336876881;S
20240513;100101;314.61;400;10336876883;B
20240513;100101;314.61;40;10336876915;B
20240513;100101;314.61;100;10336876994;B
20240513;100101;314.61;400;10336876995;S
20240513;100101;314.61;400;10336876996;B
20240513;100101;314.61;400;10336876997;S
20240513;100101;314.61;400;10336876998;S
20240513;100101;314.61;400;10336877001;B
20240513;100101;314.61;40;10336877035;B
20240513;100101;314.61;40;10336877100;B
20240513;100101;314.61;100;10336877105;B
20240513;100101;314.61;40;10336877168;B
20240513;100101;314.61;100;10336877169;B
20240513;100101;314.61;750;10336877170;S
20240513;100101;314.61;40;10336877265;B
20240513;100102;314.6;130;10336877306;S
20240513;100102;314.6;290;10336877307;S
20240513;100102;314.61;40;10336877356;B
20240513;100102;314.61;10;10336877397;B
20240513;100102;314.61;40;10336877451;B
20240513;100102;314.61;30;10336877474;B
20240513;100102;314.61;20;10336877475;B
20240513;100102;314.61;40;10336877519;B
20240513;100102;314.61;40;10336877536;B
20240513;100102;314.61;40;10336877610;B
20240513;100102;314.61;10;10336877611;B
20240513;100103;314.61;40;10336877648;B
20240513;100103;314.61;40;10336877700;B
20240513;100103;314.61;20;10336877854;B
20240513;100103;314.61;20;10336877855;B
20240513;100103;314.63;1000;10336877865;B
20240513;100103;314.68;3930;10336877866;B
20240513;100104;314.64;200;10336878044;S
20240513;100104;314.64;40;10336878309;B
20240513;100104;314.63;50;10336878338;S
20240513;100104;314.64;10;10336878347;B
20240513;100104;314.64;100;10336878357;B
20240513;100104;314.64;40;10336878371;B
20240513;100104;314.63;40;10336878470;B
20240513;100105;314.63;40;10336878543;B
20240513;100105;314.63;40;10336878633;B
20240513;100105;314.61;370;10336878691;S
20240513;100105;314.63;40;10336878696;B
20240513;100105;314.63;40;10336878844;B
20240513;100105;314.63;40;10336878915;B
20240513;100106;314.63;40;10336878996;B
20240513;100106;314.63;40;10336879066;B
20240513;100106;314.63;10;10336879165;B
20240513;100106;314.64;30;10336879166;B
20240513;100106;314.64;80;10336879170;B
20240513;100106;314.65;50;10336879171;B
20240513;100106;314.66;110;10336879172;B
20240513;100106;314.68;40;10336879204;B
20240513;100106;314.66;40;10336879290;B
20240513;100107;314.66;40;10336879345;B
20240513;100107;314.66;320;10336879351;B
20240513;100107;314.67;100;10336879352;B
20240513;100107;314.68;1960;10336879353;B
20240513;100107;314.68;450;10336879354;B
20240513;100107;314.69;100;10336879355;B
20240513;100107;314.69;70;10336879356;B
20240513;100107;314.69;40;10336879431;B
20240513;100107;314.69;20;10336879441;B
20240513;100107;314.69;320;10336879443;B
20240513;100107;314.69;180;10336879444;B
20240513;100107;314.69;40;10336879474;B
20240513;100107;314.61;30;10336879507;S
20240513;100107;314.69;170;10336879512;B
20240513;100107;314.69;10;10336879528;B
20240513;100107;314.69;30;10336879529;B
20240513;100107;314.61;20;10336879567;S
20240513;100107;314.69;40;10336879584;B
20240513;100108;314.69;40;10336879631;B
20240513;100108;314.69;40;10336879653;B
20240513;100108;314.69;1500;10336879691;B
20240513;100108;314.61;50;10336879716;S
20240513;100108;314.61;140;10336879717;S
20240513;100108;314.69;40;10336879722;B
20240513;100108;314.69;10;10336879766;B
20240513;100108;314.69;40;10336879793;B
20240513;100108;314.63;40;10336879850;B
20240513;100109;314.63;40;10336879901;B
20240513;100109;314.63;40;10336879958;B
20240513;100109;314.63;100;10336879990;B
20240513;100109;314.63;40;10336879998;B
20240513;100109;314.63;20;10336880021;B
20240513;100109;314.62;10;10336880026;S
20240513;100109;314.63;40;10336880038;B
20240513;100109;314.63;2500;10336880039;B
20240513;100109;314.63;40;10336880100;B
20240513;100110;314.63;40;10336880119;B
20240513;100110;314.63;40;10336880249;B
20240513;100110;314.63;40;10336880279;B
20240513;100111;314.63;40;10336880442;B
20240513;100111;314.62;10;10336880475;B
20240513;100111;314.62;100;10336880486;B
20240513;100111;314.62;40;10336880488;B
20240513;100111;314.62;40;10336880539;B
20240513;100111;314.62;20;10336880548;B
20240513;100111;314.62;40;10336880578;B
20240513;100112;314.62;40;10336880612;B
20240513;100112;314.62;30;10336880681;B
20240513;100112;314.62;40;10336880682;B
20240513;100112;314.62;10;10336880695;B
20240513;100112;314.62;20;10336880731;B
20240513;100112;314.63;20;10336880732;B
20240513;100112;314.62;40;10336880789;B
20240513;100112;314.62;40;10336880845;B
20240513;100113;314.62;40;10336880869;B
20240513;100113;314.62;40;10336880891;B
20240513;100113;314.62;40;10336880932;B
20240513;100113;314.62;150;10336880938;B
20240513;100113;314.62;40;10336880961;B
20240513;100113;314.62;10;10336880993;B
20240513;100113;314.62;30;10336880994;B
20240513;100114;314.62;40;10336881032;B
20240513;100114;314.62;30;10336881068;B
20240513;100114;314.62;10;10336881069;B
20240513;100114;314.62;250;10336881075;B
20240513;100114;314.61;480;10336881090;S
20240513;100114;314.61;70;10336881091;S
20240513;100114;314.61;3880;10336881092;S
20240513;100114;314.61;10;10336881093;S
20240513;100114;314.6;3880;10336881094;S
20240513;100114;314.6;1680;10336881095;S
20240513;100114;314.6;10;10336881188;S
20240513;100114;314.61;100;10336881190;B
20240513;100114;314.61;300;10336881195;B
20240513;100114;314.62;40;10336881196;B
20240513;100114;314.63;110;10336881197;B
20240513;100114;314.62;40;10336881199;B
20240513;100115;314.62;40;10336881242;B
20240513;100115;314.62;40;10336881295;B
20240513;100115;314.62;10;10336881299;B
20240513;100115;314.62;100;10336881307;B
20240513;100115;314.62;40;10336881431;B
20240513;100115;314.62;10;10336881504;B
20240513;100115;314.6;1220;10336881508;S
20240513;100115;314.6;20;10336881509;S
20240513;100115;314.6;1600;10336881510;S
20240513;100115;314.58;1410;10336881511;S
20240513;100115;314.58;750;10336881512;S
20240513;100115;314.62;40;10336881515;B
20240513;100115;314.62;80;10336881587;B
20240513;100115;314.63;120;10336881588;B
20240513;100115;314.63;40;10336881589;B
20240513;100115;314.62;100;10336881590;B
20240513;100116;314.59;40;10336881635;B
20240513;100116;314.59;40;10336881670;B
20240513;100116;314.59;40;10336881700;B
20240513;100116;314.59;10;10336881713;B
20240513;100116;314.59;40;10336881749;B
20240513;100116;314.59;10;10336881767;B
20240513;100116;314.58;250;10336881776;S
20240513;100116;314.58;1000;10336881777;S
20240513;100116;314.57;50;10336881789;S
20240513;100116;314.57;150;10336881790;S
20240513;100116;314.53;450;10336881791;S
20240513;100116;314.52;450;10336881792;S
20240513;100116;314.52;50;10336881793;S
20240513;100116;314.52;60;10336881794;S
20240513;100116;314.51;790;10336881795;S
20240513;100116;314.57;120;10336881831;B
20240513;100116;314.57;40;10336881842;B
20240513;100117;314.57;40;10336881873;B
20240513;100117;314.51;40;10336881939;S
20240513;100117;314.51;420;10336882010;S
20240513;100117;314.51;580;10336882011;S
20240513;100117;314.51;670;10336882075;S
20240513;100117;314.51;1250;10336882076;S
20240513;100117;314.51;30;10336882077;S
20240513;100117;314.51;400;10336882078;S
20240513;100117;314.51;1250;10336882079;S
20240513;100117;314.5;10000;10336882080;S
20240513;100117;314.5;10;10336882081;S
20240513;100117;314.5;10000;10336882082;S
20240513;100117;314.5;50;10336882083;S
20240513;100117;314.5;14140;10336882084;S
20240513;100117;314.53;100;10336882111;B
20240513;100118;314.52;10;10336882121;B
20240513;100118;314.5;160;10336882277;S
20240513;100119;314.51;40;10336882469;B
20240513;100119;314.5;10;10336882516;S
20240513;100119;314.51;130;10336882523;B
20240513;100120;314.5;40;10336882626;S
20240513;100120;314.5;50;10336882646;S
20240513;100120;314.5;2500;10336882739;S
20240513;100120;314.5;10;10336882765;S
20240513;100121;314.5;170;10336882788;S
20240513;100121;314.51;830;10336882828;B
20240513;100121;314.51;100;10336882829;B
20240513;100121;314.51;70;10336882830;B
20240513;100121;314.51;30;10336882980;B
20240513;100121;314.51;100;10336883012;B
20240513;100122;314.5;20;10336883064;S
20240513;100122;314.5;500;10336883092;S
20240513;100122;314.51;100;10336883093;B
20240513;100122;314.51;30;10336883094;B
20240513;100122;314.51;30;10336883095;B
20240513;100122;314.51;40;10336883096;B
20240513;100122;314.51;10;10336883122;B
20240513;100122;314.51;10;10336883165;B
20240513;100122;314.51;40;10336883323;B
20240513;100122;314.51;60;10336883365;B
20240513;100122;314.52;90;10336883366;B
20240513;100122;314.52;500;10336883367;B
20240513;100122;314.52;450;10336883368;B
20240513;100122;314.52;200;10336883369;B
20240513;100122;314.53;450;10336883370;B
20240513;100122;314.54;450;10336883371;B
20240513;100122;314.55;450;10336883372;B
20240513;100122;314.56;450;10336883373;B
20240513;100122;314.57;450;10336883374;B
20240513;100122;314.57;400;10336883375;B
20240513;100122;314.58;2250;10336883376;B
20240513;100122;314.58;450;10336883377;B
20240513;100122;314.59;450;10336883378;B
20240513;100122;314.59;960;10336883379;B
20240513;100122;314.6;2000;10336883380;B
20240513;100122;314.6;450;10336883381;B
20240513;100122;314.6;10;10336883382;B
20240513;100122;314.6;90;10336883383;B
20240513;100122;314.6;10;10336883384;B
20240513;100122;314.61;450;10336883385;B
20240513;100122;314.62;1500;10336883386;B
20240513;100122;314.62;1250;10336883387;B
20240513;100122;314.62;870;10336883388;B
20240513;100122;314.63;4730;10336883389;B
20240513;100122;314.63;620;10336883390;B
20240513;100122;314.64;100;10336883391;B
20240513;100123;314.56;400;10336883394;S
20240513;100123;314.55;200;10336883395;S
20240513;100123;314.56;400;10336883403;S
20240513;100123;314.55;420;10336883404;S
20240513;100123;314.51;400;10336883406;S
20240513;100123;314.51;800;10336883407;S
20240513;100123;314.51;1180;10336883408;S
20240513;100123;314.51;20;10336883474;S
20240513;100123;314.51;30;10336883475;S
20240513;100123;314.51;10;10336883768;S
20240513;100125;314.52;10;10336884139;B
20240513;100125;314.52;90;10336884317;B
20240513;100125;314.53;910;10336884318;B
20240513;100125;314.55;450;10336884360;B
20240513;100125;314.55;550;10336884361;B
20240513;100126;314.53;870;10336884636;B
20240513;100126;314.54;130;10336884637;B
20240513;100127;314.52;50;10336884683;S
20240513;100127;314.53;30;10336884760;B
20240513;100127;314.54;830;10336884761;B
20240513;100127;314.54;450;10336884762;B
20240513;100127;314.54;850;10336884763;B
20240513;100127;314.54;80;10336884764;B
20240513;100127;314.52;40;10336884821;S
20240513;100128;314.53;100;10336884991;B
20240513;100128;314.54;210;10336884992;B
20240513;100128;314.52;30;10336885023;S
20240513;100128;314.51;100;10336885024;S
20240513;100128;314.51;100;10336885025;S
20240513;100128;314.5;70;10336885026;S
20240513;100128;314.54;30;10336885041;B
20240513;100128;314.54;150;10336885103;B
20240513;100129;314.51;400;10336885221;S
20240513;100129;314.5;2910;10336885222;S
20240513;100129;314.5;1000;10336885223;S
20240513;100129;314.5;100;10336885224;S
20240513;100129;314.5;50;10336885225;S
20240513;100129;314.5;20;10336885288;B
20240513;100129;314.5;10;10336885334;B
20240513;100129;314.5;510;10336885454;B
20240513;100129;314.51;100;10336885455;B
20240513;100129;314.53;100;10336885456;B
20240513;100129;314.54;290;10336885457;B
20240513;100130;314.5;960;10336885563;B
20240513;100130;314.51;2500;10336885564;B
20240513;100130;314.53;400;10336885565;B
20240513;100130;314.54;450;10336885566;B
20240513;100130;314.55;450;10336885567;B
20240513;100130;314.56;450;10336885568;B
20240513;100130;314.56;870;10336885569;B
20240513;100130;314.56;320;10336885570;B
20240513;100130;314.57;450;10336885571;B
20240513;100130;314.57;20;10336885572;B
20240513;100130;314.57;4000;10336885573;B
20240513;100130;314.57;50;10336885574;B
20240513;100130;314.57;850;10336885575;B
20240513;100130;314.58;450;10336885576;B
20240513;100130;314.59;450;10336885577;B
20240513;100130;314.59;2000;10336885578;B
20240513;100130;314.6;450;10336885579;B
20240513;100130;314.6;1000;10336885580;B
20240513;100130;314.61;450;10336885581;B
20240513;100130;314.61;620;10336885582;B
20240513;100130;314.62;450;10336885583;B
20240513;100130;314.62;100;10336885584;B
20240513;100130;314.62;70;10336885585;B
20240513;100130;314.62;2000;10336885586;B
20240513;100130;314.62;190;10336885587;B
20240513;100132;314.57;160;10336886095;S
20240513;100132;314.6;30;10336886145;B
20240513;100132;314.6;100;10336886146;B
20240513;100132;314.6;100;10336886185;S
20240513;100132;314.6;20;10336886190;S
20240513;100133;314.61;10;10336886363;B
20240513;100133;314.61;10;10336886375;B
20240513;100133;314.6;30;10336886394;S
20240513;100134;314.61;20;10336886512;B
20240513;100134;314.61;200;10336886514;B
20240513;100134;314.61;100;10336886515;B
20240513;100134;314.62;100;10336886516;B
20240513;100134;314.63;150;10336886517;B
20240513;100134;314.64;450;10336886518;B
20240513;100134;314.64;510;10336886559;B
20240513;100134;314.64;310;10336886628;B
20240513;100135;314.64;10;10336886921;B
20240513;100135;314.62;400;10336886927;S
20240513;100135;314.61;440;10336886928;S
20240513;100135;314.63;10;10336887048;B
20240513;100137;314.63;20;10336887350;B
20240513;100137;314.62;10;10336887466;S
20240513;100137;314.62;390;10336887477;S
20240513;100137;314.61;320;10336887478;S
20240513;100137;314.61;960;10336887479;S
20240513;100137;314.61;330;10336887480;S
20240513;100138;314.62;10;10336887512;S
20240513;100138;314.63;1000;10336887609;B
20240513;100138;314.63;170;10336887618;B
20240513;100138;314.64;330;10336887619;B
20240513;100138;314.64;20;10336887638;B
20240513;100138;314.64;10;10336887649;B
20240513;100138;314.62;400;10336887672;S
20240513;100138;314.61;540;10336887673;S
20240513;100138;314.61;80;10336887674;S
20240513;100138;314.61;960;10336887675;S
20240513;100138;314.61;500;10336887676;S
20240513;100138;314.6;1370;10336887677;S
20240513;100139;314.64;50;10336887797;B
20240513;100139;314.62;340;10336887881;S
20240513;100141;314.64;710;10336888185;B
20240513;100141;314.64;100;10336888186;B
20240513;100141;314.64;10;10336888187;B
20240513;100141;314.64;760;10336888188;B
20240513;100141;314.64;20;10336888245;B
20240513;100141;314.62;50;10336888303;S
20240513;100142;314.63;60;10336888597;S
20240513;100142;314.63;100;10336888695;S
20240513;100142;314.64;120;10336888743;B
20240513;100143;314.63;40;10336888883;S
20240513;100143;314.63;300;10336888904;S
20240513;100143;314.64;10;10336888947;B
20240513;100144;314.63;100;10336888988;S
20240513;100144;314.63;10;10336889158;S
20240513;100144;314.64;100;10336889297;B
20240513;100144;314.64;1490;10336889363;B
20240513;100144;314.64;500;10336889364;B
20240513;100144;314.65;2100;10336889365;B
20240513;100144;314.66;400;10336889366;B
20240513;100144;314.67;2000;10336889367;B
20240513;100144;314.68;60;10336889368;B
20240513;100144;314.68;100;10336889369;B
20240513;100144;314.68;2000;10336889370;B
20240513;100144;314.69;2350;10336889371;B
20240513;100144;314.69;100;10336889372;B
20240513;100144;314.69;10;10336889373;B
20240513;100144;314.69;100;10336889374;B
20240513;100144;314.69;320;10336889375;B
20240513;100144;314.7;400;10336889376;B
20240513;100144;314.7;5000;10336889377;B
20240513;100144;314.7;10;10336889378;B
20240513;100144;314.7;50;10336889379;B
20240513;100144;314.7;1700;10336889380;B
20240513;100144;314.7;450;10336889381;B
20240513;100144;314.7;2000;10336889382;S
20240513;100144;314.7;800;10336889384;S
20240513;100144;314.71;10;10336889386;S
20240513;100145;314.72;960;10336889398;S
20240513;100145;314.71;400;10336889399;B
20240513;100145;314.71;10;10336889412;B
20240513;100145;314.7;1840;10336889615;S
20240513;100146;314.7;10;10336889848;S
20240513;100146;314.7;250;10336889988;S
20240513;100146;314.7;10;10336890022;S
20240513;100147;314.71;150;10336890060;B
20240513;100147;314.71;300;10336890064;B
20240513;100147;314.7;10;10336890151;S
20240513;100147;314.71;1140;10336890226;B
20240513;100147;314.71;50;10336890227;B
20240513;100147;314.72;1040;10336890228;B
20240513;100147;314.74;450;10336890229;B
20240513;100147;314.75;100;10336890230;B
20240513;100147;314.75;260;10336890231;B
20240513;100147;314.75;450;10336890232;B
20240513;100147;314.75;2000;10336890233;S
20240513;100148;314.76;50;10336890337;B
20240513;100148;314.76;450;10336890338;B
20240513;100148;314.76;400;10336890405;B
20240513;100148;314.77;10;10336890406;B
20240513;100148;314.77;90;10336890407;B
20240513;100148;314.75;10;10336890408;S
20240513;100148;314.78;450;10336890468;B
20240513;100148;314.78;340;10336890469;B
20240513;100148;314.78;400;10336890565;B
20240513;100148;314.78;150;10336890566;B
20240513;100148;314.76;200;10336890582;S
20240513;100149;314.79;10;10336890833;B
20240513;100150;314.79;40;10336891220;B
20240513;100150;314.79;10;10336891221;B
20240513;100150;314.79;50;10336891222;B
20240513;100151;314.77;100;10336891393;S
20240513;100151;314.76;100;10336891394;S
20240513;100151;314.79;10;10336891482;B
20240513;100151;314.76;660;10336891564;S
20240513;100151;314.76;870;10336891565;S
20240513;100151;314.76;320;10336891566;S
20240513;100152;314.76;150;10336891726;B
20240513;100152;314.77;1350;10336891727;B
20240513;100152;314.76;30;10336891735;S
20240513;100152;314.76;10;10336891747;S
20240513;100153;314.77;650;10336891948;B
20240513;100153;314.79;250;10336891949;B
20240513;100154;314.78;400;10336892175;B
20240513;100154;314.79;2450;10336892176;B
20240513;100154;314.76;390;10336892183;S
20240513;100154;314.76;110;10336892184;S
20240513;100155;314.77;10;10336892285;B
20240513;100155;314.76;500;10336892308;S
20240513;100155;314.75;90;10336892322;S
20240513;100155;314.76;30;10336892454;B
20240513;100156;314.77;10;10336892728;B
20240513;100157;314.76;110;10336892833;B
20240513;100157;314.76;10;10336892892;B
20240513;100158;314.75;10;10336892920;S
20240513;100158;314.74;20;10336893020;S
20240513;100159;314.75;10;10336893154;B
20240513;100159;314.75;10;10336893238;B
20240513;100159;314.74;20;10336893318;S
20240513;100159;314.75;380;10336893346;B
20240513;100159;314.75;300;10336893347;B
20240513;100159;314.75;200;10336893348;B
20240513;100159;314.75;200;10336893349;B
20240513;100159;314.75;200;10336893350;B
20240513;100159;314.75;200;10336893351;B
20240513;100159;314.75;320;10336893352;B
20240513;100159;314.75;870;10336893353;B
20240513;100159;314.75;200;10336893354;B
20240513;100159;314.75;130;10336893355;B
20240513;100200;314.74;30;10336893743;S
20240513;100200;314.72;600;10336893744;S
20240513;100200;314.72;10;10336893745;S
20240513;100200;314.72;840;10336893746;S
20240513;100200;314.71;50;10336893751;S
20240513;100200;314.71;10;10336893752;S
20240513;100200;314.71;140;10336893753;S
20240513;100200;314.71;200;10336893754;S
20240513;100200;314.71;200;10336893755;S
20240513;100200;314.71;200;10336893756;S
20240513;100200;314.71;200;10336893762;S
20240513;100201;314.71;540;10336893834;S
20240513;100201;314.74;90;10336893875;B
20240513;100201;314.72;300;10336893953;S
20240513;100201;314.71;900;10336893954;S
20240513;100201;314.7;8800;10336893955;S
20240513;100202;314.71;20;10336894373;S
20240513;100203;314.71;10;10336894547;S
20240513;100203;314.71;100;10336894595;S
20240513;100203;314.72;150;10336894662;B
20240513;100203;314.72;10;10336894826;B
20240513;100204;314.71;10;10336894917;S
20240513;100204;314.71;10;10336894979;S
20240513;100204;314.72;10;10336895000;B
20240513;100204;314.72;40;10336895059;B
20240513;100205;314.72;50;10336895243;B
20240513;100205;314.73;850;10336895244;B
20240513;100205;314.74;230;10336895245;B
20240513;100205;314.74;2000;10336895246;B
20240513;100205;314.75;10;10336895247;B
20240513;100205;314.75;30;10336895248;B
20240513;100205;314.75;50;10336895249;B
20240513;100206;314.71;20;10336895519;S
20240513;100207;314.71;20;10336895701;S
20240513;100208;314.71;40;10336895920;S
20240513;100208;314.7;300;10336895966;S
20240513;100208;314.71;10;10336896268;B
20240513;100208;314.71;40;10336896269;B
20240513;100209;314.71;10;10336896380;B
20240513;100209;314.71;30;10336896466;B
20240513;100209;314.71;880;10336896638;B
20240513;100209;314.71;10;10336896639;B
20240513;100209;314.71;50;10336896640;B
20240513;100209;314.71;10;10336896641;B
20240513;100209;314.71;10;10336896642;B
20240513;100209;314.71;300;10336896643;B
20240513;100209;314.71;240;10336896644;B
20240513;100210;314.7;50;10336896764;S
20240513;100210;314.7;30;10336896810;S
20240513;100210;314.71;80;10336896825;B
20240513;100210;314.7;50;10336896864;S
20240513;100210;314.71;400;10336896893;B
20240513;100211;314.71;40;10336897002;S
20240513;100213;314.72;100;10336897363;B
20240513;100213;314.71;120;10336897410;S
20240513;100214;314.72;50;10336897471;B
20240513;100214;314.72;100;10336897477;B
20240513;100214;314.71;690;10336897491;S
20240513;100214;314.71;400;10336897492;S
20240513;100214;314.71;20;10336897493;S
20240513;100214;314.71;960;10336897494;S
20240513;100214;314.71;130;10336897620;B
20240513;100215;314.71;500;10336897785;B
20240513;100215;314.71;60;10336897841;B
20240513;100216;314.7;2500;10336897989;S
20240513;100216;314.71;100;10336898008;B
20240513;100216;314.71;3000;10336898022;B
20240513;100216;314.71;10;10336898163;B
20240513;100217;314.7;500;10336898230;S
20240513;100218;314.71;30;10336898538;B
20240513;100219;314.71;50;10336898650;B
20240513;100219;314.7;210;10336898663;S
20240513;100220;314.7;300;10336898982;S
20240513;100222;314.71;10;10336899370;B
20240513;100223;314.71;10;10336899547;B
20240513;100223;314.71;220;10336899608;B
20240513;100224;314.71;100;10336899814;B
20240513;100225;314.71;500;10336900009;B
20240513;100225;314.7;40;10336900109;S
20240513;100225;314.71;300;10336900114;B
20240513;100225;314.71;10;10336900139;B
20240513;100226;314.71;10;10336900323;B
20240513;100226;314.71;10;10336900338;B
20240513;100226;314.71;10;10336900386;B
20240513;100226;314.7;100;10336900392;S
20240513;100226;314.71;500;10336900487;B
20240513;100227;314.7;20;10336900506;S
20240513;100227;314.7;50;10336900536;S
20240513;100227;314.71;30;10336900553;B
20240513;100227;314.71;2340;10336900596;B
20240513;100227;314.71;60;10336900597;B
20240513;100227;314.71;100;10336900598;B
20240513;100227;314.71;7560;10336900599;B
20240513;100227;314.7;10;10336900672;S
20240513;100228;314.7;30;10336900809;S
20240513;100228;314.7;20;10336900875;S
20240513;100228;314.71;1200;10336900879;B
20240513;100228;314.7;2930;10336900905;S
20240513;100228;314.7;2070;10336900906;S
20240513;100229;314.7;10;10336901075;S
20240513;100229;314.7;10;10336901160;S
20240513;100230;314.71;1240;10336901314;B
20240513;100230;314.71;500;10336901315;B
20240513;100230;314.71;100;10336901316;B
20240513;100230;314.71;500;10336901317;B
20240513;100230;314.71;500;10336901318;B
20240513;100230;314.71;50;10336901319;B
20240513;100230;314.71;7110;10336901320;B
20240513;100230;314.71;10;10336901358;B
20240513;100230;314.7;50;10336901363;S
20240513;100231;314.7;50;10336901368;S
20240513;100231;314.71;70;10336901411;B
20240513;100231;314.71;10;10336901419;B
20240513;100232;314.71;90;10336901565;B
20240513;100232;314.7;500;10336901602;S
20240513;100232;314.7;30;10336901738;S
20240513;100233;314.7;300;10336901789;S
20240513;100233;314.7;550;10336901797;S
20240513;100233;314.71;20;10336901813;B
20240513;100233;314.71;150;10336901872;B
20240513;100235;314.71;1560;10336902242;B
20240513;100235;314.71;10;10336902282;B
20240513;100236;314.71;50;10336902378;B
20240513;100236;314.71;4000;10336902382;B
20240513;100236;314.7;10;10336902402;S
20240513;100236;314.71;20;10336902452;B
20240513;100236;314.7;660;10336902494;S
20240513;100236;314.71;10;10336902497;B
20240513;100236;314.7;10;10336902518;S
20240513;100236;314.71;160;10336902539;B
20240513;100237;314.71;200;10336902559;B
20240513;100237;314.7;10;10336902621;S
20240513;100237;314.7;5740;10336902639;S
20240513;100237;314.7;150;10336902640;S
20240513;100237;314.7;20;10336902641;S
20240513;100237;314.7;20;10336902642;S
20240513;100237;314.7;2000;10336902643;S
20240513;100237;314.7;10980;10336902644;S
20240513;100237;314.7;10;10336902645;S
20240513;100237;314.7;50;10336902646;S
20240513;100237;314.7;1830;10336902647;S
20240513;100237;314.7;1000;10336902648;S
