<DATE>,<TIME>,<LAST>,<VOL>,<ID>,<OPER>
20250116,095955,283.7,10,12049076878,S
20250116,095955,283.7,10,12049076879,S
20250116,095955,283.7,600,12049076880,S
20250116,095955,283.7,180,12049076881,S
20250116,095955,283.7,50,12049076882,S
20250116,095955,283.7,110,12049076883,S
20250116,095955,283.7,60,12049076884,S
20250116,095955,283.7,250,12049076885,S
20250116,095955,283.7,1000,12049076886,S
20250116,095955,283.7,3520,12049076887,S
20250116,095955,283.7,1230,12049076888,S
20250116,095955,283.7,60,12049076889,S
20250116,095955,283.7,10,12049076890,S
20250116,095955,283.7,1000,12049076891,S
20250116,095955,283.7,700,12049076892,S
20250116,095955,283.7,300,12049076893,S
20250116,095955,283.7,10,12049076894,S
20250116,095955,283.7,90,12049076895,S
20250116,095955,283.7,20,12049076896,S
20250116,095955,283.7,50,12049076897,S
20250116,095955,283.7,530,12049076898,S
20250116,095955,283.7,10,12049076899,S
20250116,095955,283.7,20,12049076900,S
20250116,095955,283.7,20,12049076901,S
20250116,095955,283.7,10,12049076902,S
20250116,095955,283.7,10,12049076903,B
20250116,095955,283.7,10,12049076904,B
20250116,095955,283.7,60,12049076905,B
20250116,095955,283.7,100,12049076906,B
20250116,095955,283.7,50,12049076907,S
20250116,095955,283.7,10,12049076908,B
20250116,095955,283.7,10,12049076909,B
20250116,095955,283.7,20,12049076910,S
20250116,095955,283.7,200,12049076911,S
20250116,095955,283.7,140,12049076912,S
20250116,095955,283.7,10,12049076913,B
20250116,095955,283.7,80,12049076914,B
20250116,095955,283.7,500,12049076915,S
20250116,095955,283.7,500,12049076916,S
20250116,095955,283.7,490,12049076917,S
20250116,095955,283.7,500,12049076918,S
20250116,095955,283.7,500,12049076919,S
20250116,095955,283.7,170,12049076920,B
20250116,095955,283.7,10,12049076921,B
20250116,095955,283.7,10,12049076922,B
20250116,095955,283.7,80,12049076923,B
20250116,095955,283.7,1910,12049076924,B
20250116,095955,283.7,500,12049076925,B
20250116,095955,283.7,100,12049076926,B
20250116,095955,283.7,300,12049076927,B
20250116,095955,283.7,20,12049076928,B
20250116,095955,283.7,10,12049076929,B
20250116,095955,283.7,40,12049076930,B
20250116,095955,283.7,200,12049076931,B
20250116,095955,283.7,500,12049076932,B
20250116,095955,283.7,30,12049076933,B
20250116,095955,283.7,300,12049076934,B
20250116,095955,283.7,10,12049076935,B
20250116,095955,283.7,80,12049076936,B
20250116,095955,283.7,10,12049076937,B
20250116,095955,283.7,30,12049076938,B
20250116,095955,283.7,10,12049076939,B
20250116,095955,283.7,10,12049076940,B
20250116,095955,283.7,10,12049076941,B
20250116,095955,283.7,10,12049076942,B
20250116,095955,283.7,20,12049076943,B
20250116,095955,283.7,10,12049076944,B
20250116,095955,283.7,30,12049076945,B
20250116,095955,283.7,350,12049076946,B
20250116,095955,283.7,10,12049076947,B
20250116,095955,283.7,10,12049076948,B
20250116,095955,283.7,50,12049076949,B
20250116,095955,283.7,20,12049076950,B
20250116,095955,283.7,30,12049076951,B
20250116,095955,283.7,20,12049076952,B
20250116,095955,283.7,30,12049076953,B
20250116,095955,283.7,560,12049076954,B
20250116,095955,283.7,10,12049076955,B
20250116,095955,283.7,500,12049076956,B
20250116,095955,283.7,1800,12049076957,B
20250116,095955,283.7,10,12049076958,B
20250116,095955,283.7,1000,12049076959,B
20250116,095955,283.7,10,12049076960,B
20250116,095955,283.7,10,12049076961,B
20250116,095955,283.7,20,12049076962,B
20250116,095955,283.7,80,12049076963,B
20250116,095955,283.7,20,12049076964,B
20250116,095955,283.7,40,12049076965,B
20250116,095955,283.7,10,12049076966,B
20250116,095955,283.7,350,12049076967,B
20250116,095955,283.7,10,12049076968,B
20250116,095955,283.7,50,12049076969,B
20250116,095955,283.7,100,12049076970,B
20250116,095955,283.7,40,12049076971,B
20250116,095955,283.7,180,12049076972,B
20250116,095955,283.7,10,12049076973,B
20250116,095955,283.7,280,12049076974,B
20250116,095955,283.7,20,12049076975,B
20250116,095955,283.7,20,12049076976,B
20250116,095955,283.7,50,12049076977,B
20250116,095955,283.7,60,12049076978,B
20250116,095955,283.7,10,12049076979,B
20250116,095955,283.7,600,12049076980,B
20250116,095955,283.7,10,12049076981,B
20250116,095955,283.7,20,12049076982,B
20250116,095955,283.7,140,12049076983,B
20250116,095955,283.7,150,12049076984,B
20250116,095955,283.7,10,12049076985,B
20250116,095955,283.7,20,12049076986,B
20250116,095955,283.7,10,12049076987,B
20250116,095955,283.7,10,12049076988,B
20250116,095955,283.7,210,12049076989,B
20250116,095955,283.7,540,12049076990,B
20250116,095955,283.7,250,12049076991,S
20250116,095955,283.7,50,12049076992,B
20250116,095955,283.7,10,12049076993,B
20250116,095955,283.7,10,12049076994,B
20250116,095955,283.7,20,12049076995,B
20250116,095955,283.7,10,12049076996,B
20250116,095955,283.7,100,12049076997,B
20250116,095955,283.7,10,12049076998,B
20250116,095955,283.7,1000,12049076999,B
20250116,095955,283.7,100,12049077000,B
20250116,095955,283.7,10,12049077001,B
20250116,095955,283.7,1000,12049077002,B
20250116,095955,283.7,10,12049077003,B
20250116,095955,283.7,10,12049077004,B
20250116,095955,283.7,50,12049077005,B
20250116,095955,283.7,20,12049077006,B
20250116,095955,283.7,10,12049077007,B
20250116,095955,283.7,10,12049077008,B
20250116,095955,283.7,40,12049077009,B
20250116,095955,283.7,300,12049077010,B
20250116,095955,283.7,10,12049077011,B
20250116,095955,283.7,660,12049077012,B
20250116,095955,283.7,10,12049077013,B
20250116,095955,283.7,20,12049077014,B
20250116,095955,283.7,30,12049077015,B
20250116,095955,283.7,40,12049077016,B
20250116,095955,283.7,10,12049077017,B
20250116,095955,283.7,20,12049077018,B
20250116,095955,283.7,30,12049077019,B
20250116,095955,283.7,610,12049077020,B
20250116,095955,283.7,50,12049077021,B
20250116,095955,283.7,10,12049077022,B
20250116,095955,283.7,10,12049077023,B
20250116,095955,283.7,10,12049077024,B
20250116,095955,283.7,10,12049077025,B
20250116,095955,283.7,20,12049077026,B
20250116,095955,283.7,200,12049077027,B
20250116,095955,283.7,1080,12049077028,B
20250116,095955,283.7,100,12049077029,B
20250116,095955,283.7,200,12049077030,S
20250116,095955,283.7,10,12049077031,S
20250116,095955,283.7,20,12049077032,S
20250116,095955,283.7,90,12049077033,S
20250116,095955,283.7,30,12049077034,S
20250116,095955,283.7,100,12049077035,S
20250116,095955,283.7,10,12049077036,S
20250116,095955,283.7,2000,12049077037,S
20250116,095955,283.7,20,12049077038,S
20250116,095955,283.7,20,12049077039,S
20250116,095955,283.7,20,12049077040,S
20250116,095955,283.7,20,12049077041,S
20250116,095955,283.7,40,12049077042,S
20250116,095955,283.7,30,12049077043,S
20250116,095955,283.7,400,12049077044,S
20250116,095955,283.7,500,12049077045,S
20250116,095955,283.7,100,12049077046,S
20250116,095955,283.7,1000,12049077047,S
20250116,095955,283.7,200,12049077048,S
20250116,095955,283.7,4010,12049077049,S
20250116,095955,283.7,5990,12049077050,S
20250116,095955,283.7,9010,12049077051,S
20250116,095955,283.7,120,12049077052,S
20250116,095955,283.7,100,12049077053,S
20250116,095955,283.7,10000,12049077054,S
20250116,095955,283.7,770,12049077055,S
20250116,095955,283.7,100,12049077056,S
20250116,095955,283.7,10,12049077057,B
20250116,095955,283.7,10,12049077058,B
20250116,095955,283.7,10,12049077059,B
20250116,095955,283.7,10,12049077060,B
20250116,095955,283.7,40,12049077061,B
20250116,095955,283.7,100,12049077062,B
20250116,095955,283.7,20,12049077063,B
20250116,095955,283.7,10,12049077064,B
20250116,095955,283.7,100,12049077065,B
20250116,095955,283.7,20,12049077066,B
20250116,095955,283.7,10,12049077067,B
20250116,095955,283.7,10,12049077068,B
20250116,095955,283.7,40,12049077069,B
20250116,095955,283.7,90,12049077070,B
20250116,095955,283.7,10,12049077071,B
20250116,095955,283.7,50,12049077072,S
20250116,095955,283.7,50,12049077073,B
20250116,095955,283.7,100,12049077074,B
20250116,095955,283.7,10,12049077075,B
20250116,095955,283.7,100,12049077076,S
20250116,095955,283.7,1000,12049077077,B
20250116,095955,283.7,100,12049077078,B
20250116,095955,283.7,100,12049077079,B
20250116,095955,283.7,1940,12049077080,B
20250116,095955,283.7,150,12049077081,B
20250116,095955,283.7,40,12049077082,S
20250116,095955,283.7,10,12049077083,S
20250116,095955,283.7,10,12049077084,B
20250116,095955,283.7,10,12049077085,B
20250116,095955,283.7,20,12049077086,B
20250116,095955,283.7,10,12049077087,B
20250116,095955,283.7,10,12049077088,S
20250116,095955,283.7,90,12049077089,B
20250116,095955,283.7,500,12049077090,B
20250116,095955,283.7,10,12049077091,S
20250116,095955,283.7,150,12049077092,B
20250116,095955,283.7,40,12049077093,B
20250116,095955,283.7,10,12049077094,B
20250116,095955,283.7,30,12049077095,B
20250116,095955,283.7,120,12049077096,B
20250116,095955,283.7,10,12049077097,B
20250116,095955,283.7,10,12049077098,B
20250116,095955,283.7,60,12049077099,B
20250116,095955,283.7,90,12049077100,B
20250116,095955,283.7,10,12049077101,B
20250116,095955,283.7,200,12049077102,B
20250116,095955,283.7,800,12049077103,S
20250116,095955,283.7,40,12049077104,B
20250116,095955,283.7,60,12049077105,B
20250116,095955,283.7,280,12049077106,B
20250116,095955,283.7,20,12049077107,B
20250116,095955,283.7,500,12049077108,B
20250116,095955,283.7,30,12049077109,B
20250116,095955,283.7,20,12049077110,B
20250116,095955,283.7,100,12049077111,B
20250116,095955,283.7,10,12049077112,B
20250116,095955,283.7,380,12049077113,B
20250116,095955,283.7,400,12049077114,B
20250116,095955,283.7,20,12049077115,B
20250116,095955,283.7,10,12049077116,S
20250116,095955,283.7,1000,12049077117,S
20250116,095955,283.7,170,12049077118,S
20250116,095955,283.7,20,12049077119,S
20250116,095955,283.7,340,12049077120,S
20250116,095955,283.7,400,12049077121,S
20250116,095955,283.7,20,12049077122,B
20250116,095955,283.7,10,12049077123,S
20250116,095955,283.7,800,12049077124,S
20250116,095955,283.7,2000,12049077125,S
20250116,095955,283.7,10,12049077126,S
20250116,095955,283.7,10,12049077127,S
20250116,095955,283.7,50,12049077128,S
20250116,095955,283.7,10,12049077129,S
20250116,095955,283.7,140,12049077130,S
20250116,095955,283.7,1210,12049077131,S
20250116,095955,283.7,10,12049077132,S
20250116,095955,283.7,500,12049077133,S
20250116,095955,283.7,700,12049077134,S
20250116,095955,283.7,1790,12049077135,S
20250116,095955,283.7,10,12049077136,B
20250116,095955,283.7,60,12049077137,S
20250116,095955,283.7,50,12049077138,B
20250116,095955,283.7,120,12049077139,B
20250116,095955,283.7,350,12049077140,S
20250116,095955,283.7,20,12049077141,B
20250116,095955,283.7,200,12049077142,B
20250116,095955,283.7,200,12049077143,S
20250116,095955,283.7,2200,12049077144,S
20250116,095955,283.7,500,12049077145,S
20250116,095955,283.7,600,12049077146,S
20250116,095955,283.7,50,12049077147,S
20250116,095955,283.7,2750,12049077148,S
20250116,095955,283.7,10000,12049077149,B
20250116,095955,283.7,120,12049077150,B
20250116,095955,283.7,20,12049077151,S
20250116,095955,283.7,610,12049077152,S
20250116,095955,283.7,10,12049077153,S
20250116,095955,283.7,100,12049077154,B
20250116,095955,283.7,5000,12049077155,B
20250116,095955,283.7,3040,12049077156,S
20250116,095955,283.7,100,12049077157,S
20250116,095955,283.7,20,12049077158,B
20250116,095955,283.7,500,12049077159,S
20250116,095955,283.7,50,12049077160,B
20250116,095955,283.7,10,12049077161,B
20250116,095955,283.7,10,12049077162,B
20250116,095955,283.7,120,12049077163,B
20250116,095955,283.7,150,12049077164,S
20250116,095955,283.7,50,12049077165,B
20250116,095955,283.7,5950,12049077166,B
20250116,095955,283.7,700,12049077167,B
20250116,095955,283.7,400,12049077168,B
20250116,095955,283.7,100,12049077169,S
20250116,095955,283.7,850,12049077170,B
20250116,095955,283.7,10,12049077171,S
20250116,095955,283.7,4140,12049077172,S
20250116,095955,283.7,350,12049077173,S
20250116,095955,283.7,140,12049077174,S
20250116,095955,283.7,370,12049077175,S
20250116,095955,283.7,10,12049077176,B
20250116,095955,283.7,10,12049077177,B
20250116,095955,283.7,100,12049077178,B
20250116,095955,283.7,30,12049077179,B
20250116,095955,283.7,70,12049077180,B
20250116,095955,283.7,100,12049077181,B
20250116,095955,283.7,100,12049077182,B
20250116,095955,283.7,100,12049077183,B
20250116,095955,283.7,100,12049077184,B
20250116,095955,283.7,100,12049077185,B
20250116,095955,283.7,100,12049077186,B
20250116,095955,283.7,100,12049077187,B
20250116,095955,283.7,100,12049077188,B
20250116,095955,283.7,100,12049077189,B
20250116,095955,283.7,100,12049077190,B
20250116,095955,283.7,100,12049077191,B
20250116,095955,283.7,100,12049077192,B
20250116,095955,283.7,100,12049077193,B
20250116,095955,283.7,100,12049077194,B
20250116,095955,283.7,100,12049077195,B
20250116,095955,283.7,100,12049077196,B
20250116,095955,283.7,100,12049077197,B
20250116,095955,283.7,100,12049077198,B
20250116,095955,283.7,6660,12049077199,S
20250116,100000,283.72,250,12049079682,B
20250116,100000,283.71,600,12049079711,S
20250116,100000,283.71,520,12049079712,S
20250116,100000,283.71,300,12049079713,S
20250116,100000,283.7,11470,12049079714,S
20250116,100000,283.7,700,12049079715,S
20250116,100000,283.67,70,12049079716,S
20250116,100000,283.65,10,12049079717,S
20250116,100000,283.65,400,12049079718,S
20250116,100000,283.65,1000,12049079719,S
20250116,100000,283.65,10,12049079720,S
20250116,100000,283.65,80,12049079721,S
20250116,100000,283.65,1000,12049079722,S
20250116,100000,283.65,1000,12049079723,S
20250116,100000,283.65,10,12049079724,S
20250116,100000,283.65,1000,12049079725,S
20250116,100000,283.65,30,12049079726,S
20250116,100000,283.65,10,12049079727,S
20250116,100000,283.64,990,12049079728,S
20250116,100000,283.64,9010,12049079729,S
20250116,100000,283.64,500,12049079730,S
20250116,100000,283.64,10,12049079731,S
20250116,100000,283.6,750,12049079732,S
20250116,100000,283.6,10,12049079733,S
20250116,100000,283.6,2500,12049079734,S
20250116,100000,283.6,60,12049079735,S
20250116,100000,283.52,20,12049079736,S
20250116,100000,283.52,6340,12049079737,S
20250116,100000,283.55,520,12049079741,S
20250116,100000,283.52,490,12049079742,S
20250116,100000,283.52,9000,12049079743,S
20250116,100000,283.5,750,12049079744,S
20250116,100000,283.5,100,12049079745,S
20250116,100000,283.5,10,12049079746,S
20250116,100000,283.5,500,12049079747,S
20250116,100000,283.5,7830,12049079748,S
20250116,100000,283.56,600,12049079751,S
20250116,100000,283.56,2180,12049079752,S
20250116,100000,283.5,2170,12049079753,S
20250116,100000,283.5,350,12049079754,S
20250116,100000,283.5,400,12049079755,S
20250116,100000,283.45,330,12049079756,S
20250116,100000,283.44,330,12049079757,S
20250116,100000,283.43,70,12049079758,S
20250116,100000,283.43,850,12049079759,S
20250116,100000,283.43,330,12049079760,S
20250116,100000,283.42,330,12049079761,S
20250116,100000,283.41,330,12049079762,S
20250116,100000,283.4,1000,12049079763,S
20250116,100000,283.4,330,12049079764,S
20250116,100000,283.39,330,12049079765,S
20250116,100000,283.38,330,12049079766,S
20250116,100000,283.37,450,12049079767,S
20250116,100000,283.37,330,12049079768,S
20250116,100000,283.36,330,12049079769,S
20250116,100000,283.35,60,12049079770,S
20250116,100000,283.34,100,12049079771,S
20250116,100000,283.29,100,12049079772,S
20250116,100000,283.26,360,12049079773,S
20250116,100000,283.25,1000,12049079774,S
20250116,100000,283.2,650,12049079775,S
20250116,100000,283.2,20,12049079776,S
20250116,100000,283.2,3230,12049079777,S
20250116,100000,283.15,60,12049079778,S
20250116,100000,283.13,100,12049079779,S
20250116,100000,283.12,2150,12049079780,S
20250116,100000,283.51,600,12049079814,B
20250116,100000,283.52,330,12049079815,B
20250116,100000,283.53,330,12049079816,B
20250116,100000,283.54,330,12049079817,B
20250116,100000,283.54,180,12049079818,B
20250116,100000,283.55,230,12049079819,B
20250116,100000,283.52,150,12049079862,B
20250116,100000,283.39,150,12049079881,S
20250116,100001,283.49,10,12049080192,B
20250116,100001,283.46,10,12049080214,S
20250116,100001,283.46,10,12049080223,S
20250116,100001,283.49,1240,12049080235,B
20250116,100001,283.49,1260,12049080299,B
20250116,100001,283.5,90,12049080311,B
20250116,100001,283.47,20,12049080346,S
20250116,100001,283.47,320,12049080380,S
20250116,100001,283.47,10,12049080382,S
20250116,100001,283.46,50,12049080395,S
20250116,100001,283.45,30,12049080396,S
20250116,100001,283.45,30,12049080397,S
20250116,100001,283.44,600,12049080398,S
20250116,100001,283.43,290,12049080399,S
20250116,100001,283.5,10,12049080429,B
20250116,100001,283.51,40,12049080430,B
20250116,100001,283.48,20,12049080506,S
20250116,100001,283.44,20,12049080569,S
20250116,100001,283.44,80,12049080570,S
20250116,100001,283.45,10,12049080595,S
20250116,100001,283.48,10,12049080602,B
20250116,100001,283.48,320,12049080610,B
20250116,100001,283.48,600,12049080611,B
20250116,100001,283.49,80,12049080612,B
20250116,100001,283.45,10,12049080613,S
20250116,100001,283.44,10,12049080623,S
20250116,100001,283.43,10,12049080728,S
20250116,100001,283.46,600,12049080731,B
20250116,100001,283.46,640,12049080732,B
20250116,100001,283.47,330,12049080733,B
20250116,100001,283.48,330,12049080734,B
20250116,100001,283.48,350,12049080735,B
20250116,100001,283.49,250,12049080736,B
20250116,100001,283.5,330,12049080737,B
20250116,100001,283.5,10,12049080738,B
20250116,100001,283.51,330,12049080739,B
20250116,100001,283.52,330,12049080740,B
20250116,100001,283.53,330,12049080741,B
20250116,100001,283.54,330,12049080742,B
20250116,100001,283.54,840,12049080743,B
20250116,100001,283.44,150,12049080783,S
20250116,100001,283.44,10,12049080806,S
20250116,100001,283.47,600,12049080832,B
20250116,100001,283.48,20,12049080833,B
20250116,100001,283.48,640,12049080834,B
20250116,100001,283.49,210,12049080835,B
20250116,100001,283.5,30,12049080836,B
20250116,100001,283.5,150,12049080846,B
20250116,100001,283.49,10,12049080857,B
20250116,100001,283.49,150,12049080859,B
20250116,100001,283.44,40,12049080874,S
20250116,100001,283.45,10,12049080909,S
20250116,100001,283.44,10,12049080927,S
20250116,100001,283.46,30,12049080967,B
20250116,100001,283.46,20,12049080977,B
20250116,100001,283.44,50,12049081027,S
20250116,100001,283.44,10,12049081035,S
20250116,100001,283.48,10,12049081047,S
20250116,100001,283.48,40,12049081080,S
20250116,100001,283.48,100,12049081086,S
20250116,100001,283.49,10,12049081092,B
20250116,100001,283.5,90,12049081093,B
20250116,100001,283.48,350,12049081094,S
20250116,100001,283.48,600,12049081095,S
20250116,100001,283.44,10,12049081096,S
20250116,100001,283.44,600,12049081097,S
20250116,100001,283.43,3440,12049081098,S
20250116,100001,283.43,700,12049081133,S
20250116,100001,283.43,560,12049081198,S
20250116,100001,283.41,200,12049081199,S
20250116,100001,283.35,40,12049081200,S
20250116,100001,283.35,10,12049081206,S
20250116,100001,283.35,280,12049081232,S
20250116,100001,283.35,220,12049081233,S
20250116,100001,283.43,600,12049081238,B
20250116,100001,283.43,100,12049081239,B
20250116,100001,283.46,100,12049081240,B
20250116,100001,283.48,360,12049081241,B
20250116,100001,283.49,330,12049081242,B
20250116,100001,283.49,640,12049081243,B
20250116,100001,283.5,330,12049081244,B
20250116,100001,283.5,300,12049081245,B
20250116,100001,283.5,770,12049081246,B
20250116,100001,283.5,480,12049081247,B
20250116,100001,283.51,330,12049081248,B
20250116,100001,283.52,330,12049081249,B
20250116,100001,283.52,770,12049081250,B
20250116,100001,283.53,330,12049081251,B
20250116,100001,283.54,330,12049081252,B
20250116,100001,283.55,330,12049081253,B
20250116,100001,283.55,520,12049081254,B
20250116,100001,283.56,300,12049081255,B
20250116,100001,283.38,600,12049081273,S
20250116,100001,283.38,200,12049081274,S
20250116,100001,283.43,100,12049081294,B
20250116,100001,283.43,170,12049081295,B
20250116,100001,283.38,320,12049081316,S
20250116,100001,283.38,330,12049081317,S
20250116,100001,283.37,330,12049081318,S
20250116,100001,283.36,330,12049081319,S
20250116,100001,283.36,10,12049081320,S
20250116,100001,283.35,180,12049081321,S
20250116,100001,283.5,600,12049081333,B
20250116,100001,283.5,1310,12049081334,B
20250116,100001,283.51,3000,12049081335,B
20250116,100001,283.51,330,12049081336,B
20250116,100001,283.52,330,12049081337,B
20250116,100001,283.52,160,12049081338,B
20250116,100001,283.53,330,12049081339,B
20250116,100001,283.54,330,12049081340,B
20250116,100001,283.55,330,12049081341,B
20250116,100001,283.55,340,12049081342,B
20250116,100001,283.47,10,12049081386,B
20250116,100001,283.47,20,12049081391,B
20250116,100001,283.43,30,12049081427,S
20250116,100001,283.42,30,12049081428,S
20250116,100001,283.4,240,12049081429,S
20250116,100002,283.5,300,12049081492,B
20250116,100002,283.4,100,12049081493,S
20250116,100002,283.41,20,12049081510,S
20250116,100002,283.4,80,12049081511,S
20250116,100002,283.41,200,12049081533,S
20250116,100002,283.41,60,12049081538,S
20250116,100002,283.42,250,12049081547,S
20250116,100002,283.42,10,12049081701,S
20250116,100002,283.42,20,12049081728,S
20250116,100002,283.45,10,12049081783,S
20250116,100002,283.46,50,12049081812,B
20250116,100002,283.53,450,12049081813,B
20250116,100002,283.53,640,12049081824,B
20250116,100002,283.54,330,12049081825,B
20250116,100002,283.55,330,12049081826,B
20250116,100002,283.56,330,12049081827,B
20250116,100002,283.56,770,12049081828,B
20250116,100002,283.45,20,12049081830,S
20250116,100002,283.47,600,12049081863,S
20250116,100002,283.46,360,12049081864,S
20250116,100002,283.44,970,12049081865,S
20250116,100002,283.41,330,12049081866,S
20250116,100002,283.4,330,12049081867,S
20250116,100002,283.39,330,12049081868,S
20250116,100002,283.39,1920,12049081869,S
20250116,100002,283.38,330,12049081870,S
20250116,100002,283.38,20,12049081871,S
20250116,100002,283.38,520,12049081872,S
20250116,100002,283.37,330,12049081873,S
20250116,100002,283.36,160,12049081874,S
20250116,100002,283.36,20,12049081875,S
20250116,100002,283.51,500,12049081945,B
20250116,100002,283.39,10,12049082100,S
20250116,100002,283.51,310,12049082124,B
20250116,100002,283.51,100,12049082125,B
20250116,100002,283.53,210,12049082126,B
20250116,100002,283.45,10,12049082177,S
20250116,100002,283.43,100,12049082256,S
20250116,100002,283.45,40,12049082313,S
20250116,100002,283.43,40,12049082369,S
20250116,100002,283.42,10,12049082370,S
20250116,100002,283.54,160,12049082388,B
20250116,100002,283.45,10,12049082392,S
20250116,100002,283.47,30,12049082411,S
20250116,100002,283.54,30,12049082422,B
20250116,100002,283.53,10,12049082552,B
20250116,100002,283.44,10,12049082556,S
20250116,100002,283.46,30,12049082671,S
20250116,100002,283.43,20,12049082672,S
20250116,100003,283.52,40,12049082795,B
20250116,100003,283.49,260,12049082813,S
20250116,100003,283.45,40,12049082814,S
20250116,100003,283.44,40,12049082815,S
20250116,100003,283.45,20,12049082816,S
20250116,100003,283.52,600,12049082832,B
20250116,100003,283.53,90,12049082833,B
20250116,100003,283.56,330,12049082834,B
20250116,100003,283.57,330,12049082835,B
20250116,100003,283.57,520,12049082836,B
20250116,100003,283.58,130,12049082837,B
20250116,100003,283.47,30,12049082867,S
20250116,100003,283.47,170,12049082868,S
20250116,100003,283.46,600,12049082956,S
20250116,100003,283.46,360,12049082957,S
20250116,100003,283.45,1040,12049082958,S
20250116,100003,283.45,500,12049082959,S
20250116,100003,283.44,10,12049082976,S
20250116,100003,283.53,100,12049082990,B
20250116,100003,283.44,10,12049082994,S
20250116,100003,283.49,10,12049083040,S
20250116,100003,283.4,10,12049083062,S
20250116,100003,283.43,60,12049083140,B
20250116,100003,283.4,10,12049083180,S
20250116,100003,283.45,600,12049083210,B
20250116,100003,283.46,90,12049083211,B
20250116,100003,283.5,600,12049083212,B
20250116,100003,283.51,2830,12049083213,B
20250116,100003,283.52,330,12049083214,B
20250116,100003,283.53,330,12049083215,B
20250116,100003,283.54,220,12049083216,B
20250116,100003,283.54,40,12049083277,B
20250116,100004,283.51,20,12049083414,S
20250116,100004,283.56,200,12049083435,B
20250116,100004,283.54,600,12049083878,B
20250116,100004,283.55,200,12049083879,B
20250116,100004,283.56,330,12049083880,B
20250116,100004,283.57,330,12049083881,B
20250116,100004,283.58,330,12049083882,B
20250116,100004,283.58,600,12049083883,B
20250116,100004,283.58,470,12049083884,B
20250116,100004,283.59,330,12049083885,B
20250116,100004,283.59,2000,12049083886,B
20250116,100004,283.6,100,12049083887,B
20250116,100004,283.6,330,12049083888,B
20250116,100004,283.61,580,12049083889,B
20250116,100004,283.61,330,12049083890,B
20250116,100004,283.61,520,12049083891,B
20250116,100004,283.62,330,12049083892,B
20250116,100004,283.63,330,12049083893,B
20250116,100004,283.64,330,12049083894,B
20250116,100004,283.65,500,12049083895,B
20250116,100004,283.65,330,12049083896,B
20250116,100004,283.66,10,12049083897,B
20250116,100004,283.67,100,12049083898,B
20250116,100004,283.68,400,12049083899,B
20250116,100004,283.68,10,12049083900,B
20250116,100004,283.69,1260,12049083901,B
20250116,100004,283.7,10,12049083902,B
20250116,100004,283.7,2000,12049083903,B
20250116,100004,283.7,2000,12049083904,B
20250116,100004,283.7,2000,12049083905,B
20250116,100004,283.7,2000,12049083906,B
20250116,100004,283.71,10,12049083907,B
20250116,100004,283.71,10,12049083908,B
20250116,100004,283.71,10,12049083909,B
20250116,100004,283.71,10,12049083910,B
20250116,100004,283.71,300,12049083911,B
20250116,100004,283.71,10,12049083912,B
20250116,100004,283.71,10,12049083913,B
20250116,100004,283.71,200,12049083914,B
20250116,100004,283.71,30,12049083915,B
20250116,100004,283.72,400,12049083916,B
20250116,100004,283.73,500,12049083917,B
20250116,100004,283.74,150,12049083918,B
20250116,100004,283.64,10,12049083969,B
20250116,100004,283.68,200,12049083971,B
20250116,100004,283.66,10,12049084152,B
20250116,100004,283.74,10,12049084433,B
20250116,100005,283.68,710,12049084520,S
20250116,100005,283.71,1200,12049084553,B
20250116,100005,283.71,10,12049084592,B
20250116,100005,283.64,90,12049084647,S
20250116,100005,283.73,10,12049084648,B
20250116,100005,283.73,10,12049084649,B
20250116,100005,283.73,10,12049084650,B
20250116,100005,283.63,1000,12049085011,S
20250116,100005,283.61,100,12049085012,S
20250116,100005,283.59,300,12049085013,S
20250116,100005,283.64,1000,12049085115,B
20250116,100005,283.64,800,12049085116,B
20250116,100005,283.7,100,12049085119,B
20250116,100005,283.71,2000,12049085120,B
20250116,100005,283.71,2000,12049085121,B
20250116,100005,283.75,10,12049085122,B
20250116,100005,283.75,20,12049085123,B
20250116,100005,283.75,360,12049085124,B
20250116,100005,283.75,2000,12049085125,B
20250116,100005,283.75,2000,12049085126,B
20250116,100005,283.75,600,12049085127,B
20250116,100005,283.76,910,12049085128,B
20250116,100005,283.75,300,12049085151,B
20250116,100005,283.7,100,12049085189,S
20250116,100005,283.68,200,12049085237,S
20250116,100005,283.72,150,12049085482,B
20250116,100005,283.69,10,12049085489,S
20250116,100005,283.72,10,12049085491,B
20250116,100005,283.72,10,12049085492,B
20250116,100006,283.7,100,12049085702,S
20250116,100006,283.71,10,12049085982,B
20250116,100006,283.72,10,12049085983,B
20250116,100006,283.72,10,12049085987,B
20250116,100006,283.72,10,12049085990,B
20250116,100006,283.72,10,12049085991,B
20250116,100006,283.72,10,12049085994,B
20250116,100006,283.72,10,12049085996,B
20250116,100006,283.72,10,12049085997,B
20250116,100006,283.72,10,12049086000,B
20250116,100006,283.72,50,12049086001,B
20250116,100006,283.72,10,12049086003,B
20250116,100006,283.7,10,12049086004,S
20250116,100006,283.72,10,12049086005,B
20250116,100006,283.7,100,12049086010,S
20250116,100006,283.7,60,12049086013,S
20250116,100006,283.72,1680,12049086260,B
20250116,100006,283.72,2000,12049086261,B
20250116,100006,283.72,2000,12049086262,B
20250116,100006,283.72,2000,12049086263,B
20250116,100006,283.72,2000,12049086264,B
20250116,100006,283.72,30,12049086265,B
20250116,100006,283.73,2000,12049086266,B
20250116,100006,283.75,13290,12049086267,B
20250116,100006,283.73,10,12049086319,S
20250116,100006,283.74,200,12049086321,B
20250116,100006,283.74,20,12049086516,B
20250116,100006,283.74,20,12049086518,B
20250116,100006,283.74,10,12049086519,B
20250116,100006,283.73,50,12049086521,S
20250116,100006,283.74,10,12049086525,B
20250116,100006,283.74,10,12049086749,B
20250116,100006,283.74,10,12049086751,B
20250116,100006,283.74,350,12049086754,B
20250116,100006,283.74,1370,12049086925,B
20250116,100006,283.74,220,12049086926,B
20250116,100006,283.74,520,12049086961,B
20250116,100006,283.75,680,12049086962,B
20250116,100007,283.73,10,12049087375,S
20250116,100007,283.75,10,12049087401,B
20250116,100007,283.75,10,12049087410,B
20250116,100007,283.75,40,12049087463,B
20250116,100007,283.75,10,12049087474,B
20250116,100007,283.73,10,12049087491,S
20250116,100007,283.74,10,12049088364,B
20250116,100007,283.75,1950,12049088375,B
20250116,100007,283.75,200,12049088379,B
20250116,100007,283.75,10,12049088390,B
20250116,100007,283.75,10,12049088401,B
20250116,100007,283.75,10,12049088404,B
20250116,100007,283.75,10,12049088414,B
20250116,100007,283.75,500,12049088427,B
20250116,100007,283.75,120,12049088463,B
20250116,100007,283.75,10,12049088466,B
20250116,100007,283.75,20,12049088473,B
20250116,100007,283.73,10,12049088684,S
20250116,100007,283.75,10,12049088693,B
20250116,100007,283.73,30,12049088694,S
20250116,100007,283.73,20,12049088716,S
20250116,100007,283.75,10,12049088722,B
20250116,100007,283.75,10,12049088726,B
20250116,100007,283.75,10,12049088733,B
20250116,100007,283.73,100,12049088736,S
20250116,100007,283.73,10,12049088748,S
20250116,100007,283.75,10,12049088759,B
20250116,100007,283.73,10,12049088763,S
20250116,100007,283.75,100,12049088772,B
20250116,100007,283.75,10,12049088777,B
20250116,100007,283.75,130,12049088779,B
20250116,100007,283.73,30,12049088788,S
20250116,100007,283.75,10,12049089015,B
20250116,100007,283.73,10,12049089019,S
20250116,100007,283.75,10,12049089021,B
20250116,100007,283.75,20,12049089023,B
20250116,100007,283.75,10,12049089024,B
20250116,100007,283.75,10,12049089027,B
20250116,100007,283.73,10,12049089279,S
20250116,100007,283.75,100,12049089282,B
20250116,100007,283.75,40,12049089291,B
20250116,100007,283.73,100,12049089293,S
20250116,100007,283.75,10,12049089297,B
20250116,100007,283.75,30,12049089317,B
20250116,100007,283.75,40,12049089323,B
20250116,100007,283.74,10,12049089512,S
20250116,100007,283.75,20,12049089513,B
20250116,100007,283.75,10,12049089634,B
20250116,100007,283.75,10,12049089637,B
20250116,100008,283.74,10,12049089656,S
20250116,100008,283.74,70,12049089660,S
20250116,100008,283.74,10,12049089663,S
20250116,100008,283.74,10,12049089919,S
20250116,100008,283.75,250,12049089920,B
20250116,100008,283.75,10,12049089921,B
20250116,100008,283.75,10,12049089923,B
20250116,100008,283.75,10,12049090265,B
20250116,100008,283.74,220,12049090268,S
20250116,100008,283.74,600,12049090269,S
20250116,100008,283.73,130,12049090270,S
20250116,100008,283.73,330,12049090271,S
20250116,100008,283.72,200,12049090272,S
20250116,100008,283.72,760,12049090273,S
20250116,100008,283.72,330,12049090274,S
20250116,100008,283.71,290,12049090275,S
20250116,100008,283.75,10,12049090278,B
20250116,100008,283.75,10,12049090279,B
20250116,100008,283.71,10,12049090282,S
20250116,100008,283.72,600,12049090357,S
20250116,100008,283.72,330,12049090358,S
20250116,100008,283.72,120,12049090359,S
20250116,100008,283.73,100,12049090409,S
20250116,100008,283.75,50,12049090416,B
20250116,100008,283.75,40,12049090467,B
20250116,100008,283.75,10,12049090520,B
20250116,100008,283.75,10,12049090524,B
20250116,100008,283.73,10,12049090527,S
20250116,100008,283.75,1000,12049090529,B
20250116,100008,283.75,10,12049090535,B
20250116,100008,283.73,250,12049090623,S
20250116,100008,283.73,200,12049090907,S
20250116,100008,283.74,10,12049090975,B
20250116,100008,283.73,60,12049090976,S
20250116,100008,283.73,10,12049090977,S
20250116,100008,283.75,290,12049090978,B
20250116,100008,283.76,10,12049090979,B
20250116,100008,283.77,2940,12049090980,B
20250116,100008,283.77,630,12049090981,B
20250116,100008,283.77,290,12049090982,B
20250116,100008,283.77,70,12049090983,B
20250116,100008,283.77,800,12049090984,B
20250116,100008,283.77,10,12049090985,B
20250116,100008,283.77,250,12049090986,B
20250116,100008,283.76,600,12049090994,S
20250116,100008,283.76,2000,12049090995,S
20250116,100008,283.76,100,12049091015,S
20250116,100009,283.76,970,12049091159,S
20250116,100009,283.76,600,12049091160,S
20250116,100009,283.76,330,12049091161,S
20250116,100009,283.75,320,12049091162,S
20250116,100009,283.77,10,12049091501,B
20250116,100009,283.79,20,12049091512,B
20250116,100009,283.77,20,12049091608,B
20250116,100009,283.74,40,12049091609,S
20250116,100010,283.75,10,12049091696,S
20250116,100010,283.74,20,12049091789,S
20250116,100010,283.76,10,12049091868,B
20250116,100010,283.76,10,12049092020,B
20250116,100010,283.77,130,12049092021,B
20250116,100010,283.77,50,12049092323,B
20250116,100010,283.78,70,12049092324,B
20250116,100010,283.79,80,12049092325,B
20250116,100010,283.79,100,12049092326,B
20250116,100010,283.79,100,12049092327,B
20250116,100010,283.79,100,12049092328,B
20250116,100010,283.79,10,12049092331,B
20250116,100010,283.79,10,12049092332,B
20250116,100010,283.74,10,12049092333,S
20250116,100010,283.79,10,12049092334,B
20250116,100010,283.79,70,12049092336,B
20250116,100010,283.79,100,12049092337,B
20250116,100010,283.79,40,12049092338,B
20250116,100010,283.76,40,12049092563,B
20250116,100010,283.76,10,12049092565,B
20250116,100010,283.76,10,12049092566,B
20250116,100010,283.73,40,12049092573,S
20250116,100010,283.73,50,12049092575,S
20250116,100010,283.76,540,12049092576,B
20250116,100010,283.79,60,12049092577,B
20250116,100010,283.79,100,12049092578,B
20250116,100010,283.79,100,12049092579,B
20250116,100010,283.79,100,12049092580,B
20250116,100010,283.79,100,12049092581,B
20250116,100010,283.8,110,12049092582,B
20250116,100010,283.82,20,12049092583,B
20250116,100010,283.82,40,12049092584,B
20250116,100010,283.83,10,12049092585,B
20250116,100010,283.84,820,12049092586,B
20250116,100010,283.82,20,12049093068,B
20250116,100010,283.75,20,12049093118,S
20250116,100011,283.75,10,12049093228,S
20250116,100011,283.82,310,12049093288,B
20250116,100011,283.82,10,12049093308,B
20250116,100011,283.82,10,12049093311,B
20250116,100011,283.75,10,12049093312,S
20250116,100011,283.75,30,12049093313,S
20250116,100011,283.82,10,12049093314,B
20250116,100011,283.75,10,12049093414,S
20250116,100011,283.71,30,12049093567,S
20250116,100011,283.7,250,12049093568,S
20250116,100011,283.71,100,12049093571,S
20250116,100011,283.71,10,12049093673,B
20250116,100011,283.69,550,12049093701,S
20250116,100011,283.7,10,12049093763,B
20250116,100012,283.69,10,12049093829,S
20250116,100012,283.7,20,12049093945,B
20250116,100012,283.69,1000,12049093962,S
20250116,100012,283.7,200,12049093976,B
20250116,100012,283.69,30,12049094018,S
20250116,100012,283.69,10,12049094108,S
20250116,100012,283.7,780,12049094194,B
20250116,100012,283.7,10,12049094195,B
20250116,100012,283.7,710,12049094196,B
20250116,100012,283.69,900,12049094204,S
20250116,100012,283.69,100,12049094207,S
20250116,100013,283.7,100,12049094346,B
20250116,100013,283.69,130,12049094518,S
20250116,100013,283.69,2000,12049094526,S
20250116,100013,283.69,810,12049094527,S
20250116,100013,283.69,180,12049094528,S
20250116,100013,283.69,60,12049094529,S
20250116,100013,283.69,70,12049094530,S
20250116,100013,283.69,40,12049094531,S
20250116,100013,283.65,500,12049094537,B
20250116,100013,283.64,160,12049094561,S
20250116,100013,283.64,20,12049094571,S
20250116,100013,283.64,20,12049094573,S
20250116,100013,283.65,20,12049094641,B
20250116,100013,283.65,80,12049094659,B
20250116,100013,283.65,130,12049094660,B
20250116,100013,283.65,40,12049094670,B
20250116,100013,283.64,130,12049094706,S
20250116,100013,283.64,400,12049094707,S
20250116,100013,283.63,600,12049094708,S
20250116,100013,283.63,600,12049094709,S
20250116,100013,283.63,330,12049094710,S
20250116,100013,283.62,330,12049094711,S
20250116,100013,283.61,330,12049094712,S
20250116,100013,283.6,330,12049094713,S
20250116,100013,283.59,330,12049094714,S
20250116,100013,283.58,330,12049094715,S
20250116,100013,283.57,330,12049094716,S
20250116,100013,283.56,20,12049094717,S
20250116,100013,283.56,330,12049094718,S
20250116,100013,283.55,330,12049094719,S
20250116,100013,283.52,480,12049094720,S
20250116,100013,283.64,200,12049094729,B
20250116,100013,283.63,50,12049094741,B
20250116,100013,283.58,100,12049094794,S
20250116,100013,283.6,20,12049094806,B
20250116,100013,283.6,300,12049094807,B
20250116,100014,283.58,230,12049094890,S
20250116,100014,283.58,270,12049094891,S
20250116,100014,283.59,10,12049094894,B
20250116,100014,283.59,590,12049094895,B
20250116,100014,283.58,1180,12049094897,B
20250116,100014,283.59,1820,12049094898,B
20250116,100014,283.59,1100,12049094899,B
20250116,100014,283.59,10,12049094904,B
20250116,100014,283.59,590,12049094905,B
20250116,100014,283.55,10,12049094909,S
20250116,100014,283.56,10,12049094923,B
20250116,100014,283.57,130,12049094939,B
20250116,100014,283.6,90,12049094974,B
20250116,100014,283.56,100,12049095041,S
20250116,100014,283.56,200,12049095042,S
20250116,100015,283.51,330,12049095076,S
20250116,100015,283.5,20,12049095077,S
20250116,100015,283.55,150,12049095233,B
20250116,100015,283.55,50,12049095239,B
20250116,100015,283.51,100,12049095246,S
20250116,100015,283.55,1000,12049095259,B
20250116,100015,283.51,230,12049095261,S
20250116,100015,283.5,70,12049095262,S
20250116,100015,283.55,500,12049095264,B
20250116,100015,283.55,800,12049095276,B
20250116,100015,283.52,10,12049095341,S
20250116,100015,283.53,10,12049095342,B
20250116,100015,283.53,890,12049095343,B
20250116,100016,283.53,10,12049095434,B
20250116,100016,283.52,10,12049095442,S
20250116,100016,283.53,1400,12049095489,B
20250116,100016,283.53,10,12049095490,B
20250116,100016,283.52,380,12049095524,S
20250116,100016,283.52,330,12049095525,S
20250116,100016,283.51,330,12049095526,S
20250116,100016,283.5,460,12049095527,S
20250116,100016,283.51,30,12049095528,S
20250116,100016,283.51,300,12049095529,S
20250116,100016,283.5,10,12049095563,S
20250116,100016,283.5,100,12049095571,S
20250116,100016,283.5,120,12049095572,S
20250116,100016,283.49,30,12049095576,B
20250116,100016,283.49,300,12049095675,B
20250116,100016,283.48,10,12049095691,S
20250116,100016,283.49,10,12049095744,B
20250116,100016,283.51,190,12049095745,B
20250116,100017,283.51,340,12049095778,B
20250116,100017,283.48,20,12049095794,S
20250116,100017,283.48,10,12049095802,S
20250116,100017,283.48,10,12049095913,S
20250116,100017,283.48,40,12049095914,S
20250116,100017,283.49,300,12049095915,B
20250116,100017,283.48,10,12049095924,S
20250116,100017,283.48,10,12049095925,S
20250116,100017,283.49,600,12049095926,B
20250116,100017,283.5,80,12049095992,B
20250116,100017,283.48,220,12049096000,S
20250116,100017,283.48,200,12049096001,S
20250116,100017,283.47,2000,12049096002,S
20250116,100017,283.47,330,12049096003,S
20250116,100017,283.46,330,12049096004,S
20250116,100017,283.45,330,12049096005,S
20250116,100017,283.44,10,12049096006,S
20250116,100017,283.44,330,12049096007,S
20250116,100017,283.43,330,12049096008,S
20250116,100017,283.42,330,12049096009,S
20250116,100017,283.41,330,12049096010,S
20250116,100017,283.41,600,12049096011,S
20250116,100017,283.4,2000,12049096012,S
20250116,100017,283.4,500,12049096013,S
20250116,100017,283.4,330,12049096014,S
20250116,100017,283.39,330,12049096015,S
20250116,100017,283.36,1190,12049096016,S
20250116,100017,283.35,600,12049096017,S
20250116,100017,283.34,3200,12049096018,S
20250116,100017,283.34,2480,12049096019,S
20250116,100017,283.33,2000,12049096020,S
20250116,100017,283.32,520,12049096021,S
20250116,100017,283.32,1510,12049096022,S
20250116,100017,283.48,600,12049096023,B
20250116,100017,283.47,100,12049096036,B
20250116,100017,283.42,200,12049096047,B
20250116,100017,283.38,300,12049096164,B
20250116,100017,283.37,800,12049096302,B
20250116,100018,283.34,200,12049096343,S
20250116,100018,283.39,10,12049096389,B
20250116,100018,283.37,10,12049096583,S
20250116,100018,283.37,3000,12049096591,B
20250116,100018,283.38,20,12049096592,B
20250116,100018,283.38,1500,12049096593,B
20250116,100018,283.4,20,12049096594,B
20250116,100018,283.42,520,12049096595,B
20250116,100018,283.42,600,12049096596,B
20250116,100018,283.43,3000,12049096597,B
20250116,100018,283.43,2000,12049096598,B
20250116,100018,283.45,600,12049096599,B
20250116,100018,283.46,640,12049096600,B
20250116,100018,283.46,3000,12049096601,B
20250116,100018,283.46,360,12049096602,B
20250116,100018,283.47,2000,12049096603,B
20250116,100018,283.48,1000,12049096604,B
20250116,100018,283.5,420,12049096605,B
20250116,100018,283.5,330,12049096606,B
20250116,100018,283.51,330,12049096607,B
20250116,100018,283.52,330,12049096608,B
20250116,100018,283.52,250,12049096609,B
20250116,100018,283.53,80,12049096610,B
20250116,100018,283.37,330,12049096611,B
20250116,100018,283.37,400,12049096613,B
20250116,100019,283.39,350,12049096686,S
20250116,100019,283.39,250,12049096876,S
20250116,100019,283.38,330,12049096877,S
20250116,100019,283.37,330,12049096878,S
20250116,100019,283.36,330,12049096879,S
20250116,100019,283.36,100,12049096880,S
20250116,100019,283.35,330,12049096881,S
20250116,100019,283.34,100,12049096882,S
20250116,100019,283.34,330,12049096883,S
20250116,100019,283.33,330,12049096884,S
20250116,100019,283.32,330,12049096885,S
20250116,100019,283.31,330,12049096886,S
20250116,100019,283.3,330,12049096887,S
20250116,100019,283.29,330,12049096888,S
20250116,100019,283.27,600,12049096889,S
20250116,100019,283.26,650,12049096890,S
20250116,100019,283.4,600,12049097009,S
20250116,100019,283.39,200,12049097010,S
20250116,100019,283.35,10,12049097011,S
20250116,100019,283.33,330,12049097012,S
20250116,100019,283.32,330,12049097013,S
20250116,100019,283.31,330,12049097014,S
20250116,100019,283.3,330,12049097015,S
20250116,100019,283.29,330,12049097016,S
20250116,100019,283.28,330,12049097017,S
20250116,100019,283.27,330,12049097018,S
20250116,100019,283.27,520,12049097019,S
20250116,100019,283.27,600,12049097020,S
20250116,100019,283.26,760,12049097021,S
20250116,100020,283.39,90,12049097043,B
20250116,100020,283.39,360,12049097044,B
20250116,100020,283.29,100,12049097078,S
20250116,100020,283.36,1100,12049097079,B
20250116,100020,283.32,2000,12049097287,S
20250116,100020,283.29,330,12049097288,S
20250116,100020,283.28,330,12049097289,S
20250116,100020,283.27,330,12049097290,S
20250116,100020,283.27,600,12049097291,S
20250116,100020,283.26,6410,12049097292,S
20250116,100021,283.33,10,12049097380,S
20250116,100021,283.32,10,12049097381,S
20250116,100021,283.32,50,12049097416,S
20250116,100021,283.34,10,12049097490,B
20250116,100021,283.34,590,12049097491,B
20250116,100021,283.35,30,12049097635,B
20250116,100021,283.35,40,12049097664,B
20250116,100022,283.28,600,12049097841,S
20250116,100022,283.27,100,12049097842,S
20250116,100022,283.26,1180,12049097843,S
20250116,100022,283.24,330,12049097844,S
20250116,100022,283.23,150,12049097845,S
20250116,100022,283.23,330,12049097846,S
20250116,100022,283.22,330,12049097847,S
20250116,100022,283.21,330,12049097848,S
20250116,100022,283.2,190,12049097849,S
20250116,100022,283.2,50,12049097850,S
20250116,100022,283.2,330,12049097851,S
20250116,100022,283.19,330,12049097852,S
20250116,100022,283.18,330,12049097853,S
20250116,100022,283.17,330,12049097854,S
20250116,100022,283.17,2000,12049097855,S
20250116,100022,283.17,490,12049097856,S
20250116,100022,283.25,10,12049097868,S
20250116,100022,283.42,330,12049097999,B
20250116,100022,283.43,330,12049098005,B
20250116,100022,283.43,400,12049098006,B
20250116,100022,283.43,1060,12049098007,B
20250116,100022,283.42,30,12049098011,S
20250116,100022,283.42,120,12049098020,S
20250116,100022,283.43,230,12049098159,B
20250116,100023,283.43,100,12049098263,B
20250116,100023,283.42,350,12049098511,S
20250116,100023,283.42,10,12049098512,S
20250116,100023,283.37,30,12049098513,S
20250116,100023,283.36,30,12049098514,S
20250116,100023,283.35,520,12049098515,S
20250116,100023,283.34,60,12049098516,S
20250116,100023,283.37,10,12049098517,S
20250116,100023,283.43,330,12049098573,B
20250116,100023,283.44,1670,12049098574,B
20250116,100023,283.43,330,12049098590,B
20250116,100023,283.43,330,12049098591,B
20250116,100023,283.44,380,12049098592,B
20250116,100024,283.44,200,12049098738,B
20250116,100024,283.44,20,12049098739,B
20250116,100024,283.45,600,12049098740,S
20250116,100024,283.44,2100,12049098741,S
20250116,100024,283.45,330,12049098742,S
20250116,100024,283.44,60,12049098794,S
20250116,100024,283.42,770,12049098795,S
20250116,100024,283.41,170,12049098796,S
20250116,100024,283.38,3000,12049098808,S
20250116,100024,283.37,1040,12049098809,S
20250116,100024,283.34,960,12049098810,S
20250116,100024,283.43,10,12049098888,B
20250116,100024,283.33,600,12049098998,S
20250116,100024,283.33,10,12049098999,S
20250116,100024,283.33,50,12049099000,S
20250116,100024,283.31,20,12049099055,S
20250116,100024,283.42,600,12049099083,B
20250116,100024,283.42,330,12049099084,B
20250116,100024,283.43,70,12049099085,B
20250116,100025,283.41,10,12049099176,S
20250116,100025,283.49,10,12049099486,B
20250116,100025,283.49,180,12049099499,B
20250116,100025,283.49,70,12049099540,B
20250116,100025,283.49,40,12049099541,B
20250116,100025,283.49,30,12049099614,B
20250116,100025,283.5,10,12049099615,B
20250116,100025,283.49,280,12049099643,B
20250116,100025,283.49,50,12049099648,B
20250116,100025,283.49,100,12049099657,S
20250116,100026,283.5,440,12049099806,B
20250116,100026,283.5,20,12049099871,B
20250116,100026,283.5,10,12049099897,B
20250116,100026,283.5,10,12049099904,B
20250116,100026,283.49,100,12049100017,S
20250116,100026,283.5,220,12049100082,B
20250116,100026,283.52,10,12049100083,B
20250116,100026,283.52,330,12049100084,B
20250116,100026,283.53,50,12049100085,B
20250116,100026,283.53,10,12049100133,B
20250116,100026,283.54,600,12049100136,B
20250116,100027,283.54,600,12049100146,B
20250116,100027,283.54,500,12049100291,B
20250116,100027,283.54,800,12049100310,B
20250116,100027,283.55,250,12049100311,B
20250116,100027,283.54,500,12049100351,S
20250116,100027,283.54,250,12049100443,S
20250116,100027,283.54,90,12049100444,S
20250116,100028,283.54,60,12049100467,S
20250116,100028,283.53,40,12049100468,S
20250116,100028,283.55,80,12049100593,B
20250116,100028,283.55,20,12049100594,B
20250116,100028,283.54,1000,12049100608,S
20250116,100028,283.51,520,12049100609,S
20250116,100028,283.5,3000,12049100610,S
20250116,100028,283.5,360,12049100611,S
20250116,100028,283.5,120,12049100612,S
20250116,100028,283.54,50,12049100629,B
20250116,100028,283.54,170,12049100654,B
20250116,100028,283.5,2880,12049100705,S
20250116,100028,283.49,100,12049100706,S
20250116,100028,283.49,2000,12049100707,S
20250116,100028,283.49,1700,12049100708,S
20250116,100028,283.52,600,12049100721,B
20250116,100028,283.52,330,12049100722,B
20250116,100028,283.53,330,12049100723,B
20250116,100028,283.53,40,12049100724,B
20250116,100028,283.54,10,12049100725,B
20250116,100028,283.54,330,12049100726,B
20250116,100028,283.55,330,12049100727,B
20250116,100028,283.55,30,12049100728,B
20250116,100028,283.56,870,12049100729,B
20250116,100028,283.56,330,12049100730,B
20250116,100028,283.57,330,12049100731,B
20250116,100028,283.58,90,12049100732,B
20250116,100028,283.55,80,12049100739,B
20250116,100029,283.53,600,12049101073,B
20250116,100029,283.53,250,12049101074,B
20250116,100029,283.53,210,12049101078,B
20250116,100030,283.52,1050,12049101300,S
20250116,100030,283.5,10,12049101326,S
20250116,100030,283.48,10,12049101327,S
20250116,100030,283.49,600,12049101339,B
20250116,100030,283.49,400,12049101340,B
20250116,100030,283.49,10,12049101417,B
20250116,100030,283.49,590,12049101476,B
20250116,100030,283.5,2910,12049101477,B
20250116,100030,283.49,600,12049101533,B
20250116,100030,283.5,3500,12049101534,B
20250116,100031,283.53,960,12049101756,B
20250116,100031,283.54,400,12049101757,B
20250116,100031,283.55,330,12049101758,B
20250116,100031,283.56,330,12049101759,B
20250116,100031,283.56,600,12049101760,B
20250116,100031,283.57,330,12049101761,B
20250116,100031,283.57,7050,12049101762,B
20250116,100031,283.53,10,12049101787,S
20250116,100031,283.54,760,12049101905,S
20250116,100032,283.58,10,12049101999,B
20250116,100032,283.6,10,12049102000,B
20250116,100032,283.56,10,12049102057,S
20250116,100032,283.58,40,12049102153,S
20250116,100032,283.58,10,12049102193,S
20250116,100032,283.62,330,12049102228,B
20250116,100032,283.63,20,12049102229,B
20250116,100033,283.6,20,12049102331,S
20250116,100033,283.63,270,12049102349,B
20250116,100033,283.66,330,12049102350,B
20250116,100033,283.67,330,12049102351,B
20250116,100033,283.68,330,12049102352,B
20250116,100033,283.69,250,12049102353,B
20250116,100033,283.69,280,12049102354,B
20250116,100033,283.62,200,12049102542,S
20250116,100033,283.57,340,12049102575,S
20250116,100033,283.69,720,12049102632,B
20250116,100033,283.69,10,12049102633,B
20250116,100033,283.69,2000,12049102634,B
20250116,100033,283.69,330,12049102635,B
20250116,100033,283.7,100,12049102636,B
20250116,100033,283.7,1000,12049102637,B
20250116,100033,283.7,330,12049102638,B
20250116,100033,283.71,330,12049102639,B
20250116,100033,283.72,330,12049102640,B
20250116,100033,283.73,10,12049102641,B
20250116,100033,283.73,330,12049102642,B
20250116,100033,283.74,50,12049102643,B
20250116,100033,283.74,330,12049102644,B
20250116,100033,283.74,600,12049102645,B
20250116,100033,283.74,390,12049102646,S
20250116,100034,283.74,3140,12049102793,S
20250116,100034,283.74,600,12049102794,S
20250116,100034,283.68,360,12049102795,S
20250116,100034,283.67,600,12049102796,S
20250116,100034,283.66,300,12049102797,S
20250116,100034,283.69,500,12049102854,S
20250116,100034,283.69,10,12049102880,S
20250116,100034,283.72,30,12049102901,B
20250116,100034,283.75,50,12049102902,B
20250116,100034,283.67,10,12049102937,S
20250116,100034,283.67,30,12049102938,S
20250116,100035,283.7,20,12049103057,B
20250116,100035,283.75,150,12049103058,B
20250116,100035,283.75,200,12049103059,B
20250116,100035,283.75,50,12049103060,B
20250116,100035,283.76,310,12049103061,B
20250116,100035,283.69,600,12049103211,S
20250116,100035,283.68,250,12049103212,S
20250116,100036,283.73,30,12049103474,B
20250116,100036,283.72,10,12049103554,S
20250116,100036,283.73,250,12049103594,B
20250116,100036,283.73,70,12049103647,B
20250116,100036,283.76,10,12049103648,B
20250116,100036,283.77,50,12049103649,B
20250116,100036,283.79,10,12049103650,B
20250116,100036,283.8,10,12049103651,B
20250116,100036,283.82,330,12049103652,B
20250116,100036,283.83,10,12049103653,B
20250116,100036,283.83,10,12049103654,B
20250116,100037,283.84,40,12049103735,B
20250116,100037,283.8,100,12049103736,S
20250116,100037,283.84,290,12049103821,B
20250116,100037,283.85,10,12049103822,B
20250116,100037,283.84,330,12049103861,B
20250116,100037,283.84,100,12049103862,B
20250116,100037,283.85,10,12049103863,B
20250116,100037,283.85,130,12049103864,B
20250116,100037,283.85,330,12049103865,B
20250116,100037,283.86,200,12049103866,B
20250116,100037,283.86,330,12049103867,B
20250116,100037,283.87,100,12049103868,B
20250116,100037,283.87,10,12049103869,B
20250116,100037,283.87,150,12049103870,B
20250116,100037,283.87,110,12049103871,B
20250116,100037,283.84,10,12049103883,B
20250116,100037,283.84,320,12049103885,B
20250116,100037,283.84,160,12049103886,B
20250116,100037,283.85,520,12049103887,B
20250116,100037,283.85,330,12049103888,B
20250116,100037,283.86,330,12049103889,B
20250116,100037,283.87,220,12049103890,B
20250116,100037,283.88,80,12049103891,B
20250116,100037,283.88,330,12049103892,B
20250116,100037,283.89,330,12049103893,B
20250116,100037,283.9,50,12049103894,B
20250116,100037,283.9,1000,12049103895,B
20250116,100037,283.9,100,12049103896,B
20250116,100037,283.9,2000,12049103897,B
20250116,100037,283.9,330,12049103898,B
20250116,100037,283.91,330,12049103899,B
20250116,100037,283.92,10,12049103900,B
20250116,100037,283.92,150,12049103901,B
20250116,100037,283.92,350,12049103902,B
20250116,100037,283.92,330,12049103903,B
20250116,100037,283.92,600,12049103904,B
20250116,100037,283.93,10,12049103905,B
20250116,100037,283.93,20,12049103906,B
20250116,100037,283.93,330,12049103907,B
20250116,100037,283.93,3000,12049103908,B
20250116,100037,283.94,20,12049103909,B
20250116,100037,283.94,3000,12049103910,B
20250116,100037,283.94,2000,12049103911,B
20250116,100037,283.94,100,12049103913,S
20250116,100037,283.94,80,12049103914,S
20250116,100037,283.94,1800,12049103915,S
20250116,100037,283.94,1770,12049103916,S
20250116,100037,283.83,600,12049103928,S
20250116,100037,283.82,50,12049103936,S
20250116,100037,283.82,370,12049103986,S
20250116,100037,283.8,330,12049103987,S
20250116,100037,283.79,300,12049103988,S
20250116,100037,283.79,200,12049103990,S
20250116,100037,283.87,600,12049104062,B
20250116,100037,283.87,2160,12049104063,B
20250116,100037,283.9,2300,12049104064,B
20250116,100037,283.91,600,12049104065,B
20250116,100037,283.92,3200,12049104066,B
20250116,100037,283.93,330,12049104067,B
20250116,100037,283.93,2480,12049104068,B
20250116,100037,283.94,330,12049104069,B
20250116,100037,283.94,520,12049104070,B
20250116,100037,283.94,3000,12049104071,B
20250116,100037,283.95,500,12049104072,B
20250116,100037,283.95,10,12049104073,B
20250116,100037,283.95,250,12049104074,B
20250116,100037,283.95,1000,12049104075,B
20250116,100037,283.95,2000,12049104076,B
20250116,100037,283.95,500,12049104077,B
20250116,100037,283.95,330,12049104078,B
20250116,100037,283.96,30,12049104079,B
20250116,100037,283.96,330,12049104080,B
20250116,100037,283.97,330,12049104081,B
20250116,100037,283.97,3000,12049104082,B
20250116,100037,283.98,200,12049104083,B
20250116,100037,283.98,10,12049104084,B
20250116,100037,283.98,480,12049104085,B
20250116,100037,283.98,510,12049104086,B
20250116,100037,283.82,150,12049104089,S
20250116,100038,283.88,60,12049104131,B
20250116,100038,283.95,330,12049104132,B
20250116,100038,283.96,330,12049104133,B
20250116,100038,283.97,330,12049104134,B
20250116,100038,283.97,2950,12049104135,B
20250116,100038,283.87,200,12049104136,S
20250116,100038,283.91,10,12049104163,S
20250116,100038,283.95,10,12049104197,B
20250116,100038,283.97,190,12049104198,B
20250116,100038,283.95,30,12049104213,S
20250116,100038,283.93,100,12049104232,B
20250116,100038,283.85,100,12049104355,S
20250116,100038,283.86,20,12049104363,S
20250116,100038,283.85,10,12049104380,S
20250116,100038,283.84,10,12049104404,S
20250116,100038,283.9,10,12049104425,B
20250116,100038,283.9,10,12049104426,B
20250116,100039,283.88,100,12049104578,S
20250116,100039,283.85,600,12049104727,S
20250116,100039,283.84,20,12049104728,S
20250116,100039,283.83,380,12049104729,S
20250116,100039,283.83,200,12049104839,S
20250116,100040,283.88,10,12049105000,B
20250116,100040,283.88,40,12049105001,B
20250116,100041,283.84,10,12049105132,B
20250116,100041,283.8,10,12049105329,S
20250116,100042,283.8,40,12049105523,S
20250116,100042,283.81,200,12049105574,B
20250116,100042,283.81,30,12049105690,B
20250116,100043,283.8,950,12049105693,S
20250116,100043,283.77,10,12049105695,S
20250116,100043,283.65,330,12049105711,S
20250116,100043,283.64,170,12049105712,S
20250116,100043,283.69,110,12049105726,B
20250116,100043,283.62,330,12049105813,S
20250116,100043,283.62,170,12049105814,S
20250116,100043,283.61,100,12049105977,B
20250116,100044,283.59,200,12049106156,B
20250116,100044,283.56,210,12049106157,S
20250116,100044,283.58,10,12049106165,S
20250116,100044,283.58,10,12049106233,S
20250116,100044,283.58,100,12049106237,B
20250116,100044,283.58,100,12049106238,B
20250116,100044,283.58,200,12049106239,B
20250116,100044,283.56,10,12049106252,S
20250116,100044,283.59,100,12049106253,B
20250116,100044,283.56,110,12049106458,S
20250116,100044,283.55,20,12049106459,S
20250116,100044,283.56,10,12049106463,S
20250116,100045,283.58,10,12049106571,B
20250116,100045,283.59,300,12049106572,B
20250116,100045,283.61,1690,12049106573,B
20250116,100045,283.62,10,12049106649,B
20250116,100045,283.62,10,12049106650,B
20250116,100045,283.62,290,12049106651,B
20250116,100045,283.62,40,12049106698,B
20250116,100045,283.57,200,12049106726,S
20250116,100045,283.61,10,12049106790,B
20250116,100045,283.63,10,12049106791,B
20250116,100045,283.64,640,12049106792,B
20250116,100045,283.64,3000,12049106793,B
20250116,100045,283.64,360,12049106794,B
20250116,100045,283.64,3000,12049106795,B
20250116,100045,283.65,2980,12049106796,B
20250116,100046,283.62,500,12049106852,S
20250116,100046,283.62,3000,12049106917,B
20250116,100046,283.62,600,12049106918,B
20250116,100046,283.65,330,12049106919,B
20250116,100046,283.66,600,12049106920,B
20250116,100046,283.67,470,12049106921,B
20250116,100046,283.61,60,12049107221,B
20250116,100047,283.6,170,12049107229,S
20250116,100047,283.61,210,12049107306,B
20250116,100047,283.61,10,12049107381,B
20250116,100047,283.61,20,12049107455,B
20250116,100047,283.65,10,12049107456,B
20250116,100047,283.6,60,12049107557,S
20250116,100047,283.6,10,12049107594,S
20250116,100048,283.66,280,12049107734,B
20250116,100048,283.64,100,12049107830,B
20250116,100049,283.64,10,12049108115,B
20250116,100049,283.64,100,12049108264,B
20250116,100049,283.61,20,12049108298,S
20250116,100049,283.61,30,12049108299,S
20250116,100050,283.63,40,12049108344,B
20250116,100050,283.63,10,12049108415,B
20250116,100050,283.63,2950,12049108480,B
20250116,100050,283.64,50,12049108481,B
20250116,100050,283.64,330,12049108561,B
20250116,100050,283.64,10,12049108573,B
20250116,100050,283.64,10,12049108597,B
20250116,100050,283.64,10,12049108601,B
20250116,100052,283.63,120,12049109525,B
20250116,100052,283.63,100,12049109561,B
20250116,100052,283.62,10,12049109583,S
20250116,100052,283.63,20,12049109623,B
20250116,100052,283.63,50,12049109774,B
20250116,100052,283.63,70,12049109784,B
20250116,100053,283.62,290,12049109815,S
20250116,100053,283.6,310,12049109816,S
20250116,100053,283.61,30,12049110030,B
20250116,100053,283.61,550,12049110089,B
20250116,100053,283.61,590,12049110090,B
20250116,100053,283.62,160,12049110091,B
20250116,100053,283.63,1700,12049110092,B
20250116,100053,283.62,80,12049110177,B
20250116,100053,283.62,220,12049110178,B
20250116,100054,283.6,690,12049110208,S
20250116,100054,283.6,200,12049110209,S
20250116,100054,283.59,200,12049110210,S
20250116,100054,283.56,20,12049110211,S
20250116,100054,283.56,260,12049110212,S
20250116,100054,283.55,350,12049110370,S
20250116,100054,283.58,10,12049110470,B
20250116,100055,283.55,40,12049110537,S
20250116,100055,283.57,50,12049110608,B
20250116,100055,283.57,450,12049110609,B
20250116,100055,283.58,590,12049110686,B
20250116,100055,283.6,40,12049110687,B
20250116,100055,283.61,50,12049110688,B
20250116,100055,283.61,1110,12049110689,B
20250116,100055,283.58,100,12049110834,S
20250116,100055,283.58,100,12049110871,S
20250116,100055,283.58,170,12049111004,S
20250116,100056,283.56,600,12049111097,S
20250116,100056,283.55,200,12049111098,S
20250116,100056,283.6,100,12049111369,B
20250116,100056,283.62,20,12049111370,B
20250116,100056,283.63,10,12049111371,B
20250116,100056,283.63,220,12049111372,B
20250116,100056,283.57,600,12049111377,S
20250116,100056,283.57,330,12049111378,S
20250116,100056,283.56,330,12049111379,S
20250116,100056,283.55,740,12049111380,S
20250116,100057,283.56,600,12049111437,S
20250116,100057,283.56,330,12049111438,S
20250116,100057,283.55,650,12049111439,S
20250116,100057,283.55,170,12049111440,S
20250116,100057,283.55,250,12049111441,S
20250116,100057,283.56,40,12049111626,S
20250116,100057,283.59,10,12049111813,B
20250116,100058,283.56,10,12049111881,S
20250116,100058,283.58,400,12049111964,B
20250116,100058,283.56,280,12049112007,S
20250116,100058,283.55,720,12049112008,S
20250116,100058,283.56,330,12049112099,S
20250116,100058,283.55,220,12049112100,S
20250116,100059,283.56,330,12049112189,S
20250116,100059,283.55,370,12049112190,S
20250116,100059,283.56,330,12049112200,S
20250116,100059,283.55,440,12049112201,S
20250116,100059,283.55,250,12049112202,S
20250116,100059,283.55,330,12049112203,S
20250116,100059,283.54,330,12049112204,S
20250116,100059,283.54,20,12049112205,S
20250116,100059,283.53,100,12049112206,S
20250116,100059,283.53,200,12049112207,S
20250116,100059,283.53,10,12049112286,S
20250116,100059,283.56,30,12049112291,B
20250116,100059,283.53,120,12049112325,S
20250116,100059,283.52,350,12049112326,S
20250116,100059,283.52,200,12049112327,S
20250116,100059,283.52,330,12049112328,S
20250116,100059,283.52,10,12049112329,S
20250116,100059,283.51,330,12049112330,S
20250116,100059,283.51,520,12049112331,S
20250116,100059,283.5,10,12049112332,S
20250116,100059,283.5,80,12049112333,S
20250116,100059,283.55,100,12049112499,B
20250116,100100,283.51,100,12049112574,S
20250116,100100,283.51,10,12049112610,S
20250116,100100,283.51,200,12049112611,S
20250116,100100,283.51,20,12049112639,S
20250116,100100,283.5,120,12049112640,S
20250116,100100,283.5,330,12049112641,S
20250116,100100,283.5,130,12049112642,S
20250116,100100,283.49,330,12049112643,S
20250116,100100,283.48,330,12049112644,S
20250116,100100,283.48,680,12049112645,S
20250116,100100,283.44,330,12049112950,S
20250116,100100,283.43,70,12049112951,S
20250116,100101,283.44,330,12049113277,S
20250116,100101,283.44,170,12049113278,S
20250116,100101,283.44,10,12049113287,S
20250116,100101,283.44,20,12049113613,S
20250116,100101,283.44,80,12049113614,S
20250116,100102,283.44,20,12049113715,S
20250116,100102,283.44,40,12049113795,S
20250116,100102,283.45,300,12049113814,B
20250116,100102,283.45,10,12049113815,B
20250116,100102,283.45,300,12049113816,B
20250116,100102,283.44,100,12049114072,S
20250116,100102,283.45,10,12049114420,B
20250116,100102,283.45,60,12049114421,B
20250116,100102,283.45,100,12049114422,B
20250116,100102,283.45,100,12049114423,B
20250116,100102,283.45,100,12049114424,B
20250116,100102,283.45,130,12049114425,B
20250116,100102,283.44,30,12049114474,S
20250116,100103,283.45,600,12049114620,B
20250116,100103,283.46,10,12049114621,B
20250116,100103,283.46,190,12049114622,B
20250116,100103,283.47,300,12049114623,B
20250116,100103,283.47,10,12049114624,B
20250116,100103,283.47,300,12049114625,B
20250116,100103,283.48,590,12049114626,B
20250116,100103,283.47,80,12049114627,B
20250116,100103,283.43,1120,12049114924,S
20250116,100103,283.43,250,12049114925,S
20250116,100103,283.42,6630,12049114926,S
20250116,100103,283.43,140,12049115069,S
20250116,100104,283.45,350,12049115083,B
20250116,100104,283.46,100,12049115127,B
20250116,100104,283.46,250,12049115128,B
20250116,100104,283.46,110,12049115132,B
20250116,100104,283.46,600,12049115133,B
20250116,100104,283.47,290,12049115134,B
20250116,100104,283.42,1000,12049115136,S
20250116,100104,283.44,10,12049115198,B
20250116,100104,283.45,350,12049115259,B
20250116,100104,283.45,350,12049115289,B
20250116,100104,283.45,20,12049115305,B
20250116,100104,283.45,100,12049115331,B
20250116,100104,283.45,350,12049115335,B
20250116,100104,283.45,350,12049115372,B
20250116,100104,283.47,200,12049115391,B
20250116,100104,283.48,350,12049115445,B
20250116,100104,283.44,600,12049115468,S
20250116,100104,283.43,640,12049115469,S
20250116,100104,283.43,240,12049115470,S
20250116,100104,283.43,250,12049115471,S
20250116,100104,283.42,3270,12049115472,S
20250116,100104,283.44,50,12049115495,S
20250116,100104,283.46,100,12049115512,S
20250116,100105,283.46,10,12049115576,S
20250116,100105,283.48,30,12049115599,B
20250116,100105,283.46,350,12049115627,S
20250116,100105,283.44,370,12049115628,S
20250116,100105,283.43,960,12049115629,S
20250116,100105,283.43,500,12049115788,S
20250116,100105,283.46,20,12049115828,B
20250116,100105,283.43,20,12049115833,S
20250116,100105,283.42,330,12049115834,S
20250116,100105,283.46,1000,12049115877,B
20250116,100105,283.42,530,12049115883,S
20250116,100106,283.42,1050,12049116200,S
20250116,100106,283.42,100,12049116221,S
20250116,100106,283.42,110,12049116241,S
20250116,100107,283.43,30,12049116470,B
20250116,100107,283.43,30,12049116471,B
20250116,100107,283.43,190,12049116472,B
20250116,100107,283.43,1810,12049116581,B
20250116,100107,283.43,100,12049116636,S
20250116,100107,283.43,50,12049116679,S
20250116,100107,283.43,10,12049116726,S
20250116,100108,283.43,40,12049116824,S
20250116,100108,283.43,90,12049116933,S
20250116,100108,283.43,1400,12049116949,S
20250116,100108,283.43,1490,12049116975,S
20250116,100108,283.43,70,12049116976,S
20250116,100108,283.43,60,12049117002,S
20250116,100108,283.43,50,12049117027,S
20250116,100109,283.43,200,12049117087,S
20250116,100109,283.43,40,12049117111,S
20250116,100109,283.43,2500,12049117164,S
20250116,100109,283.44,40,12049117376,B
20250116,100109,283.44,160,12049117411,B
20250116,100109,283.44,410,12049117412,B
20250116,100109,283.44,290,12049117422,B
20250116,100109,283.44,280,12049117423,B
20250116,100109,283.44,2720,12049117442,B
20250116,100109,283.44,100,12049117443,B
20250116,100109,283.44,200,12049117444,B
20250116,100109,283.44,500,12049117445,B
20250116,100109,283.46,490,12049117460,B
20250116,100110,283.46,490,12049117505,B
20250116,100110,283.43,200,12049117514,S
20250116,100110,283.44,640,12049117555,S
20250116,100110,283.43,160,12049117556,S
20250116,100110,283.44,100,12049117608,B
20250116,100110,283.43,10,12049117676,S
20250116,100110,283.43,10,12049117711,S
20250116,100110,283.43,50,12049117769,S
20250116,100110,283.43,10,12049117792,S
20250116,100110,283.43,100,12049117811,S
20250116,100110,283.43,10,12049117812,S
20250116,100110,283.43,90,12049117813,S
20250116,100111,283.43,40,12049117899,S
20250116,100111,283.43,220,12049117979,S
20250116,100111,283.42,280,12049117980,S
20250116,100111,283.42,1000,12049118150,S
20250116,100111,283.42,20000,12049118187,S
20250116,100112,283.42,1320,12049118431,S
20250116,100112,283.42,1000,12049118450,S
20250116,100112,283.43,60,12049118471,B
20250116,100112,283.42,30,12049118493,S
20250116,100112,283.42,10000,12049118566,S
20250116,100112,283.42,11730,12049118570,S
20250116,100112,283.42,40,12049118571,S
20250116,100112,283.42,20,12049118578,S
20250116,100112,283.42,20,12049118592,S
20250116,100112,283.42,10,12049118653,S
20250116,100112,283.42,10,12049118664,S
20250116,100112,283.42,3870,12049118673,S
20250116,100112,283.42,10,12049118698,S
20250116,100112,283.42,120,12049118707,S
20250116,100112,283.42,10,12049118711,S
20250116,100112,283.42,10,12049118792,S
20250116,100112,283.42,30,12049118857,S
20250116,100113,283.42,10000,12049118907,S
20250116,100113,283.42,70,12049118908,S
20250116,100113,283.42,1000,12049118912,S
20250116,100113,283.43,20,12049118981,B
20250116,100113,283.42,1000,12049119018,S
20250116,100113,283.42,190,12049119034,S
20250116,100113,283.43,80,12049119044,B
20250116,100113,283.42,170,12049119074,S
20250116,100113,283.42,2500,12049119082,S
20250116,100113,283.42,30,12049119157,S
20250116,100113,283.42,10,12049119334,S
20250116,100113,283.43,440,12049119342,B
20250116,100113,283.43,560,12049119343,B
20250116,100113,283.42,200,12049119449,S
20250116,100113,283.42,200,12049119471,S
20250116,100114,283.42,60,12049119656,S
20250116,100114,283.43,10,12049119690,B
20250116,100114,283.42,2040,12049119715,S
20250116,100114,283.42,50,12049119716,S
20250116,100114,283.41,20,12049119717,S
20250116,100114,283.4,10,12049119718,S
20250116,100114,283.4,10,12049119719,S
20250116,100114,283.39,910,12049119742,S
20250116,100114,283.39,60,12049119850,S
20250116,100114,283.39,30,12049119912,S
20250116,100114,283.38,40,12049119913,S
20250116,100114,283.37,150,12049119914,S
20250116,100114,283.37,10,12049119915,S
20250116,100114,283.35,100,12049119916,S
20250116,100114,283.31,560,12049119917,S
20250116,100114,283.3,10,12049119918,S
20250116,100114,283.3,9100,12049119919,S
20250116,100115,283.3,1710,12049120270,S
20250116,100115,283.3,10,12049120292,S
20250116,100115,283.31,200,12049120323,B
20250116,100115,283.3,10,12049120329,S
20250116,100115,283.31,100,12049120475,B
20250116,100115,283.3,30,12049120505,S
20250116,100116,283.31,30,12049120743,B
20250116,100116,283.31,100,12049120744,B
20250116,100116,283.31,10,12049120745,B
20250116,100116,283.31,200,12049120746,B
20250116,100116,283.31,190,12049120747,B
20250116,100116,283.3,2000,12049120799,S
20250116,100116,283.3,10,12049120804,S
20250116,100116,283.3,20,12049120894,S
20250116,100116,283.3,150,12049120907,S
20250116,100116,283.3,10,12049120979,S
20250116,100116,283.3,10,12049121001,S
20250116,100116,283.31,30,12049121011,B
20250116,100116,283.3,300,12049121057,S
20250116,100116,283.31,210,12049121081,B
20250116,100116,283.3,60,12049121141,S
20250116,100116,283.3,120,12049121142,S
20250116,100116,283.27,200,12049121143,S
20250116,100116,283.26,10,12049121144,S
20250116,100116,283.21,190,12049121145,S
20250116,100116,283.21,600,12049121146,S
20250116,100116,283.2,380,12049121147,S
20250116,100117,283.2,2220,12049121208,S
20250116,100117,283.2,1000,12049121209,S
20250116,100117,283.19,20,12049121210,S
20250116,100117,283.18,50,12049121211,S
20250116,100117,283.15,40,12049121361,S
20250116,100117,283.13,200,12049121362,S
20250116,100117,283.13,330,12049121363,S
20250116,100117,283.13,90,12049121364,S
20250116,100117,283.12,1160,12049121365,S
20250116,100117,283.12,100,12049121370,S
20250116,100117,283.17,10,12049121413,B
20250116,100117,283.15,100,12049121464,S
20250116,100117,283.12,10,12049121488,S
20250116,100117,283.12,90,12049121525,S
20250116,100117,283.12,490,12049121640,S
20250116,100117,283.12,30,12049121641,S
20250116,100118,283.12,500,12049121684,S
20250116,100118,283.12,100,12049121709,S
20250116,100118,283.12,250,12049121739,S
20250116,100118,283.12,10,12049121899,S
20250116,100118,283.13,100,12049122077,S
20250116,100118,283.13,500,12049122078,S
20250116,100118,283.12,110,12049122079,S
20250116,100118,283.12,60,12049122080,S
20250116,100118,283.1,230,12049122081,S
20250116,100119,283.14,20,12049122219,B
20250116,100119,283.1,770,12049122247,S
20250116,100119,283.1,50,12049122248,S
20250116,100119,283.1,30,12049122249,S
20250116,100119,283.1,550,12049122250,S
20250116,100119,283.13,130,12049122409,B
20250116,100119,283.13,10,12049122410,B
20250116,100119,283.14,80,12049122411,B
20250116,100119,283.15,100,12049122412,B
20250116,100119,283.15,10,12049122413,B
20250116,100119,283.15,220,12049122414,B
20250116,100119,283.16,200,12049122415,B
20250116,100119,283.16,10,12049122416,B
20250116,100119,283.18,10,12049122417,B
20250116,100119,283.18,230,12049122418,B
20250116,100119,283.12,30,12049122454,S
20250116,100119,283.09,50,12049122455,S
20250116,100119,283.09,330,12049122456,S
20250116,100119,283.08,100,12049122457,S
20250116,100119,283.08,100,12049122458,S
20250116,100119,283.08,330,12049122459,S
20250116,100119,283.08,600,12049122460,S
20250116,100119,283.07,2000,12049122461,S
20250116,100119,283.07,330,12049122462,S
20250116,100119,283.06,60,12049122463,S
20250116,100119,283.06,330,12049122464,S
20250116,100119,283.05,500,12049122465,S
20250116,100119,283.05,330,12049122466,S
20250116,100119,283.05,600,12049122467,S
20250116,100119,283.04,200,12049122468,S
20250116,100119,283.04,5000,12049122469,S
20250116,100119,283.04,330,12049122470,S
20250116,100119,283.04,590,12049122471,S
20250116,100119,283.03,100,12049122472,S
20250116,100119,283.03,330,12049122473,S
20250116,100119,283.03,4000,12049122474,S
20250116,100119,283.03,500,12049122475,S
20250116,100119,283.02,10,12049122476,S
20250116,100119,283.02,10,12049122477,S
20250116,100119,283.02,1000,12049122478,S
20250116,100119,283.02,12690,12049122479,S
20250116,100119,283.02,1000,12049122480,S
20250116,100119,283.02,10,12049122481,S
20250116,100119,283.02,10,12049122482,S
20250116,100119,283.02,2000,12049122483,S
20250116,100119,283.02,330,12049122484,S
20250116,100119,283.02,2000,12049122485,S
20250116,100119,283.01,40,12049122486,S
20250116,100119,283.01,30,12049122487,S
20250116,100119,283.01,10,12049122488,S
20250116,100119,283.01,2490,12049122489,S
20250116,100119,283.01,10,12049122490,S
20250116,100119,283.01,20,12049122491,S
20250116,100119,283.01,700,12049122492,S
20250116,100119,283.01,250,12049122493,S
20250116,100119,283.01,1000,12049122494,S
20250116,100119,283.01,330,12049122495,S
20250116,100119,283.01,500,12049122496,S
20250116,100119,283,10,12049122497,S
20250116,100119,283,100,12049122498,S
20250116,100119,283,100,12049122499,S
20250116,100119,283,30,12049122500,S
20250116,100119,283,35000,12049122501,S
20250116,100119,283,140,12049122502,S
20250116,100119,283,20,12049122503,S
20250116,100119,283,100,12049122504,S
20250116,100119,283,1000,12049122505,S
20250116,100119,283,50,12049122506,S
20250116,100119,283,10000,12049122507,S
20250116,100119,283,10000,12049122508,S
20250116,100119,283,10,12049122509,S
20250116,100119,283,180,12049122510,S
20250116,100119,283,2080,12049122511,S
20250116,100119,283.02,10,12049122568,S
20250116,100119,283.03,10,12049122774,S
20250116,100120,283.03,590,12049122801,S
20250116,100120,283.02,580,12049122802,S
20250116,100120,283.01,50,12049122803,S
20250116,100120,283,780,12049122804,S
20250116,100120,283,40,12049122856,S
20250116,100120,283.07,10,12049122858,B
20250116,100120,283.03,50,12049122947,B
20250116,100120,283,20,12049122970,S
20250116,100120,283,10,12049123093,S
20250116,100120,283,100,12049123141,S
20250116,100120,283.01,100,12049123174,S
20250116,100120,283,2900,12049123175,S
20250116,100120,283,500,12049123232,S
20250116,100120,283.02,2000,12049123233,B
20250116,100120,283,150,12049123243,S
20250116,100121,283,10,12049123413,S
20250116,100121,283,60,12049123492,S
20250116,100121,283,10,12049123612,S
20250116,100121,283,400,12049123642,S
20250116,100122,283,2370,12049124002,S
20250116,100122,283,80,12049124124,S
20250116,100122,283,490,12049124196,S
20250116,100122,283,50,12049124197,S
20250116,100122,283,50,12049124198,S
20250116,100122,283,100,12049124199,S
20250116,100122,283,20,12049124200,S
20250116,100122,283,510,12049124201,S
20250116,100122,283,100,12049124202,S
20250116,100122,283,350,12049124203,S
20250116,100122,283,330,12049124204,S
20250116,100122,283,10,12049124328,S
20250116,100122,283.01,130,12049124399,B
20250116,100122,283.01,600,12049124400,B
20250116,100122,283.01,600,12049124401,B
20250116,100122,283.02,200,12049124402,B
20250116,100122,283.02,970,12049124403,B
20250116,100122,283,100,12049124434,S
20250116,100122,283,60,12049124440,S
20250116,100122,283,2310,12049124441,S
20250116,100123,283.01,10,12049124468,B
20250116,100123,283.01,500,12049124485,B
20250116,100123,283,1000,12049124539,S
20250116,100123,283.01,20,12049124704,B
20250116,100123,283.01,440,12049124749,B
20250116,100123,283.01,600,12049124750,B
20250116,100123,283.01,130,12049124751,B
20250116,100123,283.02,360,12049124752,B
20250116,100123,283.02,2560,12049124753,B
20250116,100123,283.03,2440,12049124754,B
20250116,100123,283,1190,12049124760,S
20250116,100123,283,10,12049124761,S
20250116,100123,283,3000,12049124762,S
20250116,100123,283,800,12049124763,S
20250116,100123,283.01,10,12049125000,S
20250116,100124,283.01,30,12049125186,S
20250116,100124,283.01,160,12049125247,S
20250116,100124,283,90,12049125248,S
20250116,100124,283,30,12049125249,S
20250116,100124,283,120,12049125250,S
20250116,100124,283.02,600,12049125281,B
20250116,100124,283.02,130,12049125282,B
20250116,100124,283.03,360,12049125283,B
20250116,100124,283,440,12049125289,S
20250116,100124,283,290,12049125295,S
20250116,100124,283,10,12049125351,S
20250116,100124,283,1780,12049125492,S
20250116,100124,283,100,12049125512,S
20250116,100125,283.01,20,12049125634,B
20250116,100125,283,10,12049125774,S
20250116,100125,283,20,12049125851,S
20250116,100125,283.01,20,12049125873,B
20250116,100125,283,1220,12049125961,S
20250116,100125,283,360,12049125962,S
20250116,100125,283,250,12049125963,S
20250116,100125,283,1000,12049125964,S
20250116,100125,283,150,12049125965,S
20250116,100125,283,50,12049125966,S
20250116,100125,283,700,12049125967,S
20250116,100125,283,1790,12049125968,S
20250116,100125,283,20,12049125969,S
20250116,100125,283,300,12049125970,S
20250116,100125,283,10,12049125971,S
20250116,100125,283,1000,12049125972,S
20250116,100125,283,5000,12049125973,S
20250116,100125,283,10,12049125974,S
20250116,100125,283,10,12049125975,S
20250116,100125,283,30,12049125976,S
20250116,100125,283,20,12049125977,S
20250116,100125,283,500,12049125978,S
20250116,100125,282.99,10,12049126114,S
20250116,100125,282.98,100,12049126181,S
20250116,100126,282.98,300,12049126266,S
20250116,100126,282.97,50,12049126267,S
20250116,100126,282.94,100,12049126268,S
20250116,100126,282.93,100,12049126269,S
20250116,100126,282.92,330,12049126270,S
20250116,100126,282.91,30,12049126271,S
20250116,100126,282.91,90,12049126272,S
20250116,100126,282.9,50,12049126302,S
20250116,100126,282.94,300,12049126341,B
20250116,100126,282.94,100,12049126350,B
20250116,100126,282.9,10,12049126374,S
20250116,100126,282.94,40,12049126398,B
20250116,100126,282.9,40,12049126461,S
20250116,100126,282.9,10,12049126462,S
20250116,100126,282.9,20,12049126463,S
20250116,100126,282.9,20,12049126464,S
20250116,100126,282.9,300,12049126465,S
20250116,100126,282.89,330,12049126466,S
20250116,100126,282.89,1280,12049126467,S
20250116,100126,282.89,1200,12049126517,S
20250116,100126,282.89,10,12049126646,S
20250116,100127,282.92,600,12049127134,B
20250116,100127,282.93,90,12049127135,B
20250116,100127,282.95,3000,12049127136,B
20250116,100127,282.95,600,12049127137,B
20250116,100127,282.95,360,12049127138,B
20250116,100127,282.96,1350,12049127139,B
20250116,100127,282.91,10,12049127339,S
20250116,100127,282.91,20,12049127340,S
20250116,100127,282.92,10,12049127401,B
20250116,100127,282.91,10,12049127418,S
20250116,100128,282.91,20,12049127521,S
20250116,100128,282.91,50,12049127676,S
20250116,100128,282.89,450,12049127722,S
20250116,100128,282.89,10,12049127742,S
20250116,100128,282.92,10,12049127765,B
20250116,100128,282.89,2050,12049127788,S
20250116,100128,282.88,100,12049127789,S
20250116,100128,282.87,10,12049127790,S
20250116,100128,282.86,140,12049127791,S
20250116,100128,282.86,1000,12049127792,S
20250116,100128,282.86,1500,12049127793,S
20250116,100128,282.85,500,12049127794,S
20250116,100128,282.9,100,12049127900,B
20250116,100128,282.85,10,12049127911,S
20250116,100128,282.91,100,12049127927,B
20250116,100128,282.92,500,12049128018,B
20250116,100129,282.86,10,12049128163,S
20250116,100129,282.86,10,12049128292,S
20250116,100129,282.86,2980,12049128327,S
20250116,100129,282.86,20,12049128328,S
20250116,100129,282.88,10,12049128340,B
20250116,100129,282.85,80,12049128344,S
20250116,100129,282.85,1410,12049128346,S
20250116,100129,282.85,800,12049128347,S
20250116,100129,282.85,10,12049128348,S
20250116,100129,282.85,10,12049128349,S
20250116,100129,282.85,10000,12049128350,S
20250116,100129,282.85,20,12049128351,S
20250116,100129,282.85,100,12049128352,S
20250116,100129,282.85,7650,12049128353,S
20250116,100129,282.85,180,12049128366,S
20250116,100129,282.85,400,12049128417,S
20250116,100129,282.85,210,12049128427,S
20250116,100129,282.85,210,12049128448,S
20250116,100129,282.85,10,12049128458,S
20250116,100129,282.85,10,12049128467,S
20250116,100129,282.85,40,12049128781,S
20250116,100130,282.86,10,12049128834,B
20250116,100130,282.85,290,12049128914,S
20250116,100130,282.86,20,12049128944,B
20250116,100130,282.86,570,12049128978,B
20250116,100130,282.87,940,12049128979,B
20250116,100130,282.86,10,12049129039,S
20250116,100130,282.86,290,12049129118,S
20250116,100130,282.86,290,12049129121,S
20250116,100130,282.85,10,12049129190,S
20250116,100131,282.86,10,12049129611,S
20250116,100131,282.86,10,12049129671,S
20250116,100131,282.86,200,12049129834,S
20250116,100131,282.87,10,12049129864,B
20250116,100131,282.87,90,12049129886,B
20250116,100131,282.89,10,12049129887,B
20250116,100131,282.86,60,12049129918,S
20250116,100131,282.86,10,12049129981,S
20250116,100131,282.87,60,12049130043,B
20250116,100131,282.87,10,12049130044,S
20250116,100132,282.96,20,12049130092,B
20250116,100132,282.9,10,12049130208,S
20250116,100132,282.97,10,12049130354,B
20250116,100132,282.98,190,12049130355,B
20250116,100132,282.95,10,12049130361,S
20250116,100132,282.94,10,12049130404,S
20250116,100132,282.96,10,12049130487,B
20250116,100133,282.95,10,12049130683,S
20250116,100133,282.94,100,12049130689,S
20250116,100133,282.99,100,12049130694,B
20250116,100133,282.94,2900,12049130696,S
20250116,100133,282.94,100,12049130697,S
20250116,100133,282.94,10,12049130739,S
20250116,100133,282.96,100,12049130776,B
20250116,100133,282.96,600,12049130916,S
20250116,100133,282.96,400,12049130917,S
20250116,100133,282.99,230,12049130934,B
20250116,100133,282.99,30,12049130969,S
20250116,100133,283,80,12049131039,B
20250116,100133,283,120,12049131040,B
20250116,100133,283,30,12049131153,B
20250116,100133,282.99,10,12049131239,S
20250116,100134,282.99,80,12049131350,S
20250116,100134,282.99,10,12049131351,S
20250116,100134,282.99,500,12049131352,S
20250116,100134,282.96,30,12049131353,S
20250116,100134,282.94,380,12049131354,S
20250116,100134,282.99,300,12049131360,B
20250116,100134,282.99,200,12049131384,B
20250116,100134,282.99,10,12049131386,B
20250116,100134,283,10,12049131393,B
20250116,100134,282.93,170,12049131432,S
20250116,100134,282.93,410,12049131446,S
20250116,100134,282.9,90,12049131447,S
20250116,100134,282.94,10,12049131507,S
20250116,100134,282.91,100,12049131513,B
20250116,100134,282.91,140,12049131553,B
20250116,100134,282.95,60,12049131600,S
20250116,100134,282.89,100,12049131601,S
20250116,100134,282.89,40,12049131602,S
20250116,100134,282.9,360,12049131636,S
20250116,100134,282.89,600,12049131637,S
20250116,100134,282.88,640,12049131638,S
20250116,100134,282.88,3000,12049131639,S
20250116,100134,282.88,3000,12049131640,S
20250116,100134,282.88,2520,12049131641,S
20250116,100134,282.98,200,12049131656,B
20250116,100134,282.9,400,12049131685,S
20250116,100134,282.98,400,12049131718,B
20250116,100134,282.99,590,12049131719,B
20250116,100134,282.99,1000,12049131722,S
20250116,100134,283,30,12049131770,B
20250116,100134,282.99,10,12049131781,S
20250116,100135,282.99,30,12049131846,S
20250116,100135,282.99,100,12049131897,S
20250116,100135,282.99,1000,12049132346,S
20250116,100136,283,10,12049132597,B
20250116,100136,283,10,12049132677,B
20250116,100136,282.99,10,12049132880,S
20250116,100136,282.99,250,12049132974,S
20250116,100136,282.99,50,12049132991,S
20250116,100137,282.99,1240,12049133233,S
20250116,100137,282.99,60,12049133364,S
20250116,100137,282.99,20,12049133394,S
20250116,100137,282.99,20,12049133406,S
20250116,100137,283,290,12049133515,B
20250116,100137,283,210,12049133516,B
20250116,100137,282.99,20,12049133538,S
20250116,100137,282.99,20,12049133550,S
20250116,100137,282.99,180,12049133663,S
20250116,100137,282.96,320,12049133664,S
20250116,100137,282.98,590,12049133713,B
20250116,100137,282.99,3000,12049133714,B
20250116,100137,283,16410,12049133715,B
20250116,100138,282.99,30,12049133882,B
20250116,100138,283,110,12049133883,B
20250116,100138,282.97,10,12049133888,S
20250116,100138,282.97,590,12049133929,S
20250116,100138,282.96,640,12049133930,S
20250116,100138,282.95,1770,12049133931,S
20250116,100138,282.94,2000,12049133932,S
20250116,100138,282.93,330,12049133933,S
20250116,100138,282.92,330,12049133934,S
20250116,100138,282.92,230,12049133935,S
20250116,100138,282.91,300,12049133936,S
20250116,100138,282.91,500,12049133937,S
20250116,100138,282.91,330,12049133938,S
20250116,100138,282.9,330,12049133939,S
20250116,100138,282.9,590,12049133940,S
20250116,100138,282.89,330,12049133941,S
20250116,100138,282.89,250,12049133942,S
20250116,100138,282.89,600,12049133943,S
20250116,100138,282.88,330,12049133944,S
20250116,100138,282.88,530,12049133945,S
20250116,100138,282.88,20,12049133946,S
20250116,100139,282.92,10,12049134321,S
20250116,100139,282.92,100,12049134353,S
20250116,100139,282.92,420,12049134539,S
20250116,100139,282.92,10,12049134668,B
20250116,100139,282.92,600,12049134669,B
20250116,100139,282.93,80,12049134670,B
20250116,100139,282.91,40,12049134701,S
20250116,100140,282.92,50,12049134810,B
20250116,100140,282.92,300,12049134884,B
20250116,100140,282.92,200,12049134885,B
20250116,100140,282.92,520,12049134886,B
20250116,100140,282.92,20,12049134920,B
20250116,100140,282.92,200,12049135022,B
20250116,100140,282.92,700,12049135174,B
20250116,100140,282.92,50,12049135175,B
20250116,100140,282.99,50,12049135225,B
20250116,100141,282.96,320,12049135410,S
20250116,100141,282.99,100,12049135433,B
20250116,100141,282.99,30,12049135532,B
20250116,100141,282.99,40,12049135671,B
20250116,100141,283,200,12049135675,B
20250116,100141,283,100,12049135685,B
20250116,100141,283,10,12049135693,B
20250116,100141,282.98,30,12049135726,S
20250116,100141,282.98,10,12049135751,S
20250116,100141,282.98,500,12049135754,S
20250116,100141,283,100,12049135841,B
20250116,100141,283,100,12049135906,B
20250116,100141,282.98,60,12049135926,S
20250116,100141,282.98,40,12049135927,S
20250116,100141,283,2760,12049135928,B
20250116,100141,283,250,12049135929,B
20250116,100141,283,1000,12049135930,B
20250116,100141,283,150,12049135931,B
20250116,100141,283,10,12049135932,B
20250116,100141,283,30,12049135933,B
20250116,100141,283,10,12049135934,B
20250116,100141,283,1300,12049135935,B
20250116,100141,283.01,300,12049135941,B
20250116,100141,283.01,50,12049135942,B
20250116,100141,283.03,3050,12049135943,B
20250116,100141,283.04,100,12049135945,B
20250116,100141,283.04,10,12049135946,B
20250116,100141,283.05,120,12049135947,B
20250116,100142,283.08,10,12049136013,B
20250116,100142,283.07,100,12049136014,S
20250116,100142,283.07,10,12049136098,S
20250116,100142,283.07,30,12049136113,S
20250116,100142,283.1,1000,12049136125,B
20250116,100142,283.11,100,12049136138,S
20250116,100142,283.12,200,12049136143,S
20250116,100142,283.12,600,12049136211,S
20250116,100142,283.11,1160,12049136212,S
20250116,100142,283.15,100,12049136281,B
20250116,100142,283.16,2220,12049136282,B
20250116,100142,283.2,330,12049136283,B
20250116,100142,283.21,330,12049136284,B
20250116,100142,283.21,600,12049136285,B
20250116,100142,283.22,20,12049136286,B
20250116,100142,283.22,330,12049136287,B
20250116,100142,283.22,1070,12049136288,B
20250116,100142,283.14,100,12049136292,S
20250116,100142,283.19,10,12049136388,S
20250116,100143,283.18,300,12049136478,S
20250116,100143,283.16,3000,12049136479,S
20250116,100143,283.15,600,12049136480,S
20250116,100143,283.14,640,12049136481,S
20250116,100143,283.14,490,12049136482,S
20250116,100144,283.2,100,12049137077,B
20250116,100144,283.2,100,12049137078,B
20250116,100144,283.22,200,12049137090,B
20250116,100144,283.23,10,12049137365,B
20250116,100144,283.23,10,12049137384,B
20250116,100144,283.19,100,12049137408,S
20250116,100144,283.18,100,12049137409,S
20250116,100144,283.17,10,12049137439,S
20250116,100145,283.15,50,12049137446,S
20250116,100145,283.15,260,12049137447,S
20250116,100145,283.13,70,12049137454,S
20250116,100145,283.14,10,12049137481,B
20250116,100145,283.14,60,12049137489,B
20250116,100145,283.14,110,12049137490,B
20250116,100145,283.16,50,12049137492,B
20250116,100145,283.14,10,12049137536,S
20250116,100145,283.14,90,12049137539,S
20250116,100145,283.13,230,12049137540,S
20250116,100145,283.13,10,12049137541,S
20250116,100145,283.13,490,12049137542,S
20250116,100145,283.12,1180,12049137543,S
20250116,100145,283.12,10,12049137552,S
20250116,100145,283.12,10,12049137632,S
20250116,100145,283.1,10,12049137743,S
20250116,100145,283.1,30,12049137826,S
20250116,100146,283.11,600,12049138040,B
20250116,100147,283.11,70,12049138501,B
20250116,100147,283.11,60,12049138626,B
20250116,100147,283.11,40,12049138627,B
20250116,100147,283.1,10,12049138747,S
20250116,100147,283.1,280,12049138863,S
20250116,100148,283.11,100,12049138893,B
20250116,100148,283.11,60,12049139077,B
20250116,100148,283.11,40,12049139078,B
20250116,100148,283.1,10,12049139118,S
20250116,100148,283.1,100,12049139295,S
20250116,100148,283.1,30,12049139296,S
20250116,100148,283.1,50,12049139297,S
20250116,100148,283.09,20,12049139298,S
20250116,100149,283.1,100,12049139418,B
20250116,100149,283.08,100,12049139483,S
20250116,100149,283.06,600,12049139484,S
20250116,100149,283.05,3000,12049139485,S
20250116,100149,283.04,2000,12049139486,S
20250116,100149,283.03,520,12049139487,S
20250116,100149,283.02,20,12049139488,S
20250116,100149,283.02,330,12049139489,S
20250116,100149,283.02,390,12049139490,S
20250116,100149,283,10,12049139525,S
20250116,100149,283.01,100,12049139703,B
20250116,100149,283,10,12049139800,S
20250116,100149,283,10,12049139813,S
20250116,100150,283,190,12049139831,S
20250116,100150,283,20,12049139832,S
20250116,100150,283,10,12049139833,S
20250116,100150,282.99,10,12049139834,S
20250116,100150,282.98,30,12049139835,S
20250116,100150,282.92,120,12049139899,S
20250116,100150,282.99,50,12049140179,B
20250116,100150,282.99,330,12049140241,B
20250116,100150,283.01,640,12049140242,B
20250116,100150,283.02,1030,12049140243,B
20250116,100150,282.96,600,12049140278,S
20250116,100150,282.95,100,12049140279,S
20250116,100150,282.93,530,12049140280,S
20250116,100150,282.92,330,12049140281,S
20250116,100150,282.91,100,12049140282,S
20250116,100150,282.91,330,12049140283,S
20250116,100150,282.91,590,12049140284,S
20250116,100150,282.9,500,12049140285,S
20250116,100150,282.9,30,12049140286,S
20250116,100150,282.9,330,12049140287,S
20250116,100150,282.89,710,12049140288,S
20250116,100150,282.89,330,12049140289,S
20250116,100150,282.89,10,12049140290,S
20250116,100150,282.89,600,12049140291,S
20250116,100150,282.88,330,12049140292,S
20250116,100150,282.88,3000,12049140293,S
20250116,100150,282.87,1580,12049140294,S
20250116,100151,283,1000,12049140349,B
20250116,100151,282.93,1000,12049140451,S
20250116,100151,282.91,440,12049140520,S
20250116,100151,282.97,80,12049140570,B
20250116,100151,282.92,20,12049140734,S
20250116,100151,282.9,10,12049140735,S
20250116,100152,282.96,20,12049140935,B
20250116,100152,282.91,10,12049140965,S
20250116,100152,282.98,20,12049141068,B
20250116,100152,282.91,340,12049141124,S
20250116,100153,283,250,12049141378,B
20250116,100154,283.01,10,12049141552,B
20250116,100154,283,500,12049141706,S
20250116,100154,283.01,640,12049141909,B
20250116,100154,283.01,2360,12049141910,B
20250116,100155,283,20,12049142008,S
20250116,100155,283.01,130,12049142107,B
20250116,100155,283.01,20,12049142108,B
20250116,100155,283.01,100,12049142109,B
20250116,100156,283,30,12049142491,S
20250116,100156,283.01,200,12049142595,B
20250116,100156,283.01,100,12049142596,B
20250116,100156,283,430,12049142744,S
20250116,100157,283,20,12049142775,S
20250116,100157,283,50,12049142776,S
20250116,100157,282.98,430,12049142780,B
20250116,100157,283.01,30,12049142781,B
20250116,100157,283.01,40,12049142782,B
20250116,100157,282.91,40,12049142805,S
20250116,100157,282.97,640,12049142856,B
20250116,100157,282.98,360,12049142857,B
20250116,100157,282.92,10,12049142927,S
20250116,100157,282.93,10,12049142963,S
20250116,100158,283,50,12049143089,B
20250116,100158,282.99,550,12049143270,B
20250116,100158,282.99,100,12049143434,B
20250116,100159,282.99,560,12049143524,B
20250116,100159,282.98,520,12049143537,S
20250116,100159,282.99,120,12049143561,B
20250116,100159,282.99,10,12049143563,B
20250116,100159,282.98,10,12049143654,S
20250116,100159,282.98,70,12049143686,S
20250116,100159,282.98,290,12049143687,S
20250116,100159,282.99,100,12049143750,B
20250116,100159,282.99,100,12049143789,B
20250116,100159,282.99,350,12049143820,B
20250116,100159,283.01,40,12049143821,B
20250116,100159,283.02,12010,12049143822,B
20250116,100159,283.04,100,12049143825,S
20250116,100159,283.06,50,12049143827,B
20250116,100159,283.05,100,12049143828,S
20250116,100159,283.05,200,12049143831,S
20250116,100159,283.09,120,12049143911,S
20250116,100200,283.1,100,12049143941,B
20250116,100200,283.1,100,12049143949,B
20250116,100200,283.1,80,12049143978,B
20250116,100200,283.1,50,12049143979,B
20250116,100200,283.1,280,12049144010,S
20250116,100200,283.1,3000,12049144011,S
20250116,100200,283.1,360,12049144012,S
20250116,100200,283.1,100,12049144013,S
20250116,100200,283.1,100,12049144014,S
20250116,100200,283.09,520,12049144015,S
20250116,100200,283.09,640,12049144016,S
20250116,100200,283.11,10,12049144024,B
20250116,100200,283.11,1990,12049144069,B
20250116,100200,283.11,300,12049144070,B
20250116,100200,283.11,290,12049144071,B
20250116,100200,283.18,330,12049144072,B
20250116,100200,283.19,10,12049144090,S
20250116,100200,283.2,10,12049144149,B
20250116,100200,283.24,100,12049144150,B
20250116,100200,283.25,330,12049144151,B
20250116,100200,283.26,60,12049144152,B
20250116,100200,283.26,540,12049144270,B
20250116,100200,283.27,330,12049144271,B
20250116,100200,283.27,260,12049144272,B
20250116,100200,283.28,100,12049144273,B
20250116,100200,283.28,70,12049144274,B
20250116,100201,283.29,100,12049144425,B
20250116,100201,283.29,150,12049144429,B
20250116,100201,283.28,100,12049144534,S
20250116,100201,283.28,10,12049144547,S
20250116,100201,283.29,100,12049144568,B
20250116,100201,283.28,490,12049144691,S
20250116,100201,283.28,10,12049144692,S
20250116,100201,283.27,200,12049144693,S
20250116,100201,283.26,50,12049144694,S
20250116,100201,283.26,1140,12049144695,S
20250116,100201,283.26,30,12049144696,S
20250116,100201,283.26,30,12049144697,S
20250116,100201,283.26,50,12049144698,S
20250116,100202,283.29,30,12049144736,B
20250116,100202,283.29,150,12049144776,B
20250116,100202,283.27,10,12049144802,S
20250116,100202,283.26,140,12049144803,S
20250116,100202,283.29,10,12049144812,B
20250116,100202,283.26,200,12049144836,S
20250116,100202,283.26,10,12049144875,S
20250116,100202,283.26,100,12049145087,S
20250116,100202,283.26,60,12049145126,S
20250116,100202,283.25,120,12049145127,S
20250116,100202,283.24,100,12049145128,S
20250116,100202,283.23,120,12049145129,S
20250116,100202,283.22,10,12049145131,S
20250116,100203,283.28,10,12049145250,B
20250116,100203,283.28,100,12049145251,B
20250116,100203,283.29,40,12049145252,B
20250116,100203,283.3,10,12049145253,B
20250116,100203,283.3,330,12049145254,B
20250116,100203,283.31,10,12049145255,B
20250116,100203,283.24,600,12049145374,S
20250116,100203,283.23,30,12049145375,S
20250116,100203,283.23,370,12049145376,S
20250116,100203,283.22,350,12049145430,S
20250116,100203,283.23,10,12049145574,S
20250116,100204,283.22,10,12049145595,S
20250116,100204,283.27,100,12049145636,B
20250116,100204,283.27,100,12049145776,B
20250116,100204,283.27,130,12049145777,B
20250116,100204,283.29,40,12049145778,B
20250116,100204,283.29,330,12049145779,B
20250116,100204,283.3,330,12049145780,B
20250116,100204,283.3,10,12049145781,B
20250116,100204,283.3,220,12049145782,B
20250116,100204,283.31,10,12049145783,B
20250116,100204,283.31,330,12049145784,B
20250116,100204,283.32,20,12049145785,B
20250116,100204,283.32,740,12049145786,B
20250116,100204,283.32,330,12049145787,B
20250116,100204,283.33,330,12049145788,B
20250116,100204,283.34,330,12049145789,B
20250116,100204,283.35,330,12049145790,B
20250116,100204,283.36,330,12049145791,B
20250116,100204,283.36,10,12049145792,B
20250116,100204,283.37,330,12049145793,B
20250116,100204,283.37,520,12049145794,B
20250116,100204,283.38,10,12049145795,B
20250116,100204,283.38,330,12049145796,B
20250116,100204,283.39,550,12049145797,B
20250116,100204,283.39,20,12049145798,B
20250116,100204,283.39,640,12049145799,B
20250116,100204,283.4,10,12049145800,B
20250116,100204,283.4,130,12049145801,B
20250116,100204,283.4,1140,12049145802,B
20250116,100204,283.41,250,12049145803,B
20250116,100204,283.41,600,12049145804,B
20250116,100204,283.41,500,12049145805,B
20250116,100204,283.42,10,12049145806,B
20250116,100204,283.42,1500,12049145807,B
20250116,100204,283.42,740,12049145808,B
20250116,100204,283.42,10,12049145848,B
20250116,100204,283.38,330,12049145879,B
20250116,100204,283.39,110,12049145880,B
20250116,100205,283.33,10,12049145981,S
20250116,100205,283.37,10,12049146155,B
20250116,100205,283.35,10,12049146226,S
20250116,100205,283.36,130,12049146246,B
20250116,100205,283.37,90,12049146276,B
20250116,100205,283.41,190,12049146359,B
20250116,100206,283.43,10,12049146516,B
20250116,100206,283.42,1440,12049146657,S
20250116,100206,283.41,300,12049146659,S
20250116,100206,283.37,120,12049146674,B
20250116,100206,283.36,390,12049146680,S
20250116,100206,283.34,250,12049146704,S
20250116,100206,283.35,250,12049146706,B
20250116,100206,283.35,350,12049146711,B
20250116,100206,283.35,330,12049146712,B
20250116,100206,283.36,300,12049146713,B
20250116,100206,283.36,330,12049146714,B
20250116,100206,283.37,330,12049146715,B
20250116,100206,283.37,140,12049146716,B
20250116,100206,283.38,330,12049146717,B
20250116,100206,283.38,490,12049146718,B
20250116,100206,283.33,20,12049146728,S
20250116,100206,283.28,640,12049146744,S
20250116,100206,283.26,2000,12049146751,S
20250116,100206,283.24,10,12049146753,S
20250116,100206,283.23,200,12049146763,S
20250116,100206,283.19,3000,12049146765,S
20250116,100206,283.18,7000,12049146766,S
20250116,100206,283.18,90,12049146767,S
20250116,100206,283.17,330,12049146768,S
20250116,100206,283.16,330,12049146769,S
20250116,100206,283.16,2000,12049146770,S
20250116,100206,283.15,330,12049146771,S
20250116,100206,283.15,430,12049146772,S
20250116,100206,283.14,330,12049146773,S
20250116,100206,283.14,2000,12049146774,S
20250116,100206,283.13,330,12049146775,S
20250116,100206,283.13,100,12049146777,B
