<DATE>;<TIME>;<LAST>;<VOL>;<ID>;<OPER>
20240521;095945;320.88;10;10408840863;S
20240521;095945;320.88;10;10408840864;S
20240521;095945;320.88;70;10408840865;S
20240521;095945;320.88;10;10408840866;S
20240521;095945;320.88;60;10408840867;S
20240521;095945;320.88;10;10408840868;S
20240521;095945;320.88;10;10408840869;S
20240521;095945;320.88;250;10408840870;S
20240521;095945;320.88;10;10408840871;S
20240521;095945;320.88;20;10408840872;S
20240521;095945;320.88;190;10408840873;S
20240521;095945;320.88;300;10408840874;S
20240521;095945;320.88;530;10408840875;S
20240521;095945;320.88;10;10408840876;S
20240521;095945;320.88;100;10408840877;S
20240521;095945;320.88;360;10408840878;S
20240521;095945;320.88;170;10408840879;S
20240521;095945;320.88;500;10408840880;S
20240521;095945;320.88;10;10408840881;S
20240521;095945;320.88;300;10408840882;S
20240521;095945;320.88;10;10408840883;S
20240521;095945;320.88;1640;10408840884;S
20240521;095945;320.88;120;10408840885;S
20240521;095945;320.88;30;10408840886;S
20240521;095945;320.88;100;10408840887;S
20240521;095945;320.88;10;10408840888;S
20240521;095945;320.88;10;10408840889;S
20240521;095945;320.88;30;10408840890;S
20240521;095945;320.88;10;10408840891;S
20240521;095945;320.88;310;10408840892;S
20240521;095945;320.88;30;10408840893;S
20240521;095945;320.88;10;10408840894;S
20240521;095945;320.88;40;10408840895;S
20240521;095945;320.88;10;10408840896;S
20240521;095945;320.88;60;10408840897;S
20240521;095945;320.88;290;10408840898;S
20240521;095945;320.88;10;10408840899;B
20240521;095945;320.88;30;10408840900;B
20240521;095945;320.88;10;10408840901;B
20240521;095945;320.88;100;10408840902;B
20240521;095945;320.88;90;10408840903;S
20240521;095945;320.88;10;10408840904;S
20240521;095945;320.88;30;10408840905;S
20240521;095945;320.88;20;10408840906;S
20240521;095945;320.88;10;10408840907;S
20240521;095945;320.88;10;10408840908;B
20240521;095945;320.88;40;10408840909;B
20240521;095945;320.88;10;10408840910;S
20240521;095945;320.88;10;10408840911;S
20240521;095945;320.88;130;10408840912;S
20240521;095945;320.88;800;10408840913;S
20240521;095945;320.88;30;10408840914;S
20240521;095945;320.88;20;10408840915;S
20240521;095945;320.88;10;10408840916;S
20240521;095945;320.88;10;10408840917;S
20240521;095945;320.88;20;10408840918;S
20240521;095945;320.88;730;10408840919;S
20240521;095945;320.88;60;10408840920;B
20240521;095945;320.88;10;10408840921;S
20240521;095945;320.88;10;10408840922;B
20240521;095945;320.88;30;10408840923;S
20240521;095945;320.88;10;10408840924;S
20240521;095945;320.88;70;10408840925;S
20240521;095945;320.88;30;10408840926;S
20240521;095945;320.88;10;10408840927;S
20240521;095945;320.88;10;10408840928;S
20240521;095945;320.88;10;10408840929;S
20240521;095945;320.88;10;10408840930;S
20240521;095945;320.88;30;10408840931;S
20240521;095945;320.88;10;10408840932;S
20240521;095945;320.88;20;10408840933;S
20240521;095945;320.88;10;10408840934;S
20240521;095945;320.88;60;10408840935;S
20240521;095945;320.88;20;10408840936;S
20240521;095945;320.88;10;10408840937;S
20240521;095945;320.88;10;10408840938;S
20240521;095945;320.88;10;10408840939;S
20240521;095945;320.88;10;10408840940;S
20240521;095945;320.88;10;10408840941;S
20240521;095945;320.88;40;10408840942;S
20240521;095945;320.88;1000;10408840943;S
20240521;095945;320.88;270;10408840944;S
20240521;095945;320.88;10;10408840945;S
20240521;095945;320.88;10;10408840946;S
20240521;095945;320.88;10;10408840947;S
20240521;095945;320.88;100;10408840948;S
20240521;095945;320.88;50;10408840949;S
20240521;095945;320.88;50;10408840950;S
20240521;095945;320.88;10;10408840951;S
20240521;095945;320.88;10;10408840952;S
20240521;095945;320.88;10;10408840953;S
20240521;095945;320.88;300;10408840954;S
20240521;095945;320.88;20;10408840955;S
20240521;095945;320.88;80;10408840956;S
20240521;095945;320.88;10;10408840957;S
20240521;095945;320.88;310;10408840958;S
20240521;095945;320.88;30;10408840959;S
20240521;095945;320.88;10;10408840960;S
20240521;095945;320.88;30;10408840961;S
20240521;095945;320.88;30;10408840962;S
20240521;095945;320.88;10;10408840963;S
20240521;095945;320.88;110;10408840964;S
20240521;095945;320.88;10;10408840965;S
20240521;095945;320.88;10;10408840966;S
20240521;095945;320.88;10;10408840967;S
20240521;095945;320.88;60;10408840968;S
20240521;095945;320.88;10;10408840969;B
20240521;095945;320.88;10;10408840970;B
20240521;095945;320.88;150;10408840971;B
20240521;095945;320.88;10;10408840972;B
20240521;095945;320.88;10;10408840973;B
20240521;095945;320.88;80;10408840974;B
20240521;095945;320.88;50;10408840975;S
20240521;095945;320.88;30;10408840976;S
20240521;095945;320.88;10;10408840977;S
20240521;095945;320.88;20;10408840978;S
20240521;095945;320.88;620;10408840979;S
20240521;095945;320.88;10;10408840980;S
20240521;095945;320.88;80;10408840981;S
20240521;095945;320.88;30;10408840982;S
20240521;095945;320.88;200;10408840983;S
20240521;095945;320.88;10;10408840984;S
20240521;095945;320.88;10;10408840985;S
20240521;095945;320.88;10;10408840986;S
20240521;095945;320.88;30;10408840987;S
20240521;095945;320.88;30;10408840988;S
20240521;095945;320.88;10;10408840989;S
20240521;095945;320.88;10;10408840990;S
20240521;095945;320.88;20;10408840991;S
20240521;095945;320.88;10;10408840992;S
20240521;095945;320.88;20;10408840993;S
20240521;095945;320.88;150;10408840994;S
20240521;095945;320.88;10;10408840995;S
20240521;095945;320.88;10;10408840996;S
20240521;095945;320.88;10;10408840997;S
20240521;095945;320.88;190;10408840998;S
20240521;095945;320.88;10;10408840999;S
20240521;095945;320.88;10;10408841000;S
20240521;095945;320.88;10;10408841001;S
20240521;095945;320.88;20;10408841002;S
20240521;095945;320.88;30;10408841003;S
20240521;095945;320.88;4470;10408841004;S
20240521;095945;320.88;30;10408841005;S
20240521;095945;320.88;680;10408841006;S
20240521;095945;320.88;10;10408841007;S
20240521;095945;320.88;10;10408841008;S
20240521;095945;320.88;10;10408841009;S
20240521;095945;320.88;50;10408841010;B
20240521;095945;320.88;120;10408841011;B
20240521;095945;320.88;10;10408841012;B
20240521;095945;320.88;10;10408841013;B
20240521;095945;320.88;10;10408841014;B
20240521;095945;320.88;40;10408841015;B
20240521;095945;320.88;20;10408841016;B
20240521;095945;320.88;90;10408841017;B
20240521;095945;320.88;40;10408841018;B
20240521;095945;320.88;60;10408841019;B
20240521;095945;320.88;10;10408841020;B
20240521;095945;320.88;30;10408841021;B
20240521;095945;320.88;1000;10408841022;B
20240521;095945;320.88;20;10408841023;B
20240521;095945;320.88;20;10408841024;B
20240521;095945;320.88;200;10408841025;S
20240521;095945;320.88;60;10408841026;S
20240521;095945;320.88;50;10408841027;S
20240521;095945;320.88;50;10408841028;S
20240521;095945;320.88;60;10408841029;S
20240521;095945;320.88;100;10408841030;S
20240521;095945;320.88;10;10408841031;S
20240521;095945;320.88;20;10408841032;S
20240521;095945;320.88;150;10408841033;S
20240521;100000;320.89;10;10408846732;B
20240521;100001;320.89;10;10408847270;B
20240521;100001;320.88;100;10408847274;S
20240521;100001;320.89;10;10408847384;B
20240521;100001;320.88;30;10408847843;S
20240521;100001;320.89;10;10408848106;B
20240521;100001;320.89;10;10408848264;B
20240521;100002;320.89;10;10408848526;B
20240521;100002;320.89;10;10408848538;B
20240521;100002;320.89;400;10408849475;B
20240521;100002;320.89;100;10408849476;B
20240521;100002;320.88;480;10408849980;S
20240521;100004;320.89;40;10408851354;B
20240521;100004;320.89;10;10408852119;B
20240521;100004;320.88;100;10408852486;S
20240521;100004;320.89;140;10408852487;B
20240521;100004;320.89;10;10408852488;B
20240521;100004;320.89;430;10408852489;B
20240521;100005;320.89;10;10408852746;B
20240521;100005;320.89;10;10408852765;B
20240521;100005;320.89;90;10408852814;B
20240521;100005;320.89;1910;10408852815;B
20240521;100005;320.89;10;10408853091;B
20240521;100005;320.89;10;10408853406;B
20240521;100005;320.88;70;10408853532;S
20240521;100005;320.89;20;10408853537;B
20240521;100005;320.89;20;10408853539;B
20240521;100005;320.88;20;10408853542;S
20240521;100005;320.89;10;10408853673;B
20240521;100005;320.89;10;10408853674;B
20240521;100005;320.89;10;10408854323;B
20240521;100005;320.89;10;10408854399;B
20240521;100005;320.88;10;10408854621;S
20240521;100006;320.88;1600;10408854799;S
20240521;100006;320.88;10;10408854981;S
20240521;100006;320.88;10;10408854983;S
20240521;100006;320.89;10;10408854986;B
20240521;100006;320.89;10;10408854989;B
20240521;100006;320.89;10;10408855131;B
20240521;100006;320.89;10;10408855132;B
20240521;100006;320.89;20;10408855133;B
20240521;100006;320.89;50;10408855134;B
20240521;100006;320.88;10;10408855136;S
20240521;100006;320.88;10;10408855897;S
20240521;100006;320.89;10;10408855905;B
20240521;100006;320.89;10;10408856029;B
20240521;100006;320.88;20;10408856037;S
20240521;100006;320.89;10;10408856039;B
20240521;100006;320.88;60;10408856042;S
20240521;100006;320.88;3980;10408856043;S
20240521;100006;320.88;90;10408856044;S
20240521;100006;320.88;10;10408856045;S
20240521;100006;320.88;10;10408856046;S
20240521;100006;320.86;330;10408856047;S
20240521;100006;320.85;10;10408856048;S
20240521;100006;320.8;10;10408856049;S
20240521;100006;320.8;200;10408856050;S
20240521;100006;320.8;60;10408856051;S
20240521;100006;320.78;20;10408856052;S
20240521;100006;320.75;10;10408856053;S
20240521;100006;320.75;10;10408856054;S
20240521;100006;320.75;20;10408856055;S
20240521;100006;320.74;10;10408856056;S
20240521;100006;320.7;500;10408856057;S
20240521;100006;320.69;10;10408856058;S
20240521;100006;320.69;10;10408856059;S
20240521;100006;320.69;450;10408856060;S
20240521;100006;320.68;450;10408856061;S
20240521;100006;320.67;450;10408856062;S
20240521;100006;320.66;450;10408856063;S
20240521;100006;320.65;450;10408856064;S
20240521;100006;320.64;450;10408856065;S
20240521;100006;320.63;450;10408856066;S
20240521;100006;320.62;450;10408856067;S
20240521;100006;320.61;20;10408856068;S
20240521;100006;320.61;90;10408856069;S
20240521;100006;320.89;10;10408856071;B
20240521;100006;320.61;500;10408856281;S
20240521;100006;320.6;500;10408856282;S
20240521;100006;320.58;450;10408856283;S
20240521;100006;320.57;450;10408856284;S
20240521;100006;320.56;450;10408856285;S
20240521;100006;320.55;20;10408856286;S
20240521;100006;320.55;50;10408856287;S
20240521;100006;320.55;50;10408856288;S
20240521;100006;320.55;450;10408856289;S
20240521;100006;320.54;450;10408856290;S
20240521;100006;320.53;450;10408856291;S
20240521;100006;320.52;450;10408856292;S
20240521;100006;320.51;50;10408856293;S
20240521;100006;320.51;450;10408856294;S
20240521;100006;320.5;5230;10408856295;S
20240521;100007;320.59;10;10408856340;B
20240521;100007;320.58;10;10408856355;B
20240521;100007;320.58;10;10408856356;B
20240521;100007;320.56;10;10408856474;B
20240521;100007;320.55;30;10408856978;S
20240521;100007;320.55;30;10408856984;S
20240521;100007;320.55;80;10408856995;S
20240521;100007;320.56;20;10408857003;B
20240521;100007;320.55;40;10408857010;S
20240521;100007;320.55;30;10408857016;S
20240521;100007;320.55;570;10408857069;S
20240521;100007;320.55;1220;10408857074;S
20240521;100007;320.51;450;10408857075;S
20240521;100007;320.5;150;10408857076;S
20240521;100007;320.55;500;10408857079;B
20240521;100007;320.55;840;10408857080;B
20240521;100007;320.55;10;10408857541;B
20240521;100007;320.55;10;10408857544;B
20240521;100007;320.54;2000;10408858148;S
20240521;100007;320.5;1360;10408858149;S
20240521;100007;320.53;10;10408858214;S
20240521;100007;320.54;100;10408858217;B
20240521;100007;320.54;10;10408858223;B
20240521;100007;320.54;70;10408858227;B
20240521;100007;320.53;50;10408858233;S
20240521;100007;320.54;10;10408858239;B
20240521;100007;320.53;30;10408858252;S
20240521;100007;320.54;10;10408858291;B
20240521;100007;320.54;640;10408858328;B
20240521;100007;320.54;360;10408858329;B
20240521;100008;320.54;10;10408858381;B
20240521;100008;320.54;20;10408858384;B
20240521;100008;320.53;10;10408858573;S
20240521;100008;320.54;10;10408858574;B
20240521;100008;320.53;350;10408858577;S
20240521;100008;320.54;10;10408858578;B
20240521;100008;320.53;10;10408858579;S
20240521;100008;320.53;20;10408858581;S
20240521;100008;320.54;90;10408858638;B
20240521;100008;320.54;110;10408858639;B
20240521;100008;320.53;110;10408858654;S
20240521;100008;320.54;830;10408858683;B
20240521;100008;320.54;840;10408858684;B
20240521;100008;320.54;330;10408858685;B
20240521;100008;320.54;170;10408858758;B
20240521;100008;320.54;330;10408858759;B
20240521;100008;320.53;30;10408858886;S
20240521;100008;320.54;10;10408858893;B
20240521;100008;320.51;100;10408859482;B
20240521;100008;320.51;400;10408859673;B
20240521;100008;320.51;500;10408859674;B
20240521;100008;320.5;80;10408859875;S
20240521;100008;320.5;310;10408859878;S
20240521;100008;320.5;10;10408860006;S
20240521;100009;320.51;800;10408860260;B
20240521;100009;320.51;10;10408860286;B
20240521;100009;320.51;10;10408860477;B
20240521;100009;320.51;10;10408860479;B
20240521;100009;320.5;390;10408860482;S
20240521;100009;320.5;60;10408860487;S
20240521;100009;320.5;70;10408860491;S
20240521;100009;320.51;10;10408860730;B
20240521;100009;320.51;10;10408860731;B
20240521;100009;320.51;30;10408860735;B
20240521;100009;320.5;10;10408861262;S
20240521;100010;320.51;10;10408861760;B
20240521;100010;320.51;30;10408861767;B
20240521;100010;320.51;370;10408862128;B
20240521;100010;320.51;70;10408862265;B
20240521;100010;320.51;50;10408862284;B
20240521;100010;320.51;90;10408862290;B
20240521;100010;320.5;10;10408862317;S
20240521;100010;320.5;130;10408862339;S
20240521;100010;320.51;10;10408862464;B
20240521;100010;320.51;90;10408862589;B
20240521;100010;320.51;10;10408862621;B
20240521;100010;320.51;560;10408862623;B
20240521;100011;320.51;30;10408862631;B
20240521;100011;320.51;220;10408862638;B
20240521;100011;320.51;60;10408862713;B
20240521;100011;320.5;10;10408862800;S
20240521;100011;320.51;30;10408862852;B
20240521;100011;320.51;190;10408863137;B
20240521;100011;320.51;20;10408863228;B
20240521;100011;320.51;500;10408863272;B
20240521;100011;320.5;1000;10408863294;S
20240521;100012;320.5;20;10408863571;S
20240521;100012;320.51;500;10408863572;B
20240521;100012;320.5;10;10408863896;S
20240521;100012;320.51;500;10408863982;B
20240521;100013;320.51;140;10408864546;B
20240521;100013;320.51;60;10408864547;B
20240521;100015;320.51;20;10408865491;B
20240521;100016;320.51;50;10408865769;B
20240521;100016;320.51;50;10408866012;B
20240521;100017;320.51;10;10408866112;B
20240521;100019;320.5;1150;10408866813;S
20240521;100019;320.5;70;10408866814;S
20240521;100019;320.5;200;10408866815;S
20240521;100019;320.5;500;10408866816;S
20240521;100019;320.5;50;10408866817;S
20240521;100019;320.46;30;10408866818;S
20240521;100019;320.49;500;10408866942;S
20240521;100019;320.48;940;10408866943;S
20240521;100019;320.48;450;10408866944;S
20240521;100019;320.47;450;10408866945;S
20240521;100020;320.46;500;10408867179;B
20240521;100020;320.46;840;10408867180;B
20240521;100020;320.47;160;10408867181;B
20240521;100020;320.45;40;10408867263;S
20240521;100020;320.44;50;10408867264;S
20240521;100020;320.44;20;10408867265;S
20240521;100022;320.45;10;10408867811;B
20240521;100022;320.45;10;10408867864;B
20240521;100022;320.45;10;10408867946;B
20240521;100023;320.46;240;10408868196;B
20240521;100023;320.46;2110;10408868216;B
20240521;100023;320.48;500;10408868217;B
20240521;100023;320.5;180;10408868218;B
20240521;100023;320.49;400;10408868559;S
20240521;100024;320.49;10;10408868724;S
20240521;100025;320.49;90;10408868810;S
20240521;100025;320.48;490;10408868811;S
20240521;100025;320.48;490;10408868818;S
20240521;100025;320.48;500;10408868819;S
20240521;100025;320.48;500;10408868826;B
20240521;100025;320.43;30;10408869060;S
20240521;100025;320.43;60;10408869061;S
20240521;100025;320.47;30;10408869074;B
20240521;100025;320.43;30;10408869075;S
20240521;100026;320.47;30;10408869135;B
20240521;100026;320.44;10;10408869170;S
20240521;100026;320.47;150;10408869194;B
20240521;100026;320.43;400;10408869202;S
20240521;100026;320.43;320;10408869203;S
20240521;100026;320.42;450;10408869204;S
20240521;100026;320.41;10;10408869205;S
20240521;100026;320.41;10;10408869206;S
20240521;100026;320.41;450;10408869207;S
20240521;100026;320.4;10;10408869208;S
20240521;100026;320.4;50;10408869209;S
20240521;100026;320.4;120;10408869210;S
20240521;100026;320.4;140;10408869211;S
20240521;100026;320.42;490;10408869232;S
20240521;100026;320.41;60;10408869233;S
20240521;100026;320.46;20;10408869242;B
20240521;100028;320.46;30;10408869826;S
20240521;100028;320.42;20;10408869827;S
20240521;100028;320.5;10;10408869893;B
20240521;100029;320.43;110;10408870105;S
20240521;100030;320.43;10;10408870180;S
20240521;100030;320.5;100;10408870283;B
20240521;100030;320.44;300;10408870397;S
20240521;100030;320.5;190;10408870633;B
20240521;100033;320.46;20;10408871707;S
20240521;100033;320.46;300;10408871791;S
20240521;100033;320.46;190;10408871792;S
20240521;100034;320.46;20;10408872235;S
20240521;100034;320.46;10;10408872421;S
20240521;100034;320.46;10;10408872423;S
20240521;100034;320.46;30;10408872442;S
20240521;100035;320.45;500;10408872628;S
20240521;100035;320.45;320;10408872629;S
20240521;100035;320.44;490;10408872630;S
20240521;100035;320.44;1800;10408872631;S
20240521;100037;320.5;500;10408873394;B
20240521;100037;320.51;60;10408873395;B
20240521;100037;320.53;60;10408873396;B
20240521;100038;320.46;10;10408873445;S
20240521;100038;320.46;40;10408873687;S
20240521;100038;320.44;50;10408873688;S
20240521;100039;320.42;250;10408873820;S
20240521;100039;320.47;10;10408873842;B
20240521;100040;320.47;10;10408874106;B
20240521;100041;320.47;230;10408874345;B
20240521;100041;320.47;10;10408874498;B
20240521;100041;320.43;40;10408874778;S
20240521;100043;320.43;50;10408875325;S
20240521;100043;320.43;50;10408875369;S
20240521;100043;320.47;20;10408875370;B
20240521;100043;320.44;10;10408875563;S
20240521;100043;320.43;180;10408875564;S
20240521;100045;320.41;10;10408875918;S
20240521;100045;320.47;20;10408875999;B
20240521;100047;320.42;10;10408876397;B
20240521;100048;320.42;490;10408876724;B
20240521;100048;320.43;10;10408876725;B
20240521;100049;320.42;200;10408876972;B
20240521;100049;320.42;150;10408877011;B
20240521;100050;320.42;60;10408877217;B
20240521;100051;320.42;90;10408877314;B
20240521;100051;320.42;1310;10408877356;S
20240521;100051;320.41;10;10408877357;S
20240521;100051;320.4;60;10408877358;S
20240521;100051;320.4;450;10408877359;S
20240521;100051;320.4;10;10408877360;S
20240521;100051;320.4;10;10408877518;B
20240521;100052;320.4;100;10408877640;B
20240521;100052;320.39;200;10408877780;B
20240521;100053;320.39;130;10408877851;S
20240521;100053;320.4;10;10408877930;B
20240521;100054;320.4;10;10408878079;B
20240521;100054;320.41;840;10408878080;S
20240521;100054;320.4;490;10408878081;S
20240521;100054;320.4;450;10408878082;S
20240521;100054;320.4;320;10408878101;B
20240521;100054;320.39;10;10408878113;S
20240521;100054;320.39;20;10408878171;S
20240521;100055;320.4;8000;10408878244;B
20240521;100055;320.4;500;10408878245;B
20240521;100055;320.43;40;10408878246;B
20240521;100055;320.43;940;10408878247;B
20240521;100055;320.44;520;10408878248;B
20240521;100055;320.42;490;10408878274;S
20240521;100055;320.42;840;10408878275;S
20240521;100055;320.41;220;10408878276;S
20240521;100055;320.45;500;10408878455;B
20240521;100055;320.46;40;10408878582;B
20240521;100056;320.39;10;10408878764;S
20240521;100057;320.4;10;10408878962;B
20240521;100057;320.39;10;10408879009;S
20240521;100057;320.39;430;10408879099;S
20240521;100057;320.39;500;10408879100;S
20240521;100057;320.38;70;10408879101;S
20240521;100057;320.39;450;10408879335;S
20240521;100057;320.39;500;10408879336;S
20240521;100057;320.39;50;10408879337;S
20240521;100058;320.4;10;10408879444;B
20240521;100058;320.39;450;10408879458;S
20240521;100058;320.4;10;10408879461;B
20240521;100059;320.4;10;10408879609;B
20240521;100059;320.4;30;10408879727;B
20240521;100059;320.39;20;10408879762;S
20240521;100100;320.39;320;10408879847;S
20240521;100100;320.39;180;10408879848;S
20240521;100100;320.4;10;10408879937;B
20240521;100100;320.39;270;10408879961;S
20240521;100100;320.39;500;10408879962;S
20240521;100100;320.39;840;10408879963;S
20240521;100100;320.38;230;10408879964;S
20240521;100100;320.38;450;10408879965;S
20240521;100100;320.38;330;10408879966;S
20240521;100100;320.38;100;10408879980;B
20240521;100100;320.38;10;10408880018;B
20240521;100100;320.38;100;10408880045;B
20240521;100100;320.38;730;10408880079;B
20240521;100100;320.39;200;10408880080;B
20240521;100100;320.39;100;10408880096;B
20240521;100100;320.39;200;10408880142;B
20240521;100100;320.39;1500;10408880154;B
20240521;100101;320.4;320;10408880264;B
20240521;100101;320.45;10;10408880299;B
20240521;100101;320.43;10;10408880304;S
20240521;100101;320.41;310;10408880427;S
20240521;100102;320.46;10;10408880545;B
20240521;100102;320.47;1070;10408880546;B
20240521;100102;320.47;20;10408880629;B
20240521;100102;320.47;200;10408880644;B
20240521;100102;320.43;20;10408880694;S
20240521;100102;320.47;20;10408880700;B
20240521;100103;320.47;20;10408881104;B
20240521;100103;320.46;840;10408881117;B
20240521;100103;320.47;660;10408881118;B
20240521;100103;320.45;150;10408881126;S
20240521;100103;320.47;60;10408881190;B
20240521;100104;320.47;100;10408881317;B
20240521;100104;320.47;5850;10408881465;B
20240521;100104;320.47;840;10408881466;B
20240521;100104;320.49;500;10408881467;B
20240521;100104;320.5;2810;10408881468;B
20240521;100104;320.5;10;10408881486;B
20240521;100104;320.51;70;10408881487;B
20240521;100105;320.51;70;10408881691;B
20240521;100108;320.48;10;10408882531;S
20240521;100108;320.48;940;10408882532;S
20240521;100108;320.48;500;10408882533;S
20240521;100108;320.46;10;10408882534;S
20240521;100108;320.45;490;10408882535;S
20240521;100108;320.44;2000;10408882536;S
20240521;100108;320.43;450;10408882537;S
20240521;100108;320.42;2990;10408882538;S
20240521;100108;320.42;230;10408882539;S
20240521;100109;320.54;260;10408882642;B
20240521;100109;320.46;300;10408882797;S
20240521;100109;320.46;30;10408882842;S
20240521;100111;320.43;100;10408883102;B
20240521;100111;320.43;500;10408883103;B
20240521;100111;320.44;90;10408883104;B
20240521;100112;320.42;100;10408883292;S
20240521;100112;320.43;500;10408883305;B
20240521;100112;320.43;100;10408883315;S
20240521;100112;320.43;100;10408883340;S
20240521;100112;320.43;100;10408883392;S
20240521;100112;320.43;100;10408883418;S
20240521;100112;320.43;100;10408883455;S
20240521;100112;320.43;100;10408883479;S
20240521;100112;320.43;100;10408883495;S
20240521;100112;320.43;100;10408883512;S
20240521;100112;320.43;100;10408883555;S
20240521;100113;320.43;10;10408883592;S
20240521;100113;320.44;100;10408883594;B
20240521;100113;320.44;10;10408883598;B
20240521;100113;320.44;100;10408883621;B
20240521;100113;320.44;100;10408883643;B
20240521;100113;320.44;100;10408883660;B
20240521;100113;320.44;90;10408883696;B
20240521;100113;320.44;100;10408883716;B
20240521;100113;320.44;100;10408883734;B
20240521;100113;320.44;100;10408883774;B
20240521;100114;320.44;100;10408883850;B
20240521;100114;320.44;100;10408883998;B
20240521;100117;320.44;940;10408884643;B
20240521;100117;320.45;1000;10408884644;B
20240521;100117;320.45;500;10408884645;B
20240521;100117;320.46;320;10408884646;B
20240521;100117;320.46;850;10408884647;B
20240521;100117;320.47;2000;10408884648;B
20240521;100117;320.48;2000;10408884649;B
20240521;100117;320.5;50;10408884650;B
20240521;100117;320.5;2000;10408884651;B
20240521;100117;320.5;50;10408884652;B
20240521;100117;320.5;1000;10408884653;B
20240521;100117;320.5;300;10408884654;B
20240521;100117;320.51;450;10408884655;B
20240521;100117;320.51;1000;10408884656;B
20240521;100117;320.52;450;10408884657;B
20240521;100117;320.52;2000;10408884658;B
20240521;100117;320.53;450;10408884659;B
20240521;100117;320.54;190;10408884660;B
20240521;100118;320.57;30;10408884685;B
20240521;100118;320.55;500;10408884919;S
20240521;100120;320.56;250;10408885292;B
20240521;100122;320.56;690;10408885560;B
20240521;100122;320.56;320;10408885561;B
20240521;100122;320.57;120;10408885567;B
20240521;100122;320.57;500;10408885568;S
20240521;100122;320.57;500;10408885572;S
20240521;100122;320.57;500;10408885575;S
20240521;100122;320.57;500;10408885576;S
20240521;100122;320.57;500;10408885578;S
20240521;100122;320.57;500;10408885587;S
20240521;100122;320.57;500;10408885588;S
20240521;100122;320.57;500;10408885589;S
20240521;100122;320.57;500;10408885592;S
20240521;100122;320.57;500;10408885594;S
20240521;100122;320.56;390;10408885626;S
20240521;100122;320.55;50;10408885627;S
20240521;100122;320.55;50;10408885628;S
20240521;100122;320.55;50;10408885629;S
20240521;100122;320.55;50;10408885630;S
20240521;100122;320.54;410;10408885631;S
20240521;100124;320.59;50;10408886016;B
20240521;100126;320.58;20;10408886284;S
20240521;100126;320.58;230;10408886285;S
20240521;100126;320.59;30;10408886297;B
20240521;100126;320.59;90;10408886299;B
20240521;100126;320.59;10;10408886300;B
20240521;100126;320.59;40;10408886309;B
20240521;100126;320.59;10;10408886310;B
20240521;100127;320.6;50;10408886386;B
20240521;100127;320.6;40;10408886397;B
20240521;100127;320.6;10;10408886575;B
20240521;100127;320.64;50;10408886576;B
20240521;100127;320.66;30;10408886577;B
20240521;100128;320.7;50;10408886611;B
20240521;100128;320.62;30;10408886652;S
20240521;100129;320.7;10;10408886738;B
20240521;100129;320.68;500;10408886873;B
20240521;100129;320.68;450;10408886874;B
20240521;100129;320.69;10;10408886875;B
20240521;100129;320.69;450;10408886876;B
20240521;100129;320.7;390;10408886877;B
20240521;100129;320.71;200;10408886878;B
20240521;100130;320.7;40;10408887048;B
20240521;100131;320.71;10;10408887304;B
20240521;100132;320.71;240;10408887308;B
20240521;100132;320.71;500;10408887309;B
20240521;100132;320.71;50;10408887518;S
20240521;100133;320.72;450;10408887588;B
20240521;100133;320.72;160;10408887589;B
20240521;100133;320.73;10;10408887864;B
20240521;100134;320.73;440;10408888101;B
20240521;100134;320.74;200;10408888102;B
20240521;100134;320.74;450;10408888103;B
20240521;100134;320.75;450;10408888104;B
20240521;100134;320.75;840;10408888105;B
20240521;100134;320.76;450;10408888106;B
20240521;100134;320.77;450;10408888107;B
20240521;100134;320.77;2000;10408888108;B
20240521;100134;320.78;450;10408888109;B
20240521;100134;320.78;500;10408888110;B
20240521;100134;320.79;450;10408888111;B
20240521;100134;320.8;320;10408888112;B
20240521;100136;320.78;100;10408888457;S
20240521;100136;320.82;10;10408888483;B
20240521;100136;320.78;50;10408888486;S
20240521;100136;320.82;440;10408888487;B
20240521;100136;320.83;2000;10408888488;B
20240521;100136;320.83;450;10408888489;B
20240521;100136;320.83;500;10408888490;B
20240521;100136;320.84;450;10408888491;B
20240521;100136;320.85;450;10408888492;B
20240521;100136;320.86;450;10408888493;B
20240521;100136;320.87;450;10408888494;B
20240521;100136;320.88;2000;10408888495;B
20240521;100136;320.88;450;10408888496;B
20240521;100136;320.89;450;10408888497;B
20240521;100136;320.9;1500;10408888498;B
20240521;100136;320.9;410;10408888499;B
20240521;100137;320.89;10;10408888826;B
20240521;100137;320.85;200;10408888842;S
20240521;100138;320.89;10;10408889441;B
20240521;100139;320.88;20;10408889767;B
20240521;100139;320.9;20;10408889902;B
20240521;100140;320.9;20;10408890139;B
20240521;100141;320.9;60;10408890477;B
20240521;100142;320.85;40;10408890739;S
20240521;100143;320.9;1400;10408890952;B
20240521;100144;320.92;30;10408891248;B
20240521;100145;320.92;470;10408891304;B
20240521;100145;320.93;630;10408891305;B
20240521;100145;320.88;10;10408891489;S
20240521;100145;320.88;10;10408891490;S
20240521;100145;320.88;10;10408891491;S
20240521;100145;320.88;10;10408891492;S
20240521;100145;320.88;320;10408891493;S
20240521;100145;320.88;490;10408891494;S
20240521;100145;320.88;940;10408891495;S
20240521;100145;320.87;10;10408891496;S
20240521;100145;320.87;10;10408891497;S
20240521;100145;320.87;10;10408891498;S
20240521;100145;320.87;170;10408891499;S
20240521;100146;320.88;940;10408891572;S
20240521;100146;320.87;840;10408891573;S
20240521;100146;320.86;10;10408891574;S
20240521;100146;320.86;210;10408891575;S
20240521;100147;320.91;160;10408891770;S
20240521;100147;320.91;320;10408891771;S
20240521;100147;320.91;350;10408891772;S
20240521;100147;320.9;450;10408891773;S
20240521;100147;320.9;500;10408891774;S
20240521;100147;320.9;50;10408891775;S
20240521;100147;320.89;170;10408891776;S
20240521;100148;320.84;500;10408892046;S
20240521;100148;320.84;450;10408892047;S
20240521;100148;320.83;1050;10408892048;S
20240521;100148;320.84;500;10408892094;S
20240521;100148;320.84;450;10408892095;S
20240521;100148;320.83;50;10408892096;S
20240521;100149;320.89;20;10408892231;S
20240521;100149;320.88;450;10408892232;S
20240521;100149;320.87;450;10408892233;S
20240521;100149;320.86;450;10408892234;S
20240521;100149;320.85;450;10408892235;S
20240521;100149;320.84;180;10408892236;S
20240521;100150;320.84;200;10408892425;S
20240521;100152;320.86;10;10408892988;B
20240521;100152;320.87;50;10408892989;B
20240521;100152;320.89;490;10408892990;B
20240521;100152;320.89;850;10408892991;B
20240521;100152;320.89;940;10408892992;B
20240521;100152;320.89;500;10408892993;B
20240521;100153;320.92;50;10408893021;B
20240521;100153;320.93;150;10408893037;B
20240521;100153;320.92;20;10408893049;S
20240521;100154;320.94;1330;10408893140;B
20240521;100155;320.94;10;10408893380;B
20240521;100156;320.94;10;10408893443;B
20240521;100156;320.94;40;10408893466;B
20240521;100157;320.91;500;10408893683;S
20240521;100157;320.9;940;10408893684;S
20240521;100157;320.9;560;10408893685;S
20240521;100158;320.9;500;10408893875;S
20240521;100158;320.89;1500;10408893876;S
20240521;100158;320.89;2000;10408894059;S
20240521;100159;320.89;2000;10408894210;S
20240521;100200;320.89;10;10408894260;S
20240521;100200;320.86;140;10408894261;S
20240521;100200;320.9;50;10408894276;B
20240521;100200;320.9;850;10408894277;B
20240521;100200;320.9;100;10408894278;B
20240521;100201;320.89;320;10408894470;B
20240521;100201;320.89;280;10408894471;B
20240521;100201;320.89;570;10408894472;B
20240521;100201;320.89;430;10408894473;B
20240521;100201;320.89;60;10408894474;B
20240521;100201;320.89;440;10408894475;B
20240521;100201;320.9;90;10408894488;B
20240521;100202;320.9;40;10408894537;B
20240521;100202;320.86;10;10408894576;S
20240521;100202;320.86;20;10408894577;S
20240521;100202;320.85;20;10408894665;S
20240521;100203;320.9;50;10408894719;B
20240521;100204;320.87;500;10408894937;B
20240521;100204;320.88;50;10408895077;B
20240521;100205;320.87;500;10408895160;B
20240521;100205;320.87;400;10408895161;B
20240521;100205;320.84;400;10408895165;S
20240521;100205;320.84;20;10408895166;S
20240521;100205;320.82;1080;10408895167;S
20240521;100205;320.82;2000;10408895291;S
20240521;100206;320.86;30;10408895621;B
20240521;100206;320.8;2000;10408895658;S
20240521;100207;320.81;10;10408895829;S
20240521;100209;320.85;100;10408896027;B
20240521;100210;320.89;10;10408896330;B
20240521;100212;320.81;500;10408896530;S
20240521;100212;320.81;450;10408896531;S
20240521;100212;320.81;840;10408896532;S
20240521;100212;320.8;210;10408896533;S
20240521;100212;320.81;500;10408896658;S
20240521;100212;320.81;450;10408896659;S
20240521;100212;320.8;1050;10408896660;S
20240521;100215;320.86;940;10408897037;B
20240521;100215;320.86;460;10408897038;B
20240521;100215;320.86;940;10408897171;B
20240521;100215;320.87;500;10408897172;B
20240521;100215;320.88;850;10408897173;B
20240521;100215;320.88;320;10408897174;B
20240521;100215;320.88;490;10408897175;B
20240521;100215;320.89;450;10408897176;B
20240521;100215;320.89;1280;10408897177;B
20240521;100216;320.89;30;10408897314;B
20240521;100219;320.81;50;10408897729;S
20240521;100219;320.81;450;10408897928;S
20240521;100219;320.81;450;10408897929;S
20240521;100219;320.8;2890;10408897930;S
20240521;100219;320.8;210;10408897931;S
20240521;100220;320.81;450;10408898008;S
20240521;100220;320.81;500;10408898009;S
20240521;100220;320.8;1790;10408898010;S
20240521;100220;320.8;80;10408898011;S
20240521;100223;320.81;100;10408898645;S
20240521;100224;320.81;10;10408898743;S
20240521;100225;320.86;10;10408898900;B
20240521;100225;320.86;930;10408898915;B
20240521;100225;320.87;10;10408898988;B
20240521;100225;320.87;10;10408898989;B
20240521;100225;320.87;490;10408898998;B
20240521;100225;320.88;320;10408898999;B
20240521;100225;320.88;190;10408899000;B
20240521;100225;320.86;30;10408899019;S
20240521;100226;320.86;440;10408899055;S
20240521;100226;320.81;10;10408899056;S
20240521;100226;320.85;30;10408899090;B
20240521;100228;320.85;10;10408899364;B
20240521;100230;320.85;20;10408899642;B
20240521;100230;320.85;80;10408899643;B
20240521;100232;320.86;90;10408900100;B
20240521;100232;320.85;10;10408900113;S
20240521;100232;320.84;30;10408900114;S
20240521;100235;320.87;850;10408900888;B
20240521;100235;320.87;500;10408900889;B
20240521;100235;320.87;50;10408900890;B
20240521;100236;320.86;10;10408901472;S
20240521;100238;320.87;30;10408901889;B
20240521;100240;320.87;250;10408902138;B
20240521;100240;320.86;90;10408902242;S
20240521;100240;320.86;10;10408902243;S
20240521;100242;320.86;20;10408902562;S
20240521;100244;320.87;250;10408902889;B
20240521;100245;320.87;20;10408902924;B
20240521;100245;320.87;100;10408902933;B
20240521;100245;320.87;290;10408902943;B
20240521;100245;320.87;40;10408902944;B
20240521;100246;320.9;30;10408903191;B
20240521;100246;320.92;450;10408903192;B
20240521;100246;320.93;450;10408903193;B
20240521;100246;320.93;140;10408903194;B
20240521;100246;320.93;1860;10408903232;B
20240521;100246;320.93;450;10408903233;B
20240521;100246;320.94;1770;10408903234;B
20240521;100246;320.94;20;10408903235;B
20240521;100246;320.94;450;10408903236;B
20240521;100246;320.94;10;10408903237;B
20240521;100246;320.94;440;10408903238;B
20240521;100249;320.9;100;10408903699;S
20240521;100250;320.9;300;10408903958;S
20240521;100252;320.95;10;10408904345;B
20240521;100252;320.89;300;10408904439;S
20240521;100253;320.89;230;10408904456;S
20240521;100254;320.93;300;10408904832;S
20240521;100256;320.95;140;10408905053;B
20240521;100256;320.95;500;10408905054;B
20240521;100256;320.95;10;10408905195;S
20240521;100257;320.96;750;10408905266;B
20240521;100257;320.96;60;10408905385;B
20240521;100259;320.94;300;10408905587;S
20240521;100259;320.96;50;10408905661;B
20240521;100259;320.96;10;10408905739;B
20240521;100302;320.96;400;10408906402;B
20240521;100303;320.96;10;10408906472;B
20240521;100303;320.96;1000;10408906473;B
20240521;100303;320.96;100;10408906474;B
20240521;100303;320.96;200;10408906591;B
20240521;100303;320.96;100;10408906592;B
20240521;100303;320.96;100;10408906593;B
20240521;100303;320.96;200;10408906597;B
20240521;100303;320.96;300;10408906598;B
20240521;100303;320.96;200;10408906599;B
20240521;100303;320.96;100;10408906600;B
20240521;100303;320.96;100;10408906601;B
20240521;100303;320.96;2000;10408906619;B
20240521;100304;320.96;10;10408906643;B
20240521;100304;320.96;450;10408906687;B
20240521;100306;320.96;6500;10408907029;B
20240521;100306;320.95;100;10408907095;S
20240521;100307;320.96;1400;10408907187;B
20240521;100307;320.96;10;10408907194;B
20240521;100307;320.96;900;10408907204;B
20240521;100307;320.96;100;10408907205;B
20240521;100307;320.96;500;10408907206;B
20240521;100307;320.95;20;10408907242;S
20240521;100307;320.96;400;10408907323;B
20240521;100309;320.96;100;10408907440;B
20240521;100309;320.96;200;10408907441;B
20240521;100309;320.96;10;10408907516;B
20240521;100311;320.96;40;10408907949;B
20240521;100312;320.96;520;10408908086;B
20240521;100312;320.95;100;10408908094;S
20240521;100312;320.96;10;10408908126;B
20240521;100314;320.96;50;10408908388;B
20240521;100314;320.95;400;10408908512;S
20240521;100315;320.96;30;10408908665;B
20240521;100316;320.96;200;10408908878;B
20240521;100316;320.95;130;10408908912;S
20240521;100317;320.96;1400;10408908941;B
20240521;100317;320.96;10;10408908942;B
20240521;100317;320.95;110;10408909038;S
20240521;100317;320.95;340;10408909043;S
20240521;100318;320.95;20;10408909191;S
20240521;100321;320.96;30;10408909623;B
20240521;100321;320.95;430;10408909671;S
20240521;100321;320.95;1000;10408909672;S
20240521;100321;320.95;20;10408909673;S
20240521;100321;320.95;50;10408909674;S
20240521;100321;320.95;50;10408909675;S
20240521;100321;320.95;50;10408909676;S
20240521;100321;320.95;50;10408909677;S
20240521;100321;320.95;720;10408909696;B
20240521;100321;320.95;490;10408909697;B
20240521;100321;320.95;50;10408909725;S
20240521;100321;320.95;10;10408909740;S
20240521;100324;320.96;100;10408910291;B
20240521;100325;320.96;10;10408910453;B
20240521;100326;320.95;220;10408910636;S
20240521;100326;320.96;10;10408910696;B
20240521;100326;320.96;200;10408910744;B
20240521;100327;320.96;1400;10408910800;B
20240521;100329;320.95;1000;10408911269;S
20240521;100330;320.96;100;10408911674;B
20240521;100330;320.96;100;10408911705;B
20240521;100330;320.96;100;10408911712;B
20240521;100330;320.96;200;10408911720;B
20240521;100330;320.96;100;10408911721;B
20240521;100330;320.96;100;10408911722;B
20240521;100330;320.96;100;10408911725;B
20240521;100330;320.96;100;10408911726;B
20240521;100330;320.96;100;10408911727;B
20240521;100330;320.96;100;10408911728;B
20240521;100330;320.96;300;10408911729;B
20240521;100330;320.96;200;10408911730;B
20240521;100330;320.96;500;10408911734;B
20240521;100330;320.96;100;10408911735;B
20240521;100330;320.96;100;10408911736;B
20240521;100330;320.96;100;10408911737;B
20240521;100330;320.96;100;10408911738;B
20240521;100330;320.96;200;10408911739;B
20240521;100330;320.96;100;10408911741;B
20240521;100330;320.96;100;10408911742;B
20240521;100330;320.96;100;10408911743;B
20240521;100330;320.96;100;10408911744;B
20240521;100330;320.96;100;10408911745;B
20240521;100330;320.96;100;10408911746;B
20240521;100330;320.96;200;10408911755;B
20240521;100330;320.96;100;10408911756;B
20240521;100330;320.96;400;10408911757;B
20240521;100330;320.96;100;10408911758;B
20240521;100330;320.96;100;10408911759;B
20240521;100330;320.96;100;10408911764;B
20240521;100330;320.96;200;10408911765;B
20240521;100330;320.96;100;10408911766;B
20240521;100330;320.96;100;10408911767;B
20240521;100330;320.96;100;10408911772;B
20240521;100330;320.96;100;10408911773;B
20240521;100330;320.96;200;10408911774;B
20240521;100330;320.96;100;10408911776;B
20240521;100330;320.96;100;10408911777;B
20240521;100330;320.96;100;10408911778;B
20240521;100330;320.96;100;10408911779;B
20240521;100330;320.96;100;10408911780;B
20240521;100330;320.96;100;10408911782;B
20240521;100330;320.96;200;10408911784;B
20240521;100330;320.96;100;10408911786;B
20240521;100330;320.96;100;10408911788;B
20240521;100330;320.96;100;10408911789;B
20240521;100330;320.96;100;10408911790;B
20240521;100330;320.96;100;10408911804;B
20240521;100330;320.96;100;10408911805;B
20240521;100330;320.96;100;10408911807;B
20240521;100331;320.96;100;10408911820;B
20240521;100331;320.96;100;10408911847;B
20240521;100331;320.96;100;10408911858;B
20240521;100331;320.96;100;10408911936;B
20240521;100331;320.96;200;10408911998;B
20240521;100331;320.96;30;10408912002;B
20240521;100331;320.96;100;10408912009;B
20240521;100332;320.96;310;10408912147;B
20240521;100332;320.96;100;10408912290;B
20240521;100332;320.96;100;10408912291;B
20240521;100332;320.96;200;10408912294;B
20240521;100332;320.96;100;10408912296;B
20240521;100333;320.96;100;10408912297;B
20240521;100333;320.96;100;10408912299;B
20240521;100333;320.96;100;10408912300;B
20240521;100333;320.95;10;10408912395;S
20240521;100333;320.96;10;10408912461;B
20240521;100334;320.96;100;10408912608;B
20240521;100334;320.96;40;10408912640;B
20240521;100334;320.96;100;10408912659;B
20240521;100334;320.96;30;10408912670;B
20240521;100334;320.95;840;10408912682;S
20240521;100335;320.95;30;10408912744;S
20240521;100336;320.96;2000;10408912937;B
20240521;100336;320.96;40;10408912938;B
20240521;100337;320.96;1400;10408913170;B
20240521;100337;320.96;20;10408913171;B
20240521;100338;320.95;20;10408913431;S
20240521;100340;320.96;10;10408913686;B
20240521;100340;320.95;20;10408913789;S
20240521;100341;320.96;300;10408913926;B
20240521;100341;320.96;100;10408913935;B
20240521;100341;320.95;100;10408913956;S
20240521;100342;320.96;200;10408914120;B
20240521;100342;320.95;960;10408914133;S
20240521;100342;320.96;40;10408914208;B
20240521;100343;320.96;200;10408914343;B
20240521;100344;320.96;170;10408914499;B
20240521;100344;320.96;10;10408914500;B
20240521;100344;320.96;40;10408914501;B
20240521;100346;320.96;70;10408914920;B
20240521;100347;320.96;130;10408914946;B
20240521;100347;320.96;160;10408914947;B
20240521;100347;320.96;50;10408914948;B
20240521;100347;320.96;500;10408914980;S
20240521;100347;320.96;560;10408914985;S
20240521;100347;320.96;500;10408914986;S
20240521;100347;320.96;850;10408914987;S
20240521;100347;320.96;320;10408914988;S
20240521;100347;320.96;490;10408914989;S
20240521;100347;320.96;940;10408914990;S
20240521;100347;320.96;850;10408914992;S
20240521;100347;320.96;850;10408914993;S
20240521;100347;320.96;850;10408914994;S
20240521;100347;320.96;850;10408914995;S
20240521;100347;320.96;500;10408914996;S
20240521;100347;320.96;450;10408914997;S
20240521;100347;320.96;320;10408914998;S
20240521;100349;320.97;100;10408915593;B
20240521;100349;320.97;810;10408915594;B
20240521;100349;320.99;90;10408915595;B
20240521;100352;320.98;210;10408916069;B
20240521;100352;320.98;10;10408916176;B
20240521;100353;320.97;50;10408916336;S
20240521;100353;320.97;50;10408916337;S
20240521;100355;320.97;50;10408916569;S
20240521;100355;320.97;50;10408916570;S
20240521;100355;320.98;500;10408916571;B
20240521;100355;320.99;500;10408916572;B
20240521;100355;320.99;60;10408916573;B
20240521;100355;320.99;940;10408916574;B
20240521;100355;320.99;60;10408916575;B
20240521;100355;320.99;50;10408916576;B
20240521;100355;320.99;40;10408916577;B
20240521;100355;320.99;50;10408916578;B
20240521;100355;320.99;760;10408916579;B
20240521;100355;320.99;240;10408916580;B
20240521;100355;320.99;300;10408916581;B
20240521;100355;320.98;270;10408916717;S
20240521;100355;320.99;600;10408916730;B
20240521;100355;320.99;210;10408916731;B
20240521;100355;320.99;290;10408916732;B
20240521;100355;320.99;210;10408916743;B
20240521;100355;320.99;190;10408916744;B
20240521;100355;320.99;620;10408916745;B
20240521;100355;321;1000;10408916746;B
20240521;100356;321;130;10408916749;B
20240521;100356;321;100;10408916754;B
20240521;100356;320.99;380;10408916840;S
20240521;100356;320.99;120;10408916841;S
20240521;100357;321;1400;10408916922;B
20240521;100358;321;140;10408917141;B
20240521;100358;321;1000;10408917146;B
20240521;100358;321;10;10408917152;B
20240521;100359;320.99;380;10408917290;S
20240521;100359;320.99;120;10408917291;S
20240521;100400;321;30;10408917381;B
20240521;100400;321;990;10408917609;B
20240521;100401;321;100;10408917798;B
20240521;100402;321;210;10408917927;B
20240521;100402;321;100;10408917941;B
20240521;100402;321;2990;10408918007;B
20240521;100402;320.99;330;10408918009;S
20240521;100402;320.99;940;10408918010;S
20240521;100402;320.99;300;10408918011;S
20240521;100402;320.99;320;10408918012;S
20240521;100402;320.99;490;10408918013;S
20240521;100402;320.98;300;10408918014;S
20240521;100402;320.98;1000;10408918015;S
20240521;100402;320.98;200;10408918016;S
20240521;100402;320.98;200;10408918017;S
20240521;100402;320.98;450;10408918018;S
20240521;100402;320.97;50;10408918019;S
20240521;100402;320.97;450;10408918020;S
20240521;100402;320.96;450;10408918021;S
20240521;100402;320.96;2150;10408918022;S
20240521;100402;320.95;2370;10408918023;S
20240521;100403;320.98;100;10408918079;B
20240521;100403;320.98;1430;10408918105;B
20240521;100403;320.98;770;10408918106;B
20240521;100403;320.98;40;10408918115;B
20240521;100403;320.99;60;10408918116;B
20240521;100403;320.99;700;10408918157;B
20240521;100403;320.99;110;10408918158;B
20240521;100403;321;400;10408918161;B
20240521;100403;321;200;10408918162;B
20240521;100403;321;1000;10408918163;B
20240521;100403;321;600;10408918164;B
20240521;100403;321;500;10408918165;B
20240521;100403;321;50;10408918169;B
20240521;100403;321;50;10408918179;B
20240521;100403;321;20;10408918180;B
20240521;100403;321;10;10408918181;B
20240521;100403;321;10;10408918182;B
20240521;100403;321;10;10408918183;B
20240521;100403;321;50;10408918195;B
20240521;100403;321;550;10408918227;B
20240521;100403;321;50;10408918228;B
20240521;100403;321;60;10408918229;B
20240521;100403;321;250;10408918230;B
20240521;100403;321;1300;10408918231;B
20240521;100403;321;1000;10408918232;B
20240521;100403;321;50;10408918233;B
20240521;100403;321;10;10408918234;B
20240521;100403;321;10;10408918235;B
20240521;100403;321;4740;10408918236;B
20240521;100403;321;540;10408918237;B
20240521;100403;321;50;10408918242;B
20240521;100404;320.99;20;10408918452;S
20240521;100404;321;850;10408918458;B
20240521;100405;321;10;10408918503;B
20240521;100405;320.99;70;10408918566;S
20240521;100405;320.99;250;10408918567;S
20240521;100406;320.99;20;10408918704;S
20240521;100406;321;10;10408918749;B
20240521;100406;320.99;10;10408918776;S
20240521;100406;320.99;300;10408918791;S
20240521;100407;321;100;10408918872;B
20240521;100407;320.99;420;10408918873;S
20240521;100407;320.99;80;10408918874;S
20240521;100407;321;1400;10408918877;B
20240521;100409;320.99;420;10408919195;S
20240521;100409;320.99;2000;10408919196;S
20240521;100409;320.99;390;10408919197;S
20240521;100409;320.98;300;10408919198;S
20240521;100409;320.98;450;10408919199;S
20240521;100409;320.98;20;10408919200;S
20240521;100409;320.97;50;10408919268;S
20240521;100409;320.96;450;10408919269;S
20240521;100409;320.96;10;10408919270;S
20240521;100409;320.96;490;10408919271;S
20240521;100409;320.96;100;10408919301;B
20240521;100410;320.96;10;10408919435;B
20240521;100411;320.96;810;10408919650;B
20240521;100411;320.97;1140;10408919651;B
20240521;100412;320.96;40;10408919982;S
20240521;100413;320.97;10;10408920053;B
20240521;100413;320.97;40;10408920054;B
20240521;100413;320.97;770;10408920234;B
20240521;100413;320.97;550;10408920235;B
20240521;100413;320.97;2180;10408920236;B
20240521;100413;320.98;36420;10408920237;B
20240521;100413;320.98;500;10408920238;B
20240521;100413;320.99;200;10408920239;B
20240521;100413;320.99;320;10408920240;B
20240521;100413;321;9060;10408920241;B
20240521;100414;320.98;10;10408920256;S
20240521;100415;321;10;10408920588;B
20240521;100416;320.99;200;10408920856;S
20240521;100417;320.99;1400;10408920911;B
20240521;100420;320.99;10;10408921960;B
20240521;100420;320.99;100;10408922048;B
20240521;100420;320.99;290;10408922049;B
20240521;100420;320.99;210;10408922050;B
20240521;100420;320.99;200;10408922071;B
20240521;100421;320.99;50;10408922215;B
20240521;100421;320.99;1930;10408922298;B
20240521;100421;320.99;2500;10408922299;B
20240521;100421;320.99;990;10408922300;B
20240521;100421;321;97410;10408922301;B
20240521;100421;321;10;10408922302;B
20240521;100421;321;10;10408922303;B
20240521;100421;321;30;10408922304;B
20240521;100421;321.01;700;10408922305;B
20240521;100421;321.01;10;10408922306;B
20240521;100421;321.02;810;10408922307;B
20240521;100421;321.02;500;10408922308;B
20240521;100421;321.03;8000;10408922309;B
20240521;100421;321.04;100;10408922310;B
20240521;100421;321.08;10;10408922311;B
20240521;100421;321.08;10;10408922312;B
20240521;100421;321.08;10;10408922313;B
20240521;100421;321.08;10;10408922314;B
20240521;100421;321.08;10;10408922315;B
20240521;100421;321.08;970;10408922316;B
20240521;100421;321.08;1050;10408922317;B
20240521;100421;321.08;20;10408922318;B
20240521;100421;321.08;10;10408922319;B
20240521;100421;321.08;30;10408922320;B
20240521;100421;321.08;130;10408922321;B
20240521;100421;321.08;60;10408922322;B
20240521;100421;321.08;100;10408922323;B
20240521;100421;321.08;800;10408922324;B
20240521;100421;321.09;1000;10408922325;B
20240521;100421;321.1;450;10408922326;B
20240521;100421;321.1;2000;10408922327;B
20240521;100421;321.1;2000;10408922328;B
20240521;100421;321.11;450;10408922329;B
20240521;100421;321.11;840;10408922330;B
20240521;100421;321.12;10;10408922331;B
20240521;100421;321.12;6660;10408922332;B
20240521;100421;321.12;450;10408922333;B
20240521;100421;321.12;2000;10408922334;B
20240521;100421;321.13;450;10408922335;B
20240521;100421;321.14;10;10408922336;B
20240521;100421;321.14;20;10408922337;B
20240521;100421;321.14;450;10408922338;B
20240521;100421;321.14;8000;10408922339;B
20240521;100421;321.15;450;10408922340;B
20240521;100421;321.16;450;10408922341;B
20240521;100421;321.17;2000;10408922342;B
20240521;100421;321.17;450;10408922343;B
20240521;100421;321.17;2000;10408922344;B
20240521;100421;321.18;700;10408922345;B
20240521;100421;321.18;100;10408922346;B
20240521;100421;321.18;450;10408922347;B
20240521;100421;321.19;450;10408922348;B
20240521;100421;321.19;1940;10408922349;B
20240521;100421;321.19;60;10408922351;B
20240521;100421;321.19;1000;10408922354;B
20240521;100421;321.18;1100;10408922355;B
20240521;100421;321.19;350;10408922356;B
20240521;100421;321.2;10;10408922373;B
20240521;100421;321.2;10;10408922374;B
20240521;100421;321.2;400;10408922375;B
20240521;100421;321.2;80;10408922376;B
20240521;100421;321.2;120;10408922378;B
20240521;100421;321.2;20;10408922379;B
20240521;100421;321.21;150;10408922393;B
20240521;100421;321.21;150;10408922400;B
20240521;100421;321.22;20;10408922421;B
20240521;100421;321.22;500;10408922422;S
20240521;100421;321.22;450;10408922423;S
20240521;100421;321.22;850;10408922424;S
20240521;100421;321.22;1000;10408922425;S
20240521;100421;321.22;500;10408922427;S
20240521;100421;321.22;450;10408922428;S
20240521;100421;321.22;940;10408922429;S
20240521;100421;321.22;500;10408922442;S
20240521;100421;321.22;450;10408922443;S
20240521;100421;321.22;500;10408922445;S
20240521;100421;321.22;450;10408922446;S
20240521;100421;321.22;500;10408922448;S
20240521;100421;321.22;450;10408922449;S
20240521;100422;321.23;500;10408922483;B
20240521;100422;321.23;500;10408922484;B
20240521;100422;321.31;10;10408922560;B
20240521;100422;321.26;30;10408922600;B
20240521;100422;321.31;170;10408922601;B
20240521;100422;321.31;120;10408922607;B
20240521;100422;321.32;340;10408922649;S
20240521;100422;321.33;50;10408922653;B
20240521;100422;321.34;550;10408922657;B
20240521;100422;321.38;100;10408922662;B
20240521;100422;321.38;100;10408922667;B
20240521;100422;321.38;350;10408922669;B
20240521;100422;321.38;810;10408922670;B
20240521;100422;321.39;30;10408922671;B
20240521;100422;321.39;30;10408922672;B
20240521;100422;321.4;630;10408922673;B
20240521;100422;321.4;880;10408922674;B
20240521;100422;321.4;300;10408922675;B
20240521;100422;321.4;50;10408922710;B
20240521;100423;321.4;360;10408922722;B
20240521;100423;321.4;50;10408922833;B
20240521;100423;321.4;300;10408922891;B
20240521;100423;321.4;10;10408922896;B
20240521;100424;321.4;50;10408922923;B
20240521;100425;321.4;30;10408923254;B
20240521;100426;321.4;100;10408923422;B
20240521;100427;321.4;1270;10408923619;B
20240521;100427;321.4;10;10408923620;B
20240521;100427;321.4;120;10408923621;B
20240521;100427;321.4;10;10408923698;B
20240521;100428;321.39;60;10408923873;S
20240521;100432;321.4;20;10408924353;B
20240521;100432;321.4;10;10408924354;B
20240521;100432;321.41;10;10408924438;B
20240521;100432;321.41;290;10408924439;B
20240521;100432;321.42;30;10408924440;B
20240521;100432;321.46;450;10408924441;B
20240521;100432;321.46;400;10408924442;B
20240521;100432;321.46;150;10408924443;B
20240521;100433;321.49;90;10408924508;B
20240521;100433;321.5;10;10408924509;B
20240521;100433;321.5;750;10408924510;B
20240521;100433;321.5;50;10408924511;B
20240521;100433;321.5;20;10408924512;B
20240521;100433;321.5;400;10408924513;B
20240521;100433;321.5;50;10408924514;B
20240521;100433;321.51;200;10408924585;B
20240521;100434;321.51;100;10408924686;B
20240521;100434;321.51;50;10408924687;B
20240521;100434;321.53;10;10408924691;B
20240521;100434;321.59;30;10408924692;B
20240521;100434;321.6;10;10408924693;B
20240521;100434;321.6;210;10408924694;B
20240521;100434;321.6;270;10408924695;B
20240521;100434;321.6;130;10408924696;S
20240521;100434;321.6;500;10408924697;S
20240521;100434;321.6;100;10408924698;S
20240521;100434;321.6;1000;10408924699;B
20240521;100434;321.61;50;10408924796;B
20240521;100434;321.61;100;10408924798;B
20240521;100434;321.61;50;10408924823;B
20240521;100436;321.6;500;10408925102;S
20240521;100436;321.6;10;10408925103;S
20240521;100436;321.59;800;10408925104;S
20240521;100436;321.57;8000;10408925105;S
20240521;100436;321.55;320;10408925106;S
20240521;100436;321.54;8000;10408925107;S
20240521;100436;321.53;2000;10408925108;S
20240521;100436;321.52;2000;10408925109;S
20240521;100436;321.51;450;10408925110;S
20240521;100436;321.5;450;10408925111;S
20240521;100436;321.49;450;10408925112;S
20240521;100436;321.49;810;10408925113;S
20240521;100436;321.49;2000;10408925114;S
20240521;100436;321.48;450;10408925115;S
20240521;100436;321.48;1600;10408925116;S
20240521;100436;321.47;450;10408925117;S
20240521;100436;321.47;2000;10408925118;S
20240521;100436;321.46;450;10408925119;S
20240521;100436;321.46;830;10408925120;S
20240521;100436;321.45;450;10408925121;S
20240521;100436;321.45;2000;10408925122;S
20240521;100436;321.45;1000;10408925123;S
20240521;100436;321.44;450;10408925124;S
20240521;100436;321.4;10;10408925146;S
20240521;100437;321.41;500;10408925294;B
20240521;100437;321.41;490;10408925295;B
20240521;100437;321.41;100;10408925296;B
20240521;100438;321.42;310;10408925403;B
20240521;100439;321.4;10;10408925814;S
20240521;100439;321.4;10;10408925815;S
20240521;100439;321.39;480;10408925816;S
20240521;100439;321.41;50;10408925827;B
20240521;100439;321.41;20;10408925828;B
20240521;100439;321.42;50;10408925829;B
20240521;100439;321.42;50;10408925830;B
20240521;100439;321.43;30;10408925831;B
20240521;100440;321.39;3810;10408926054;S
20240521;100440;321.39;3190;10408926055;S
20240521;100440;321.4;20;10408926062;B
20240521;100442;321.41;10;10408926408;B
20240521;100442;321.42;490;10408926409;B
20240521;100442;321.43;500;10408926410;B
20240521;100443;321.44;500;10408926531;B
20240521;100443;321.44;810;10408926532;B
20240521;100443;321.45;6150;10408926533;B
20240521;100444;321.52;50;10408926741;B
20240521;100444;321.53;150;10408926742;B
20240521;100444;321.49;40;10408926777;S
20240521;100444;321.49;350;10408926819;S
20240521;100446;321.49;200;10408927096;B
20240521;100447;321.5;10;10408927187;B
20240521;100447;321.5;50;10408927233;B
20240521;100447;321.5;30;10408927324;B
20240521;100447;321.5;500;10408927349;B
20240521;100448;321.5;100;10408927406;B
20240521;100448;321.5;10;10408927483;B
20240521;100448;321.51;10;10408927484;B
20240521;100448;321.51;40;10408927544;B
20240521;100448;321.52;50;10408927545;B
20240521;100448;321.53;10;10408927546;B
20240521;100449;321.58;10;10408927609;B
20240521;100449;321.57;50;10408927655;B
20240521;100449;321.58;50;10408927656;B
20240521;100449;321.56;50;10408927733;S
20240521;100450;321.58;40;10408927807;B
20240521;100450;321.6;1770;10408927808;B
20240521;100450;321.61;100;10408927809;B
20240521;100450;321.61;450;10408927810;B
20240521;100450;321.63;450;10408927918;B
20240521;100450;321.64;10;10408927919;B
20240521;100450;321.64;430;10408927920;B
20240521;100451;321.64;20;10408927956;B
20240521;100451;321.65;450;10408928034;B
20240521;100451;321.65;810;10408928035;B
20240521;100451;321.65;290;10408928036;B
20240521;100451;321.66;10;10408928175;B
20240521;100452;321.66;20;10408928437;B
20240521;100452;321.66;10;10408928603;B
20240521;100454;321.66;460;10408928940;B
20240521;100454;321.66;50;10408928941;B
20240521;100454;321.66;50;10408928942;B
20240521;100454;321.68;1440;10408928943;B
20240521;100454;321.69;30;10408928945;B
20240521;100454;321.69;30;10408928946;B
20240521;100454;321.69;10;10408928947;B
20240521;100454;321.7;50;10408928948;B
20240521;100454;321.67;10;10408928997;S
20240521;100454;321.7;1000;10408929001;B
20240521;100454;321.7;40;10408929005;B
20240521;100454;321.7;10;10408929024;B
20240521;100455;321.7;300;10408929138;B
20240521;100455;321.7;90;10408929166;B
20240521;100455;321.7;60;10408929179;B
20240521;100455;321.7;10;10408929180;B
20240521;100455;321.7;30;10408929181;B
20240521;100455;321.68;20;10408929183;S
20240521;100456;321.68;480;10408929371;S
20240521;100456;321.68;20;10408929372;S
20240521;100457;321.68;80;10408929541;S
20240521;100457;321.67;450;10408929542;S
20240521;100457;321.66;450;10408929543;S
20240521;100457;321.65;140;10408929544;S
20240521;100457;321.63;30;10408929660;S
20240521;100457;321.65;10;10408929674;B
20240521;100458;321.65;100;10408929685;B
20240521;100458;321.65;830;10408929694;B
20240521;100458;321.65;70;10408929695;B
20240521;100458;321.65;430;10408929700;B
20240521;100458;321.65;470;10408929701;B
20240521;100458;321.63;60;10408929731;S
20240521;100458;321.64;10;10408929800;B
20240521;100459;321.64;40;10408929834;B
20240521;100459;321.64;50;10408929835;B
20240521;100459;321.66;10;10408929836;B
20240521;100459;321.63;360;10408929860;S
20240521;100459;321.62;450;10408929861;S
20240521;100459;321.62;550;10408929862;S
20240521;100459;321.61;450;10408929863;S
20240521;100459;321.61;500;10408929864;S
20240521;100459;321.6;10;10408929865;S
20240521;100459;321.6;450;10408929866;S
20240521;100459;321.59;450;10408929867;S
20240521;100459;321.59;830;10408929868;S
20240521;100459;321.58;450;10408929869;S
20240521;100459;321.58;250;10408929870;S
20240521;100459;321.57;2000;10408929871;S
20240521;100459;321.57;450;10408929872;S
20240521;100459;321.56;450;10408929873;S
20240521;100459;321.56;800;10408929874;S
20240521;100459;321.55;380;10408929875;S
20240521;100459;321.65;40;10408929889;B
20240521;100500;321.6;100;10408930011;B
20240521;100500;321.6;440;10408930033;B
20240521;100500;321.6;500;10408930034;B
20240521;100500;321.62;60;10408930035;B
20240521;100500;321.63;200;10408930043;B
20240521;100500;321.59;100;10408930085;B
20240521;100500;321.59;100;10408930089;B
20240521;100500;321.59;100;10408930091;B
20240521;100500;321.59;100;10408930095;B
20240521;100500;321.59;100;10408930103;B
20240521;100500;321.63;300;10408930104;B
20240521;100500;321.66;790;10408930105;B
20240521;100500;321.66;490;10408930106;B
20240521;100500;321.67;570;10408930107;B
20240521;100500;321.67;50;10408930149;B
20240521;100501;321.67;390;10408930237;B
20240521;100501;321.67;20;10408930264;B
20240521;100501;321.67;400;10408930338;B
20240521;100502;321.7;10;10408930358;B
20240521;100503;321.69;500;10408930694;B
20240521;100504;321.7;100;10408930740;B
20240521;100504;321.68;100;10408930749;S
20240521;100504;321.7;30;10408930800;B
20240521;100504;321.7;100;10408930860;B
20240521;100504;321.7;100;10408930862;B
20240521;100504;321.7;200;10408930863;B
20240521;100504;321.7;200;10408930864;B
20240521;100504;321.7;200;10408930865;B
20240521;100504;321.7;200;10408930866;B
20240521;100504;321.7;100;10408930878;B
20240521;100504;321.7;100;10408930879;B
20240521;100504;321.7;200;10408930880;B
20240521;100504;321.7;100;10408930883;B
20240521;100504;321.7;100;10408930884;B
20240521;100504;321.7;100;10408930885;B
20240521;100504;321.7;400;10408930886;B
20240521;100504;321.7;200;10408930889;B
20240521;100504;321.7;200;10408930926;B
20240521;100504;321.7;200;10408930927;B
20240521;100504;321.7;800;10408930928;B
20240521;100504;321.7;500;10408930929;B
20240521;100504;321.7;200;10408930930;B
20240521;100504;321.7;100;10408930931;B
20240521;100504;321.7;40;10408930936;B
20240521;100505;321.7;100;10408930976;B
20240521;100505;321.7;100;10408931062;B
20240521;100506;321.7;100;10408931141;B
20240521;100506;321.7;100;10408931166;B
20240521;100506;321.7;90;10408931241;B
20240521;100506;321.7;10;10408931242;B
20240521;100506;321.7;210;10408931243;B
20240521;100507;321.7;400;10408931365;B
20240521;100507;321.7;210;10408931372;B
20240521;100507;321.71;90;10408931373;B
20240521;100507;321.71;10;10408931423;B
20240521;100508;321.71;50;10408931527;B
20240521;100509;321.71;10;10408931650;B
20240521;100509;321.71;100;10408931653;B
20240521;100509;321.71;100;10408931654;B
20240521;100509;321.71;530;10408931676;B
20240521;100509;321.71;110;10408931706;B
20240521;100509;321.71;290;10408931707;B
20240521;100509;321.71;10;10408931708;B
20240521;100509;321.72;100;10408931711;B
20240521;100510;321.72;30;10408931898;B
20240521;100511;321.71;20;10408931928;S
20240521;100512;321.71;70;10408932243;S
20240521;100512;321.71;110;10408932244;S
20240521;100512;321.72;50;10408932270;B
20240521;100514;321.72;10;10408932471;B
20240521;100514;321.72;310;10408932526;B
20240521;100514;321.72;1210;10408932527;B
20240521;100515;321.72;290;10408932711;B
20240521;100515;321.73;1000;10408932712;B
20240521;100515;321.75;30;10408932713;B
20240521;100515;321.75;200;10408932714;B
20240521;100515;321.76;100;10408932716;B
20240521;100515;321.76;100;10408932717;B
20240521;100515;321.76;100;10408932718;B
20240521;100515;321.76;100;10408932719;B
20240521;100515;321.76;200;10408932720;B
20240521;100515;321.76;10;10408932721;B
20240521;100515;321.76;190;10408932722;B
20240521;100515;321.76;200;10408932723;B
20240521;100515;321.76;100;10408932724;B
20240521;100515;321.77;200;10408932725;B
20240521;100515;321.77;200;10408932726;B
20240521;100515;321.77;300;10408932727;B
20240521;100515;321.77;300;10408932728;B
20240521;100516;321.72;20;10408932779;S
20240521;100516;321.72;10;10408932785;S
20240521;100516;321.73;10;10408932810;B
20240521;100516;321.76;490;10408932811;B
20240521;100516;321.77;380;10408932812;B
20240521;100516;321.76;10;10408932878;B
20240521;100518;321.72;380;10408933266;S
20240521;100518;321.72;50;10408933323;S
20240521;100518;321.71;750;10408933324;S
20240521;100519;321.71;750;10408933361;S
20240521;100519;321.71;500;10408933362;S
20240521;100519;321.7;4300;10408933363;S
20240521;100520;321.72;100;10408933549;B
20240521;100520;321.72;100;10408933600;B
20240521;100521;321.72;100;10408933689;B
20240521;100521;321.72;200;10408933722;B
20240521;100521;321.73;800;10408933723;B
20240521;100521;321.74;30;10408933802;B
20240521;100523;321.72;30;10408934006;B
20240521;100523;321.72;10;10408934048;B
20240521;100523;321.71;10;10408934148;S
20240521;100524;321.72;50;10408934220;B
20240521;100525;321.71;50;10408934408;S
20240521;100525;321.71;10;10408934409;S
20240521;100525;321.71;10;10408934410;S
20240521;100525;321.7;930;10408934411;S
20240521;100525;321.72;10;10408934433;B
20240521;100525;321.7;2000;10408934447;S
20240521;100525;321.7;2670;10408934455;S
20240521;100525;321.7;1000;10408934456;S
20240521;100525;321.7;10;10408934457;S
20240521;100525;321.7;500;10408934458;S
20240521;100525;321.69;200;10408934459;S
20240521;100525;321.69;150;10408934460;S
20240521;100525;321.69;830;10408934461;S
20240521;100525;321.68;10;10408934462;S
20240521;100525;321.68;10;10408934463;S
20240521;100525;321.68;10;10408934464;S
20240521;100525;321.68;50;10408934465;S
20240521;100525;321.67;560;10408934466;S
20240521;100526;321.68;10;10408934483;B
20240521;100526;321.68;10;10408934547;B
20240521;100526;321.67;1540;10408934571;S
20240521;100526;321.67;300;10408934572;S
20240521;100526;321.67;200;10408934573;S
20240521;100526;321.67;40;10408934575;S
20240521;100526;321.65;10;10408934576;S
20240521;100526;321.63;800;10408934583;S
20240521;100526;321.61;100;10408934587;B
20240521;100526;321.61;200;10408934591;B
20240521;100526;321.61;1000;10408934592;B
20240521;100526;321.61;310;10408934593;B
20240521;100526;321.62;10;10408934629;B
20240521;100527;321.62;10;10408934657;B
20240521;100527;321.62;10;10408934751;B
20240521;100528;321.6;1350;10408934841;S
20240521;100529;321.61;190;10408935023;B
20240521;100529;321.61;10;10408935049;B
20240521;100529;321.6;620;10408935105;S
20240521;100529;321.6;30;10408935107;S
20240521;100529;321.61;10;10408935156;B
20240521;100530;321.6;40;10408935179;B
20240521;100530;321.58;20;10408935210;S
20240521;100530;321.6;400;10408935305;B
20240521;100530;321.6;60;10408935307;B
20240521;100530;321.6;1380;10408935308;B
20240521;100530;321.61;140;10408935309;B
20240521;100530;321.62;80;10408935310;B
20240521;100530;321.61;240;10408935311;B
20240521;100530;321.61;260;10408935312;B
20240521;100530;321.62;690;10408935313;B
20240521;100530;321.62;280;10408935315;B
20240521;100530;321.62;220;10408935319;B
20240521;100530;321.62;850;10408935320;B
20240521;100530;321.63;140;10408935321;B
20240521;100531;321.58;130;10408935420;S
20240521;100531;321.59;320;10408935481;B
20240521;100531;321.6;500;10408935524;B
20240521;100534;321.59;10;10408935875;S
20240521;100534;321.6;100;10408935981;B
20240521;100534;321.6;100;10408935999;B
20240521;100534;321.6;50;10408936010;B
20240521;100534;321.6;70;10408936012;B
20240521;100534;321.6;30;10408936013;B
20240521;100534;321.6;100;10408936018;B
20240521;100535;321.6;100;10408936030;B
20240521;100535;321.6;100;10408936036;B
20240521;100535;321.6;30;10408936039;B
20240521;100535;321.61;100;10408936055;B
20240521;100535;321.61;60;10408936065;B
20240521;100535;321.61;10;10408936066;B
20240521;100537;321.6;100;10408936296;B
20240521;100537;321.59;220;10408936312;S
20240521;100537;321.58;530;10408936313;S
20240521;100537;321.58;2000;10408936343;S
20240521;100537;321.59;10;10408936415;B
20240521;100538;321.58;5320;10408936535;S
20240521;100538;321.55;170;10408936536;S
20240521;100538;321.53;2400;10408936538;S
20240521;100538;321.5;80;10408936545;S
20240521;100538;321.5;10;10408936546;S
20240521;100538;321.49;550;10408936547;S
20240521;100538;321.41;60;10408936592;B
20240521;100539;321.41;30;10408936663;B
20240521;100539;321.41;500;10408936664;B
20240521;100539;321.45;500;10408936665;B
20240521;100539;321.46;760;10408936666;B
20240521;100539;321.45;10;10408936667;B
20240521;100539;321.44;200;10408936705;B
20240521;100540;321.4;10;10408936740;S
20240521;100540;321.44;10;10408936839;B
20240521;100540;321.4;20;10408936969;S
20240521;100540;321.39;1810;10408936971;S
20240521;100540;321.39;70;10408936972;S
20240521;100540;321.36;10;10408936986;S
20240521;100540;321.29;20;10408937045;S
20240521;100541;321.29;500;10408937199;B
20240521;100541;321.29;1240;10408937200;B
20240521;100542;321.29;460;10408937269;B
20240521;100543;321.3;30;10408937493;B
20240521;100543;321.28;10;10408937501;B
20240521;100543;321.27;450;10408937561;S
20240521;100544;321.27;450;10408937672;S
20240521;100544;321.26;10;10408937707;S
20240521;100546;321.23;10;10408937982;S
20240521;100547;321.24;80;10408938114;B
20240521;100549;321.24;200;10408938545;B
20240521;100549;321.24;10;10408938546;B
20240521;100549;321.24;10;10408938613;B
20240521;100552;321.24;2000;10408939011;B
20240521;100552;321.24;100;10408939114;B
20240521;100553;321.24;100;10408939125;B
20240521;100553;321.24;1080;10408939131;B
20240521;100553;321.45;100;10408939164;B
20240521;100553;321.48;500;10408939166;B
20240521;100553;321.5;100;10408939186;B
20240521;100553;321.5;100;10408939195;B
20240521;100553;321.53;100;10408939222;B
20240521;100553;321.53;100;10408939232;B
20240521;100553;321.54;100;10408939256;B
20240521;100553;321.54;350;10408939299;B
20240521;100553;321.54;830;10408939300;B
20240521;100553;321.54;1010;10408939301;B
20240521;100555;321.58;60;10408939463;B
20240521;100555;321.55;120;10408939546;S
20240521;100556;321.58;90;10408939632;B
20240521;100557;321.58;50;10408939736;B
20240521;100557;321.58;10;10408939805;B
20240521;100559;321.58;240;10408940052;B
20240521;100559;321.58;830;10408940053;B
20240521;100559;321.59;450;10408940054;B
20240521;100559;321.59;940;10408940055;B
20240521;100559;321.59;500;10408940056;B
20240521;100559;321.6;450;10408940057;B
20240521;100559;321.61;20;10408940058;B
20240521;100600;321.61;430;10408940099;B
20240521;100600;321.61;2000;10408940100;B
20240521;100600;321.62;450;10408940101;B
20240521;100600;321.62;550;10408940102;B
20240521;100600;321.63;450;10408940103;B
20240521;100600;321.63;830;10408940104;B
20240521;100600;321.64;450;10408940105;B
20240521;100600;321.65;8000;10408940106;B
20240521;100600;321.65;450;10408940107;B
20240521;100600;321.65;2000;10408940108;B
20240521;100600;321.65;800;10408940109;B
20240521;100600;321.66;450;10408940110;B
20240521;100600;321.67;450;10408940111;B
20240521;100600;321.67;1690;10408940112;B
20240521;100601;321.7;450;10408940419;B
20240521;100601;321.7;460;10408940420;B
20240521;100601;321.7;450;10408940422;B
20240521;100601;321.71;70;10408940423;B
20240521;100601;321.71;450;10408940424;B
20240521;100601;321.72;410;10408940425;B
20240521;100602;321.72;40;10408940548;B
20240521;100602;321.73;120;10408940549;B
20240521;100602;321.73;450;10408940550;B
20240521;100602;321.73;450;10408940556;S
20240521;100602;321.74;20;10408940560;B
20240521;100602;321.74;780;10408940561;B
20240521;100602;321.74;30;10408940641;B
20240521;100603;321.75;40;10408940775;B
20240521;100603;321.75;10;10408940857;B
20240521;100604;321.75;480;10408940990;B
20240521;100604;321.75;520;10408940991;B
20240521;100605;321.74;50;10408941035;S
20240521;100605;321.75;130;10408941433;B
20240521;100605;321.75;160;10408941434;B
20240521;100605;321.76;20;10408941435;B
20240521;100605;321.77;7820;10408941436;B
20240521;100605;321.77;5800;10408941442;B
20240521;100605;321.77;250;10408941443;B
20240521;100605;321.77;10;10408941444;B
20240521;100605;321.77;830;10408941445;B
20240521;100605;321.79;10;10408941446;B
20240521;100605;321.79;810;10408941447;B
20240521;100605;321.8;200;10408941448;B
20240521;100605;321.8;90;10408941449;B
20240521;100606;321.8;300;10408941476;B
20240521;100607;321.79;60;10408941676;B
20240521;100607;321.76;100;10408941719;S
20240521;100608;321.78;10;10408941834;B
20240521;100609;321.79;10;10408942122;B
20240521;100611;321.79;420;10408942447;B
20240521;100611;321.79;810;10408942448;B
20240521;100611;321.8;2770;10408942449;B
20240521;100613;321.78;500;10408942860;S
20240521;100613;321.77;10;10408942861;S
20240521;100613;321.75;840;10408942862;S
20240521;100613;321.74;650;10408942863;S
20240521;100613;321.79;30;10408942947;B
20240521;100614;321.79;100;10408943164;B
20240521;100614;321.79;320;10408943181;B
20240521;100614;321.79;10;10408943182;B
20240521;100614;321.8;1840;10408943183;B
20240521;100614;321.8;1200;10408943184;B
20240521;100614;321.8;100;10408943185;B
20240521;100614;321.8;10;10408943186;B
20240521;100614;321.8;10;10408943187;B
20240521;100614;321.81;300;10408943188;B
20240521;100614;321.81;10;10408943189;B
20240521;100614;321.82;70;10408943190;B
20240521;100614;321.83;450;10408943191;B
20240521;100614;321.84;10;10408943192;B
20240521;100614;321.84;450;10408943193;B
20240521;100614;321.84;2000;10408943194;B
20240521;100614;321.84;800;10408943195;B
20240521;100614;321.85;10;10408943196;B
20240521;100614;321.85;10;10408943197;B
20240521;100614;321.85;450;10408943198;B
20240521;100614;321.85;500;10408943199;B
20240521;100614;321.86;510;10408943200;B
20240521;100614;321.86;10;10408943201;B
20240521;100614;321.86;10;10408943202;B
20240521;100614;321.86;10;10408943203;B
20240521;100614;321.86;10;10408943204;B
20240521;100614;321.86;450;10408943205;B
20240521;100614;321.86;450;10408943206;B
20240521;100615;321.87;100;10408943213;B
20240521;100615;321.87;10;10408943223;B
20240521;100615;321.87;30;10408943224;B
20240521;100615;321.87;20;10408943225;B
20240521;100615;321.88;20;10408943233;B
20240521;100615;321.88;10;10408943234;B
20240521;100615;321.88;10;10408943235;B
20240521;100615;321.88;10;10408943236;B
20240521;100615;321.88;20;10408943237;B
20240521;100615;321.88;10;10408943238;B
20240521;100615;321.89;20;10408943300;B
20240521;100615;321.89;10;10408943301;B
20240521;100615;321.89;10;10408943302;B
20240521;100615;321.89;10;10408943303;B
20240521;100615;321.9;40;10408943316;B
20240521;100615;321.9;20;10408943317;B
20240521;100615;321.9;20;10408943318;B
20240521;100615;321.9;10;10408943319;B
20240521;100615;321.9;10;10408943320;B
20240521;100615;321.9;10;10408943321;B
20240521;100615;321.9;140;10408943322;B
20240521;100615;321.9;310;10408943327;B
20240521;100615;321.91;300;10408943328;B
20240521;100615;321.91;450;10408943329;B
20240521;100615;321.91;830;10408943330;B
20240521;100615;321.92;110;10408943331;B
20240521;100615;321.92;20;10408943335;B
20240521;100615;321.92;100;10408943340;B
20240521;100615;321.92;100;10408943358;B
20240521;100615;321.92;100;10408943375;B
20240521;100615;321.92;10;10408943396;B
20240521;100616;321.9;10;10408943424;S
20240521;100616;321.9;10;10408943470;S
20240521;100616;321.91;240;10408943553;S
20240521;100616;321.91;260;10408943647;S
20240521;100616;321.9;400;10408943648;S
20240521;100616;321.9;850;10408943649;S
20240521;100616;321.9;110;10408943650;S
20240521;100618;321.92;10;10408943934;B
20240521;100619;321.93;50;10408944056;B
20240521;100619;321.93;50;10408944057;B
20240521;100619;321.93;20;10408944058;B
20240521;100619;321.93;20;10408944059;B
20240521;100619;321.92;10;10408944172;B
20240521;100619;321.93;190;10408944173;B
20240521;100623;321.91;10;10408944657;S
20240521;100623;321.91;830;10408944658;S
20240521;100623;321.89;800;10408944659;S
20240521;100623;321.88;450;10408944660;S
20240521;100623;321.88;500;10408944661;S
20240521;100623;321.87;450;10408944662;S
20240521;100623;321.87;10;10408944663;S
20240521;100623;321.86;450;10408944664;S
20240521;100623;321.85;450;10408944665;S
20240521;100623;321.84;10;10408944666;S
20240521;100623;321.84;450;10408944667;S
20240521;100623;321.83;450;10408944668;S
20240521;100623;321.83;780;10408944669;S
20240521;100623;321.83;320;10408944670;S
20240521;100623;321.82;450;10408944671;S
20240521;100623;321.82;3590;10408944672;S
20240521;100625;321.84;350;10408944919;B
20240521;100625;321.8;160;10408944920;S
20240521;100625;321.84;200;10408944949;B
20240521;100627;321.85;10;10408945216;S
20240521;100627;321.85;90;10408945255;B
20240521;100627;321.87;490;10408945256;B
20240521;100627;321.88;450;10408945257;B
20240521;100627;321.88;10;10408945258;B
20240521;100627;321.88;500;10408945259;B
20240521;100627;321.88;320;10408945260;B
20240521;100627;321.89;450;10408945261;B
20240521;100627;321.89;2000;10408945262;B
20240521;100627;321.9;450;10408945263;B
20240521;100627;321.9;2000;10408945264;B
20240521;100627;321.9;10;10408945265;B
20240521;100627;321.9;10;10408945266;B
20240521;100627;321.9;830;10408945267;B
20240521;100627;321.91;450;10408945268;B
20240521;100627;321.91;800;10408945269;B
20240521;100627;321.92;10;10408945270;B
20240521;100627;321.92;450;10408945271;B
20240521;100627;321.93;450;10408945272;B
20240521;100627;321.93;2000;10408945273;B
20240521;100627;321.94;390;10408945274;B
20240521;100629;321.93;110;10408945545;B
20240521;100629;321.89;100;10408945587;S
20240521;100629;321.93;10;10408945607;B
20240521;100629;321.94;390;10408945608;B
20240521;100631;321.94;10;10408945805;B
20240521;100633;321.94;10;10408946096;B
20240521;100633;321.94;1200;10408946160;B
20240521;100635;321.94;290;10408946652;B
20240521;100639;321.94;100;10408947323;B
20240521;100640;321.92;1000;10408947497;S
20240521;100640;321.92;100;10408947541;S
20240521;100641;321.93;40;10408947727;B
20240521;100642;321.93;450;10408947860;B
20240521;100642;321.93;1900;10408947861;B
20240521;100642;321.94;610;10408947862;B
20240521;100642;321.94;840;10408947863;B
20240521;100642;321.94;100;10408947864;B
20240521;100642;321.94;2000;10408947865;B
20240521;100642;321.94;100;10408947866;B
20240521;100644;321.93;10;10408948265;B
20240521;100644;321.93;490;10408948266;B
20240521;100644;321.93;10;10408948330;B
20240521;100644;321.92;900;10408948337;S
20240521;100644;321.9;50;10408948338;S
20240521;100644;321.89;30;10408948339;S
20240521;100645;321.89;60;10408948472;B
20240521;100645;321.89;200;10408948545;B
20240521;100645;321.89;10;10408948558;B
20240521;100645;321.89;20;10408948566;B
20240521;100645;321.86;10;10408948624;S
20240521;100646;321.86;170;10408948630;S
20240521;100647;321.88;10;10408948929;B
20240521;100647;321.89;10;10408948930;B
20240521;100647;321.9;850;10408948931;B
20240521;100647;321.9;940;10408948932;B
20240521;100647;321.9;320;10408948933;B
20240521;100647;321.9;490;10408948934;B
20240521;100647;321.91;860;10408948935;B
20240521;100647;321.91;100;10408948936;B
20240521;100647;321.92;10;10408948937;B
20240521;100647;321.92;500;10408948938;B
20240521;100647;321.93;80;10408948939;B
20240521;100647;321.92;500;10408949037;B
20240521;100648;321.86;270;10408949092;S
20240521;100648;321.86;200;10408949093;S
20240521;100648;321.86;230;10408949094;S
20240521;100648;321.92;10;10408949210;B
20240521;100648;321.92;10;10408949243;B
20240521;100649;321.92;10;10408949288;B
20240521;100649;321.92;10;10408949380;B
20240521;100650;321.81;20;10408949492;S
20240521;100650;321.92;300;10408949530;B
20240521;100651;321.92;940;10408949546;B
20240521;100651;321.92;100;10408949547;B
20240521;100651;321.92;850;10408949548;B
20240521;100651;321.92;320;10408949549;B
20240521;100651;321.92;490;10408949550;B
20240521;100651;321.93;6300;10408949551;B
20240521;100651;321.89;500;10408949643;B
20240521;100651;321.87;10;10408949689;S
20240521;100652;321.89;490;10408949713;B
20240521;100652;321.89;280;10408949714;B
20240521;100653;321.89;110;10408949895;B
20240521;100653;321.89;10;10408949955;B
20240521;100654;321.89;30;10408950150;B
20240521;100655;321.87;160;10408950167;S
20240521;100655;321.89;510;10408950193;B
20240521;100655;321.89;40;10408950194;B
20240521;100655;321.89;60;10408950196;B
20240521;100655;321.89;10;10408950197;B
20240521;100655;321.9;1150;10408950198;B
20240521;100655;321.9;150;10408950211;B
20240521;100655;321.9;1850;10408950212;B
20240521;100656;321.9;100;10408950431;B
20240521;100657;321.9;50;10408950557;B
20240521;100657;321.9;20;10408950558;B
20240521;100659;321.87;500;10408950954;S
20240521;100659;321.86;90;10408950955;S
20240521;100659;321.86;450;10408950956;S
20240521;100659;321.85;450;10408950957;S
20240521;100659;321.84;450;10408950958;S
20240521;100659;321.83;450;10408950959;S
20240521;100659;321.82;450;10408950960;S
20240521;100659;321.82;10;10408950961;S
20240521;100659;321.82;320;10408950962;S
20240521;100659;321.81;430;10408950963;S
20240521;100659;321.81;50;10408950964;S
20240521;100659;321.81;160;10408950965;S
20240521;100659;321.8;40;10408950966;S
20240521;100659;321.8;50;10408950967;S
20240521;100659;321.8;50;10408950968;S
20240521;100659;321.8;450;10408950969;S
20240521;100659;321.8;30190;10408950970;S
20240521;100703;321.84;100;10408951636;B
20240521;100703;321.85;300;10408951637;B
20240521;100704;321.82;200;10408951813;S
20240521;100704;321.86;100;10408951887;B
20240521;100704;321.86;10;10408951888;B
20240521;100706;321.85;20;10408952143;S
20240521;100707;321.85;4110;10408952215;S
20240521;100707;321.85;500;10408952216;S
20240521;100707;321.85;500;10408952259;S
20240521;100707;321.86;90;10408952272;B
20240521;100707;321.86;50;10408952273;B
20240521;100707;321.86;330;10408952274;B
20240521;100708;321.85;70;10408952386;S
20240521;100709;321.81;860;10408952610;S
20240521;100709;321.8;3810;10408952611;S
20240521;100709;321.8;300;10408952612;S
20240521;100709;321.8;500;10408952613;S
20240521;100709;321.8;600;10408952614;S
20240521;100709;321.8;500;10408952615;S
20240521;100709;321.79;940;10408952711;B
20240521;100709;321.79;500;10408952712;B
20240521;100709;321.8;1160;10408952713;B
20240521;100710;321.79;20;10408952774;B
20240521;100711;321.79;600;10408952939;B
20240521;100711;321.79;60;10408952964;B
20240521;100711;321.79;110;10408952968;B
20240521;100711;321.79;10;10408952996;B
20240521;100712;321.79;310;10408953138;B
20240521;100712;321.79;940;10408953139;B
20240521;100712;321.79;740;10408953140;B
20240521;100712;321.8;1010;10408953141;B
20240521;100712;321.8;20;10408953147;B
20240521;100712;321.78;10;10408953154;S
20240521;100712;321.78;1000;10408953155;S
20240521;100712;321.77;490;10408953156;S
20240521;100713;321.77;100;10408953276;S
20240521;100714;321.79;940;10408953344;B
20240521;100714;321.79;490;10408953345;B
20240521;100714;321.79;500;10408953346;B
20240521;100714;321.8;1240;10408953347;B
20240521;100714;321.8;80;10408953348;B
20240521;100714;321.8;10;10408953349;B
20240521;100714;321.81;200;10408953350;B
20240521;100714;321.83;450;10408953351;B
20240521;100714;321.83;450;10408953352;B
20240521;100714;321.84;450;10408953353;B
20240521;100714;321.85;30;10408953354;B
20240521;100714;321.85;450;10408953355;B
20240521;100714;321.85;320;10408953356;B
20240521;100714;321.86;100;10408953357;B
20240521;100714;321.86;450;10408953358;B
20240521;100714;321.86;850;10408953359;B
20240521;100714;321.86;2000;10408953360;B
20240521;100714;321.87;10;10408953361;B
20240521;100714;321.87;450;10408953362;B
20240521;100714;321.87;800;10408953363;B
20240521;100714;321.88;450;10408953364;B
20240521;100714;321.88;50;10408953365;B
20240521;100714;321.88;1730;10408953366;B
20240521;100715;321.84;940;10408953491;B
20240521;100715;321.84;500;10408953492;B
20240521;100715;321.86;160;10408953493;B
20240521;100715;321.85;40;10408953580;B
20240521;100716;321.89;20;10408953728;B
20240521;100719;321.82;500;10408954121;S
20240521;100719;321.81;10;10408954122;S
20240521;100719;321.8;50;10408954123;S
20240521;100719;321.79;20;10408954124;S
20240521;100719;321.79;10;10408954125;S
20240521;100719;321.79;940;10408954126;S
20240521;100719;321.78;450;10408954127;S
20240521;100719;321.77;20;10408954128;S
20240521;100720;321.84;120;10408954229;B
20240521;100720;321.88;450;10408954230;B
20240521;100720;321.89;230;10408954231;B
20240521;100720;321.89;70;10408954340;B
20240521;100725;321.85;30;10408955033;B
20240521;100725;321.85;70;10408955050;B
20240521;100725;321.85;330;10408955051;B
20240521;100728;321.86;400;10408955364;B
20240521;100728;321.87;20;10408955451;B
20240521;100730;321.88;10;10408955599;B
20240521;100731;321.88;40;10408955760;B
20240521;100731;321.87;500;10408955842;B
20240521;100731;321.88;430;10408955843;B
20240521;100732;321.88;10;10408956048;B
20240521;100733;321.88;340;10408956229;B
20240521;100734;321.88;10;10408956290;B
20240521;100734;321.88;10;10408956294;B
20240521;100735;321.86;10;10408956453;S
20240521;100735;321.86;10;10408956454;S
20240521;100735;321.83;480;10408956455;S
20240521;100736;321.88;1150;10408956581;B
20240521;100736;321.88;50;10408956582;B
20240521;100736;321.88;490;10408956583;B
20240521;100736;321.89;100;10408956584;B
20240521;100736;321.89;1310;10408956585;B
20240521;100737;321.86;250;10408956662;S
20240521;100737;321.89;23690;10408956710;B
20240521;100737;321.89;10;10408956711;B
20240521;100738;321.89;320;10408956777;S
20240521;100738;321.9;100;10408956783;B
20240521;100738;321.9;1000;10408956784;B
20240521;100738;321.9;50;10408956785;B
20240521;100738;321.9;120;10408956786;B
20240521;100738;321.9;400;10408956787;B
20240521;100738;321.9;250;10408956788;B
20240521;100738;321.92;10;10408956789;B
20240521;100738;321.93;340;10408956790;B
20240521;100740;321.93;40;10408957108;B
20240521;100741;321.93;60;10408957237;B
20240521;100741;321.93;20;10408957262;B
20240521;100742;321.93;1250;10408957348;B
20240521;100743;321.93;30;10408957635;B
20240521;100746;321.92;380;10408958161;S
20240521;100746;321.92;20;10408958243;S
20240521;100747;321.93;1000;10408958269;B
20240521;100747;321.93;4180;10408958323;B
20240521;100747;321.93;250;10408958324;B
20240521;100747;321.94;50;10408958325;B
20240521;100747;321.94;2000;10408958326;B
20240521;100747;321.94;100;10408958327;B
20240521;100747;321.95;20000;10408958328;B
20240521;100747;321.95;20;10408958329;B
20240521;100747;321.96;50;10408958330;B
20240521;100747;321.97;160;10408958331;B
20240521;100747;321.97;1710;10408958332;B
20240521;100747;321.97;10;10408958333;B
20240521;100747;321.97;1020;10408958334;B
20240521;100747;321.98;450;10408958335;B
20240521;100747;321.97;50;10408958340;S
20240521;100748;321.97;30;10408958404;S
20240521;100750;321.98;140;10408958654;B
20240521;100750;321.97;10;10408958739;S
20240521;100751;321.98;410;10408958874;B
20240521;100751;321.99;10;10408958875;B
20240521;100751;321.99;10;10408958876;B
20240521;100751;321.99;10;10408958877;B
20240521;100751;321.99;10;10408958878;B
20240521;100751;321.99;200;10408958879;B
20240521;100751;321.99;10;10408958880;B
20240521;100751;322;20;10408958881;B
20240521;100751;322;100;10408958882;B
20240521;100751;322;700;10408958883;B
20240521;100751;322;520;10408958884;B
20240521;100751;322;150;10408958886;B
20240521;100751;322;1000;10408958968;B
20240521;100751;322;130;10408958969;B
20240521;100751;322;70;10408958970;B
20240521;100751;322;300;10408958986;B
20240521;100751;321.99;10;10408958989;S
20240521;100752;322;110;10408959033;B
20240521;100752;322;30;10408959034;B
20240521;100752;322;60;10408959035;B
20240521;100752;322;100;10408959037;B
20240521;100752;321.99;10;10408959079;S
20240521;100752;321.99;500;10408959118;S
20240521;100752;322;10;10408959127;B
20240521;100753;322;20;10408959169;B
20240521;100753;321.99;10;10408959243;S
20240521;100754;322;480;10408959405;B
20240521;100754;322;10;10408959419;B
20240521;100754;321.99;100;10408959429;S
20240521;100755;322;2000;10408959552;B
20240521;100756;321.99;720;10408959829;S
20240521;100756;321.99;100;10408959830;S
20240521;100756;321.99;100;10408959831;S
20240521;100756;321.97;10;10408959832;S
20240521;100756;321.97;70;10408959833;S
20240521;100757;322;1000;10408959871;B
20240521;100757;322;760;10408959950;B
20240521;100759;322;100;10408960143;B
20240521;100800;321.97;340;10408960294;S
20240521;100801;321.99;30;10408960383;B
20240521;100801;321.99;150;10408960389;B
20240521;100802;321.99;310;10408960467;B
20240521;100802;321.99;490;10408960631;B
20240521;100802;322;1460;10408960632;B
20240521;100802;322;10;10408960633;B
20240521;100802;322;30;10408960634;B
20240521;100802;322;30;10408960635;B
20240521;100802;322;250;10408960636;B
20240521;100802;322;50;10408960637;B
20240521;100802;322;30;10408960638;B
20240521;100802;322;800;10408960639;B
20240521;100802;322;10;10408960640;B
20240521;100802;322;50;10408960641;B
20240521;100802;322;200;10408960642;B
20240521;100802;322;2000;10408960643;B
20240521;100802;322;10;10408960644;B
20240521;100802;322;80;10408960645;B
20240521;100802;322;30;10408960646;B
20240521;100802;322;50;10408960647;B
20240521;100802;322;1500;10408960648;B
20240521;100802;322;50;10408960649;B
20240521;100802;322;550;10408960650;B
20240521;100802;322;260;10408960651;B
20240521;100802;322;20;10408960652;B
20240521;100802;322;450;10408960653;B
20240521;100802;322;2700;10408960654;B
20240521;100802;322;3570;10408960655;B
20240521;100802;322;500;10408960656;B
20240521;100802;322;300;10408960657;B
20240521;100802;322.01;300;10408960658;B
20240521;100802;322.01;6220;10408960659;B
20240521;100804;322;150;10408960827;B
20240521;100804;322;100;10408960886;B
20240521;100805;322;650;10408960961;B
20240521;100805;322;20;10408960962;B
20240521;100805;322;10;10408960963;B
20240521;100805;322.01;8000;10408960964;B
20240521;100805;322.02;10;10408960965;B
20240521;100805;322.02;450;10408960966;B
20240521;100805;322.03;360;10408960967;B
20240521;100805;322;500;10408960984;S
20240521;100805;322;320;10408960985;S
20240521;100805;322;490;10408960986;S
20240521;100805;321.99;940;10408960987;S
20240521;100805;321.99;200;10408960988;S
20240521;100805;321.99;100;10408960989;S
20240521;100805;321.99;810;10408960990;S
20240521;100805;321.99;850;10408960991;S
20240521;100805;321.97;2500;10408960992;S
20240521;100806;321.96;1550;10408961049;B
20240521;100807;321.96;200;10408961140;B
20240521;100807;321.96;120;10408961218;B
20240521;100807;321.96;600;10408961250;B
20240521;100809;321.95;10;10408961404;S
20240521;100810;321.96;90;10408961522;B
20240521;100810;321.96;730;10408961669;B
20240521;100810;322;70;10408961670;B
20240521;100811;322;10;10408961732;B
20240521;100814;321.96;10;10408962173;B
20240521;100814;321.96;90;10408962174;B
20240521;100815;321.98;20;10408962214;B
20240521;100815;322;20;10408962215;B
20240521;100815;322;50;10408962216;B
20240521;100815;322;450;10408962217;B
20240521;100815;322;50;10408962218;B
20240521;100815;322;50;10408962219;B
20240521;100815;322;2360;10408962220;B
20240521;100817;321.99;700;10408962515;B
20240521;100818;321.99;70;10408962643;B
20240521;100818;321.99;10;10408962688;B
20240521;100819;321.99;50;10408962772;B
20240521;100820;321.99;10;10408962993;B
20240521;100821;321.95;60;10408963125;S
20240521;100821;321.99;990;10408963134;B
20240521;100821;322;2640;10408963135;B
20240521;100821;322;40;10408963136;B
20240521;100821;322;2000;10408963137;B
20240521;100821;322;10;10408963138;B
20240521;100821;322;8000;10408963139;B
20240521;100821;322;450;10408963140;B
20240521;100822;322.01;40;10408963203;B
20240521;100822;322;70;10408963255;S
20240521;100822;322;430;10408963262;S
20240521;100822;322;500;10408963263;S
20240521;100822;322;10;10408963283;B
20240521;100823;321.99;500;10408963293;S
20240521;100823;321.98;90;10408963453;B
20240521;100823;321.98;10;10408963490;B
20240521;100826;321.98;130;10408963910;B
20240521;100827;321.98;30;10408964068;B
20240521;100829;321.98;10;10408964251;B
20240521;100830;321.96;10;10408964316;S
20240521;100830;321.98;10;10408964338;B
20240521;100830;321.98;890;10408964365;B
20240521;100830;321.98;10;10408964366;B
20240521;100830;321.98;10;10408964367;B
20240521;100830;321.99;20;10408964368;B
20240521;100830;321.99;490;10408964369;B
20240521;100830;321.99;100;10408964370;B
20240521;100830;321.99;850;10408964371;B
20240521;100830;321.99;390;10408964372;B
20240521;100831;321.99;10;10408964515;B
20240521;100832;321.99;310;10408964725;S
20240521;100832;321.99;500;10408964726;S
20240521;100832;321.99;290;10408964727;S
20240521;100833;322;150;10408964796;B
20240521;100835;322;500;10408965084;B
20240521;100835;322;10;10408965123;B
20240521;100836;321.99;50;10408965189;S
20240521;100836;322;10;10408965234;B
20240521;100838;321.99;10;10408965403;S
20240521;100838;322;10;10408965407;B
20240521;100838;322;100;10408965434;B
20240521;100838;322;10;10408965455;B
20240521;100840;322;20;10408965680;B
20240521;100840;322;10;10408965721;B
20240521;100843;322;10;10408966132;B
20240521;100843;322;140;10408966133;B
20240521;100843;322;10;10408966145;B
20240521;100844;322;40;10408966165;B
20240521;100844;322;20;10408966232;B
20240521;100847;321.99;10;10408966615;S
20240521;100847;322;30;10408966682;B
20240521;100848;321.99;300;10408966776;S
20240521;100849;322;30;10408966840;B
20240521;100850;322;300;10408966954;B
20240521;100851;321.99;190;10408966999;S
20240521;100851;321.99;500;10408967000;S
20240521;100851;321.99;1000;10408967001;S
20240521;100851;321.99;3190;10408967002;S
20240521;100852;321.99;1500;10408967193;S
20240521;100853;321.99;5310;10408967383;S
20240521;100853;321.99;1000;10408967384;S
20240521;100853;321.99;500;10408967385;S
20240521;100853;321.99;10;10408967386;S
20240521;100853;321.97;10;10408967406;B
20240521;100853;321.97;10;10408967426;B
20240521;100854;321.96;90;10408967436;S
20240521;100854;321.96;30;10408967437;S
20240521;100854;321.96;10;10408967438;S
20240521;100854;321.95;30;10408967439;S
20240521;100855;321.95;70;10408967619;S
20240521;100855;321.95;200;10408967620;S
20240521;100855;321.96;1000;10408967621;B
20240521;100857;321.97;120;10408967826;B
20240521;100857;321.95;10;10408967876;S
20240521;100857;321.95;100;10408967877;S
20240521;100858;321.97;10;10408968000;B
20240521;100859;321.96;10;10408968088;S
20240521;100859;321.96;940;10408968143;B
20240521;100859;321.96;830;10408968144;B
20240521;100859;321.97;1340;10408968145;B
20240521;100859;321.98;850;10408968146;B
20240521;100859;321.98;2000;10408968147;B
20240521;100859;321.98;320;10408968148;B
20240521;100859;321.98;490;10408968149;B
20240521;100859;321.99;3230;10408968150;B
20240521;100900;321.98;30;10408968314;B
20240521;100901;321.98;820;10408968378;B
20240521;100901;321.98;940;10408968379;B
20240521;100901;321.98;380;10408968380;B
20240521;100901;321.99;170;10408968381;B
20240521;100902;321.97;320;10408968445;S
20240521;100902;321.97;1000;10408968446;S
20240521;100902;321.97;500;10408968447;S
20240521;100902;321.96;10;10408968449;S
20240521;100902;321.97;380;10408968458;B
20240521;100902;321.98;940;10408968459;B
20240521;100902;321.99;1110;10408968460;B
20240521;100903;321.99;1000;10408968555;B
20240521;100903;321.99;30;10408968563;B
20240521;100903;321.98;850;10408968641;S
20240521;100903;321.98;50;10408968642;S
20240521;100905;321.98;10;10408968804;S
20240521;100905;321.99;10;10408968845;B
20240521;100906;321.99;320;10408968937;B
20240521;100906;322;330;10408968938;B
20240521;100906;322;90;10408968939;B
20240521;100906;321.99;10;10408968940;S
20240521;100907;322;60;10408969122;B
20240521;100907;322;10;10408969144;B
20240521;100908;321.99;400;10408969292;S
20240521;100910;322;3730;10408969539;B
20240521;100910;322;110;10408969555;B
20240521;100910;322;30;10408969556;B
20240521;100910;322;150;10408969557;B
20240521;100910;321.99;330;10408969561;S
20240521;100911;322;5350;10408969612;B
20240521;100911;322;10;10408969613;B
20240521;100911;322;2500;10408969614;B
20240521;100911;322;2140;10408969615;B
20240521;100911;322;30;10408969616;B
20240521;100912;321.99;500;10408969693;S
20240521;100912;321.99;1000;10408969694;S
20240521;100912;321.99;940;10408969695;S
20240521;100912;321.99;720;10408969696;S
20240521;100912;321.99;830;10408969697;S
20240521;100912;321.99;500;10408969698;S
20240521;100915;321.98;170;10408970084;S
20240521;100915;321.98;10;10408970085;S
20240521;100915;321.98;20;10408970086;S
20240521;100915;321.97;940;10408970087;S
20240521;100915;321.96;500;10408970088;S
20240521;100915;321.96;20;10408970089;S
20240521;100915;321.96;490;10408970090;S
20240521;100915;321.96;850;10408970091;S
20240521;100915;321.95;6120;10408970092;S
20240521;100915;321.94;10;10408970160;S
20240521;100915;321.92;10;10408970161;S
20240521;100916;321.94;940;10408970250;S
20240521;100916;321.94;850;10408970251;S
20240521;100916;321.93;650;10408970252;S
20240521;100916;321.93;500;10408970253;S
20240521;100916;321.92;590;10408970254;S
20240521;100916;321.92;1000;10408970255;S
20240521;100916;321.91;830;10408970256;S
20240521;100916;321.91;500;10408970257;S
20240521;100916;321.9;500;10408970258;S
20240521;100916;321.9;1000;10408970259;S
20240521;100916;321.9;100;10408970260;S
20240521;100916;321.9;1500;10408970261;S
20240521;100916;321.9;10;10408970262;S
20240521;100916;321.9;460;10408970263;S
20240521;100917;321.94;30;10408970352;B
20240521;100918;321.91;10;10408970519;S
20240521;100919;321.92;10;10408970551;B
20240521;100919;321.93;10;10408970552;B
20240521;100919;321.94;20;10408970566;B
20240521;100920;321.93;10;10408971268;B
20240521;100920;321.93;10;10408971269;B
20240521;100920;321.93;280;10408971270;B
20240521;100921;321.91;90;10408971748;B
20240521;100922;321.91;310;10408971825;B
20240521;100924;321.91;1600;10408972258;B
20240521;100924;321.91;100;10408972259;B
20240521;100924;321.91;100;10408972260;B
20240521;100924;321.93;220;10408972261;B
20240521;100924;321.93;1000;10408972262;B
20240521;100924;321.94;280;10408972263;B
20240521;100924;321.94;60;10408972307;B
20240521;100924;321.94;40;10408972363;B
20240521;100927;321.92;500;10408972725;S
20240521;100927;321.91;320;10408972726;S
20240521;100927;321.91;850;10408972727;S
20240521;100927;321.91;490;10408972728;S
20240521;100927;321.91;940;10408972729;S
20240521;100927;321.91;1000;10408972730;S
20240521;100927;321.9;3540;10408972731;S
20240521;100927;321.9;310;10408972732;S
20240521;100927;321.9;30;10408972733;S
20240521;100927;321.89;61500;10408972734;S
20240521;100927;321.92;320;10408972743;S
20240521;100927;321.9;850;10408972745;S
20240521;100927;321.89;1050;10408972746;S
20240521;100927;321.9;160;10408972747;S
20240521;100927;321.89;40;10408972748;S
20240521;100929;321.89;200;10408972993;S
20240521;100929;321.89;50;10408973048;S
20240521;100929;321.89;10;10408973050;S
20240521;100931;321.9;340;10408973180;B
20240521;100931;321.9;450;10408973181;B
20240521;100931;321.9;210;10408973182;B
20240521;100931;321.9;40;10408973191;B
20240521;100932;321.89;10;10408973277;S
20240521;100932;321.89;10;10408973470;S
20240521;100932;321.89;1600;10408973471;S
20240521;100933;321.89;10;10408973513;S
20240521;100934;321.9;70;10408973706;B
20240521;100936;321.9;180;10408973925;B
20240521;100936;321.9;820;10408973926;B
20240521;100936;321.89;200;10408973978;S
20240521;100936;321.9;10;10408973997;B
20240521;100939;321.89;120;10408974279;S
20240521;100939;321.89;4180;10408974318;S
20240521;100939;321.86;10;10408974319;S
20240521;100939;321.85;10;10408974320;S
20240521;100939;321.84;10;10408974321;S
20240521;100939;321.83;290;10408974322;S
20240521;100939;321.83;320;10408974325;B
20240521;100939;321.83;500;10408974326;B
20240521;100939;321.83;450;10408974327;B
20240521;100939;321.83;1000;10408974328;B
20240521;100939;321.84;450;10408974329;B
20240521;100939;321.84;700;10408974330;B
20240521;100939;321.82;10;10408974346;S
20240521;100940;321.82;10;10408974534;B
20240521;100940;321.82;490;10408974550;B
20240521;100942;321.82;20;10408974940;S
20240521;100945;321.82;490;10408975479;S
20240521;100945;321.8;60;10408975480;S
20240521;100945;321.8;70;10408975481;S
20240521;100945;321.8;20;10408975482;S
20240521;100945;321.8;250;10408975483;S
20240521;100945;321.79;30;10408975484;S
20240521;100945;321.79;80;10408975485;S
20240521;100945;321.79;10;10408975532;S
20240521;100946;321.8;20;10408975631;B
20240521;100948;321.79;140;10408976106;S
20240521;100949;321.8;120;10408976354;B
20240521;100949;321.8;160;10408976400;B
20240521;100949;321.79;10;10408976411;S
20240521;100952;321.79;10;10408977127;S
20240521;100952;321.78;90;10408977128;S
20240521;100952;321.78;10;10408977158;S
20240521;100952;321.78;90;10408977168;S
20240521;100953;321.79;20;10408977176;B
20240521;100953;321.79;50;10408977189;B
20240521;100954;321.78;10;10408977352;S
