<DATE>;<TIME>;<LAST>;<VOL>;<ID>;<OPER>
20240529;095932;318.25;10;10518503912;S
20240529;095932;318.25;10;10518503913;S
20240529;095932;318.25;20;10518503914;S
20240529;095932;318.25;10;10518503915;S
20240529;095932;318.25;20;10518503916;S
20240529;095932;318.25;30;10518503917;S
20240529;095932;318.25;10;10518503918;S
20240529;095932;318.25;10;10518503919;S
20240529;095932;318.25;10;10518503920;S
20240529;095932;318.25;10;10518503921;S
20240529;095932;318.25;10;10518503922;S
20240529;095932;318.25;10;10518503923;S
20240529;095932;318.25;40;10518503924;S
20240529;095932;318.25;70;10518503925;S
20240529;095932;318.25;10;10518503926;B
20240529;095932;318.25;10;10518503927;S
20240529;095932;318.25;20;10518503928;S
20240529;095932;318.25;80;10518503929;B
20240529;095932;318.25;1920;10518503930;B
20240529;095932;318.25;100;10518503931;S
20240529;095932;318.25;2980;10518503932;S
20240529;095932;318.25;10;10518503933;S
20240529;095932;318.25;30;10518503934;S
20240529;095932;318.25;500;10518503935;S
20240529;095932;318.25;20;10518503936;S
20240529;095932;318.25;10;10518503937;S
20240529;095932;318.25;1080;10518503938;S
20240529;095932;318.25;10;10518503939;S
20240529;095932;318.25;10;10518503940;B
20240529;095932;318.25;10;10518503941;B
20240529;095932;318.25;10;10518503942;B
20240529;095932;318.25;20;10518503943;B
20240529;095932;318.25;10;10518503944;S
20240529;095932;318.25;10;10518503945;B
20240529;095932;318.25;300;10518503946;S
20240529;095932;318.25;10;10518503947;S
20240529;095932;318.25;20;10518503948;S
20240529;095932;318.25;20;10518503949;S
20240529;095932;318.25;20;10518503950;S
20240529;095932;318.25;20;10518503951;S
20240529;095932;318.25;10;10518503952;S
20240529;095932;318.25;20;10518503953;S
20240529;095932;318.25;20;10518503954;S
20240529;095932;318.25;450;10518503955;S
20240529;095932;318.25;20;10518503956;S
20240529;095932;318.25;30;10518503957;B
20240529;095932;318.25;20;10518503958;S
20240529;095932;318.25;20;10518503959;B
20240529;095932;318.25;20;10518503960;B
20240529;095932;318.25;40;10518503961;B
20240529;095932;318.25;20;10518503962;B
20240529;095932;318.25;140;10518503963;S
20240529;095932;318.25;160;10518503964;B
20240529;095932;318.25;10;10518503965;B
20240529;095932;318.25;10;10518503966;B
20240529;095932;318.25;40;10518503967;B
20240529;095932;318.25;10;10518503968;B
20240529;095932;318.25;30;10518503969;B
20240529;095932;318.25;10;10518503970;B
20240529;095932;318.25;1000;10518503971;B
20240529;095932;318.25;20;10518503972;B
20240529;095932;318.25;50;10518503973;B
20240529;095932;318.25;20;10518503974;S
20240529;095932;318.25;40;10518503975;B
20240529;095932;318.25;800;10518503976;B
20240529;095932;318.25;80;10518503977;B
20240529;095932;318.25;4920;10518503978;B
20240529;095932;318.25;6000;10518503979;S
20240529;095932;318.25;1580;10518503980;B
20240529;095932;318.25;50;10518503981;B
20240529;095932;318.25;500;10518503982;S
20240529;095932;318.25;40;10518503983;B
20240529;095932;318.25;10;10518503984;B
20240529;095932;318.25;10;10518503985;S
20240529;095932;318.25;30;10518503986;S
20240529;095932;318.25;20;10518503987;S
20240529;095932;318.25;1430;10518503988;B
20240529;095932;318.25;40;10518503989;B
20240529;095932;318.25;10;10518503990;B
20240529;095932;318.25;20;10518503991;B
20240529;095932;318.25;10;10518503992;B
20240529;095932;318.25;10;10518503993;B
20240529;095932;318.25;40;10518503994;B
20240529;095932;318.25;100;10518503995;B
20240529;095932;318.25;30;10518503996;B
20240529;095932;318.25;50;10518503997;B
20240529;095932;318.25;20;10518503998;B
20240529;095932;318.25;30;10518503999;B
20240529;095932;318.25;30;10518504000;B
20240529;095932;318.25;280;10518504001;B
20240529;095932;318.25;20;10518504002;B
20240529;095932;318.25;1000;10518504003;B
20240529;095932;318.25;20;10518504004;B
20240529;095932;318.25;60;10518504005;S
20240529;095932;318.25;160;10518504006;B
20240529;095932;318.25;10;10518504007;B
20240529;095932;318.25;80;10518504008;B
20240529;095932;318.25;320;10518504009;B
20240529;095932;318.25;50;10518504010;B
20240529;100000;318.4;100;10518508850;B
20240529;100000;318.49;200;10518508874;B
20240529;100000;318.49;10;10518509162;B
20240529;100001;318.49;10;10518509363;B
20240529;100001;318.49;250;10518509404;B
20240529;100001;318.5;40;10518509405;B
20240529;100001;318.5;50;10518509406;B
20240529;100001;318.5;20;10518509407;B
20240529;100001;318.59;480;10518509547;B
20240529;100001;318.59;470;10518509548;B
20240529;100001;318.59;330;10518509549;B
20240529;100001;318.59;10;10518509557;B
20240529;100001;318.59;470;10518509696;B
20240529;100001;318.59;480;10518509697;B
20240529;100001;318.6;30;10518509698;B
20240529;100001;318.6;50;10518509699;B
20240529;100001;318.6;480;10518509700;B
20240529;100001;318.63;10;10518509751;B
20240529;100001;318.63;470;10518510106;B
20240529;100001;318.63;30;10518510107;B
20240529;100002;318.63;10;10518510205;B
20240529;100002;318.62;300;10518510320;S
20240529;100002;318.63;470;10518510406;B
20240529;100002;318.63;480;10518510407;B
20240529;100002;318.64;40;10518510408;B
20240529;100002;318.64;10;10518510409;B
20240529;100002;318.64;480;10518510410;B
20240529;100002;318.65;480;10518510589;B
20240529;100002;318.65;470;10518510590;B
20240529;100002;318.65;500;10518510591;B
20240529;100002;318.66;30;10518510592;B
20240529;100002;318.65;470;10518510639;B
20240529;100002;318.65;480;10518510640;B
20240529;100002;318.66;450;10518510699;B
20240529;100002;318.66;50;10518510700;B
20240529;100002;318.66;470;10518510701;B
20240529;100002;318.67;460;10518510702;B
20240529;100002;318.69;10;10518510772;B
20240529;100002;318.66;100;10518510853;S
20240529;100002;318.69;200;10518511001;B
20240529;100003;318.69;150;10518511221;B
20240529;100003;318.69;120;10518511293;B
20240529;100003;318.7;10;10518511294;B
20240529;100003;318.7;30;10518511295;B
20240529;100003;318.7;10;10518511296;B
20240529;100003;318.7;480;10518511297;B
20240529;100003;318.71;480;10518511298;B
20240529;100003;318.71;1250;10518511299;B
20240529;100003;318.71;620;10518511300;B
20240529;100004;318.71;90;10518511640;B
20240529;100004;318.71;200;10518511655;B
20240529;100004;318.71;190;10518511707;B
20240529;100004;318.71;500;10518511810;B
20240529;100004;318.71;480;10518511811;B
20240529;100004;318.71;470;10518511812;B
20240529;100004;318.71;500;10518511813;S
20240529;100004;318.7;10;10518511814;S
20240529;100004;318.69;500;10518511816;S
20240529;100004;318.68;210;10518511950;S
20240529;100005;318.69;500;10518512017;B
20240529;100005;318.7;70;10518512018;B
20240529;100005;318.7;480;10518512019;B
20240529;100005;318.71;480;10518512020;B
20240529;100005;318.71;480;10518512022;B
20240529;100005;318.71;500;10518512023;S
20240529;100005;318.71;200;10518512026;B
20240529;100005;318.68;10;10518512069;S
20240529;100005;318.68;20;10518512132;S
20240529;100005;318.71;480;10518512304;B
20240529;100005;318.71;500;10518512305;B
20240529;100005;318.71;480;10518512306;B
20240529;100006;318.7;10;10518512421;S
20240529;100006;318.69;40;10518512422;S
20240529;100006;318.72;10;10518512497;B
20240529;100006;318.72;10;10518512777;B
20240529;100006;318.69;80;10518512779;S
20240529;100006;318.72;10;10518512780;B
20240529;100006;318.69;340;10518512887;S
20240529;100006;318.72;20;10518513046;B
20240529;100006;318.72;10;10518513047;B
20240529;100006;318.72;20;10518513048;B
20240529;100006;318.72;30;10518513049;B
20240529;100006;318.71;590;10518513053;S
20240529;100006;318.72;40;10518513080;B
20240529;100006;318.72;10;10518513081;B
20240529;100006;318.72;10;10518513444;B
20240529;100006;318.72;10;10518513448;B
20240529;100006;318.72;30;10518513452;B
20240529;100006;318.73;480;10518513453;B
20240529;100006;318.73;30;10518513454;B
20240529;100006;318.73;10;10518513457;B
20240529;100007;318.73;10;10518513505;B
20240529;100007;318.73;10;10518513507;B
20240529;100007;318.73;10;10518513599;B
20240529;100007;318.73;30;10518513600;B
20240529;100007;318.73;10;10518513602;B
20240529;100007;318.73;20;10518513603;B
20240529;100007;318.73;10;10518513604;B
20240529;100007;318.71;10;10518513608;S
20240529;100007;318.71;30;10518513610;S
20240529;100007;318.71;30;10518513615;S
20240529;100007;318.73;20;10518513669;B
20240529;100007;318.73;1090;10518513676;B
20240529;100007;318.73;60;10518513677;B
20240529;100007;318.72;40;10518513789;S
20240529;100007;318.73;1190;10518513913;B
20240529;100007;318.73;1250;10518513914;B
20240529;100007;318.73;1250;10518513915;B
20240529;100007;318.73;1250;10518513916;B
20240529;100007;318.74;1780;10518513917;B
20240529;100007;318.72;30;10518514278;S
20240529;100007;318.73;140;10518514282;B
20240529;100007;318.72;1000;10518514449;S
20240529;100007;318.73;10;10518514458;B
20240529;100007;318.73;20;10518514467;B
20240529;100008;318.73;10;10518514866;B
20240529;100008;318.73;10;10518514893;B
20240529;100008;318.72;10;10518514897;S
20240529;100008;318.73;20;10518514903;B
20240529;100008;318.72;830;10518514910;S
20240529;100008;318.73;30;10518515223;B
20240529;100008;318.73;10;10518515225;B
20240529;100008;318.73;120;10518515227;B
20240529;100008;318.73;20;10518515234;B
20240529;100008;318.73;50;10518515265;B
20240529;100008;318.73;300;10518515450;B
20240529;100008;318.72;90;10518515453;S
20240529;100008;318.72;10;10518515454;S
20240529;100008;318.73;500;10518515491;B
20240529;100008;318.73;10;10518515768;B
20240529;100008;318.73;160;10518515945;B
20240529;100009;318.73;10;10518516096;B
20240529;100009;318.72;80;10518516097;S
20240529;100009;318.73;120;10518516296;B
20240529;100009;318.73;20;10518516344;B
20240529;100009;318.73;10;10518516345;B
20240529;100010;318.73;10;10518516630;B
20240529;100010;318.73;20;10518516639;B
20240529;100010;318.73;50;10518516662;B
20240529;100010;318.73;30;10518516663;B
20240529;100010;318.73;90;10518516698;B
20240529;100010;318.73;20;10518516702;B
20240529;100010;318.73;360;10518516717;B
20240529;100010;318.72;160;10518516767;S
20240529;100010;318.72;30;10518516768;S
20240529;100010;318.72;10;10518516786;S
20240529;100010;318.72;10;10518516846;S
20240529;100010;318.73;60;10518516887;B
20240529;100010;318.73;290;10518516988;B
20240529;100010;318.73;320;10518516989;B
20240529;100010;318.73;140;10518516999;B
20240529;100010;318.73;80;10518517002;B
20240529;100010;318.73;10;10518517012;B
20240529;100010;318.73;210;10518517045;B
20240529;100011;318.73;20;10518517089;B
20240529;100011;318.72;60;10518517313;S
20240529;100012;318.73;470;10518517544;B
20240529;100012;318.73;1030;10518517545;B
20240529;100012;318.73;10;10518517809;B
20240529;100013;318.72;30;10518517834;S
20240529;100013;318.72;140;10518517878;S
20240529;100013;318.72;220;10518518004;S
20240529;100013;318.72;2340;10518518005;S
20240529;100013;318.72;640;10518518006;S
20240529;100013;318.73;210;10518518088;B
20240529;100013;318.73;20;10518518089;B
20240529;100014;318.73;170;10518518100;B
20240529;100014;318.73;60;10518518101;B
20240529;100014;318.73;10;10518518248;B
20240529;100015;318.72;1000;10518518630;S
20240529;100016;318.73;320;10518518658;B
20240529;100016;318.73;320;10518518667;B
20240529;100016;318.73;540;10518518692;B
20240529;100016;318.73;560;10518518693;B
20240529;100016;318.73;690;10518518696;B
20240529;100016;318.73;100;10518518697;B
20240529;100016;318.73;310;10518518698;B
20240529;100016;318.73;100;10518518731;B
20240529;100016;318.74;100;10518518744;B
20240529;100016;318.74;600;10518518757;B
20240529;100016;318.74;600;10518518781;B
20240529;100017;318.73;10;10518519113;S
20240529;100018;318.74;20;10518519376;B
20240529;100018;318.74;220;10518519406;B
20240529;100018;318.74;220;10518519427;B
20240529;100018;318.74;1000;10518519465;B
20240529;100019;318.74;300;10518519616;B
20240529;100019;318.74;300;10518519624;B
20240529;100019;318.73;120;10518519866;S
20240529;100019;318.74;20;10518519892;B
20240529;100020;318.73;340;10518519925;S
20240529;100020;318.73;2110;10518519926;S
20240529;100020;318.73;20;10518519927;S
20240529;100020;318.72;2590;10518519928;S
20240529;100020;318.72;560;10518519929;S
20240529;100020;318.71;450;10518519930;S
20240529;100021;318.73;30;10518520228;B
20240529;100021;318.73;2190;10518520296;B
20240529;100022;318.73;400;10518520401;S
20240529;100022;318.73;350;10518520457;S
20240529;100022;318.73;110;10518520578;S
20240529;100023;318.73;100;10518520727;S
20240529;100024;318.74;10;10518520808;B
20240529;100024;318.74;900;10518520959;B
20240529;100026;318.73;500;10518521348;S
20240529;100026;318.73;100;10518521444;S
20240529;100026;318.73;2250;10518521445;S
20240529;100026;318.73;470;10518521446;S
20240529;100026;318.72;10;10518521447;S
20240529;100026;318.71;1790;10518521448;S
20240529;100026;318.7;20;10518521449;S
20240529;100026;318.69;500;10518521450;S
20240529;100026;318.69;480;10518521451;S
20240529;100026;318.68;480;10518521452;S
20240529;100026;318.66;470;10518521494;S
20240529;100026;318.65;30;10518521495;S
20240529;100026;318.64;480;10518521503;S
20240529;100026;318.64;120;10518521504;S
20240529;100026;318.67;130;10518521524;B
20240529;100026;318.65;470;10518521530;S
20240529;100026;318.64;30;10518521531;S
20240529;100026;318.65;500;10518521582;S
20240529;100027;318.65;500;10518521605;S
20240529;100027;318.65;500;10518521629;S
20240529;100027;318.67;50;10518521735;B
20240529;100028;318.66;10;10518521951;S
20240529;100028;318.66;470;10518521952;S
20240529;100028;318.64;500;10518521953;S
20240529;100028;318.63;420;10518521954;S
20240529;100028;318.67;10;10518521982;B
20240529;100029;318.67;40;10518522186;B
20240529;100029;318.67;10;10518522191;B
20240529;100029;318.63;30;10518522193;S
20240529;100029;318.66;20;10518522209;B
20240529;100030;318.65;40;10518522557;B
20240529;100031;318.63;20;10518522680;S
20240529;100031;318.62;30;10518522681;S
20240529;100031;318.58;50;10518522714;S
20240529;100031;318.58;20;10518522810;S
20240529;100032;318.6;310;10518522940;B
20240529;100032;318.6;800;10518522941;B
20240529;100032;318.58;50;10518522961;S
20240529;100032;318.58;60;10518523024;S
20240529;100032;318.58;90;10518523049;S
20240529;100033;318.58;40;10518523188;S
20240529;100033;318.6;10;10518523220;B
20240529;100033;318.58;30;10518523274;S
20240529;100034;318.58;140;10518523361;S
20240529;100034;318.57;10;10518523362;S
20240529;100034;318.57;310;10518523363;S
20240529;100034;318.5;200;10518523374;S
20240529;100035;318.5;10;10518523705;S
20240529;100035;318.5;30;10518523706;S
20240529;100036;318.5;200;10518523814;S
20240529;100036;318.56;10;10518523844;B
20240529;100036;318.6;120;10518523845;B
20240529;100036;318.5;40;10518523874;S
20240529;100037;318.5;80;10518524009;S
20240529;100037;318.6;10;10518524084;B
20240529;100037;318.56;10;10518524198;S
20240529;100038;318.6;350;10518524264;B
20240529;100038;318.6;320;10518524265;B
20240529;100038;318.61;860;10518524266;B
20240529;100038;318.6;10;10518524401;B
20240529;100039;318.6;480;10518524427;B
20240529;100039;318.6;20;10518524428;B
20240529;100041;318.61;10;10518524817;B
20240529;100041;318.63;500;10518524818;S
20240529;100041;318.62;950;10518524819;S
20240529;100041;318.61;850;10518524820;S
20240529;100041;318.61;480;10518524821;S
20240529;100041;318.62;500;10518524822;S
20240529;100041;318.61;850;10518524823;S
20240529;100041;318.57;10;10518524867;S
20240529;100041;318.57;240;10518524868;S
20240529;100041;318.5;100;10518524931;S
20240529;100043;318.54;10;10518525254;S
20240529;100043;318.54;30;10518525255;S
20240529;100043;318.55;500;10518525293;B
20240529;100043;318.58;400;10518525294;B
20240529;100044;318.58;20;10518525369;B
20240529;100045;318.52;100;10518525700;S
20240529;100045;318.63;10;10518525769;B
20240529;100046;318.65;100;10518525882;B
20240529;100047;318.61;10;10518526060;S
20240529;100047;318.67;10;10518526169;B
20240529;100047;318.65;30;10518526182;S
20240529;100047;318.65;920;10518526224;S
20240529;100047;318.65;500;10518526225;S
20240529;100047;318.64;480;10518526226;S
20240529;100047;318.63;480;10518526227;S
20240529;100047;318.62;480;10518526228;S
20240529;100047;318.61;80;10518526229;S
20240529;100048;318.67;10;10518526448;B
20240529;100048;318.67;80;10518526452;B
20240529;100048;318.67;320;10518526453;B
20240529;100048;318.67;490;10518526454;B
20240529;100048;318.67;500;10518526455;B
20240529;100048;318.68;8000;10518526456;B
20240529;100048;318.7;470;10518526457;B
20240529;100048;318.72;50;10518526458;B
20240529;100048;318.72;50;10518526459;B
20240529;100048;318.72;50;10518526460;B
20240529;100048;318.72;50;10518526461;B
20240529;100048;318.72;40;10518526462;B
20240529;100048;318.72;100;10518526463;B
20240529;100048;318.72;480;10518526464;B
20240529;100048;318.73;30;10518526465;B
20240529;100048;318.73;680;10518526466;B
20240529;100048;318.73;2940;10518526467;B
20240529;100048;318.73;110;10518526468;B
20240529;100049;318.67;50;10518526615;S
20240529;100049;318.67;20;10518526733;S
20240529;100049;318.72;500;10518526734;B
20240529;100049;318.73;290;10518526735;B
20240529;100049;318.73;50;10518526736;B
20240529;100049;318.74;1160;10518526737;B
20240529;100049;318.64;100;10518526831;S
20240529;100050;318.74;10000;10518526916;B
20240529;100050;318.68;10;10518526929;S
20240529;100050;318.64;490;10518526930;S
20240529;100050;318.64;100;10518526931;S
20240529;100051;318.74;10000;10518527151;B
20240529;100051;318.74;10;10518527401;B
20240529;100052;318.74;10000;10518527586;B
20240529;100053;318.74;10000;10518527852;B
20240529;100053;318.73;20;10518527865;S
20240529;100053;318.73;500;10518527866;S
20240529;100053;318.73;200;10518527867;S
20240529;100054;318.74;10;10518528229;B
20240529;100054;318.73;100;10518528255;S
20240529;100054;318.74;10;10518528273;B
20240529;100055;318.74;10;10518528362;B
20240529;100055;318.74;220;10518528500;B
20240529;100055;318.73;850;10518528542;S
20240529;100055;318.73;500;10518528543;S
20240529;100055;318.73;100;10518528544;S
20240529;100055;318.73;480;10518528545;S
20240529;100055;318.72;480;10518528546;S
20240529;100055;318.71;480;10518528547;S
20240529;100055;318.7;480;10518528548;S
20240529;100055;318.7;470;10518528549;S
20240529;100055;318.69;480;10518528550;S
20240529;100055;318.69;180;10518528551;S
20240529;100056;318.74;10;10518528690;B
20240529;100056;318.73;100;10518528706;S
20240529;100056;318.73;150;10518528707;S
20240529;100056;318.74;10;10518528755;B
20240529;100056;318.72;70;10518528763;S
20240529;100056;318.74;4000;10518528764;B
20240529;100057;318.74;1920;10518528936;B
20240529;100057;318.74;50;10518528937;B
20240529;100057;318.74;10;10518528938;B
20240529;100057;318.74;10;10518528939;B
20240529;100057;318.74;1000;10518528940;B
20240529;100058;318.75;10;10518529086;B
20240529;100058;318.75;40;10518529087;B
20240529;100100;318.75;10;10518529582;B
20240529;100100;318.75;50;10518529583;B
20240529;100100;318.75;350;10518529584;B
20240529;100100;318.74;10;10518529618;S
20240529;100100;318.74;10;10518529661;S
20240529;100100;318.75;500;10518529667;B
20240529;100100;318.78;400;10518529672;B
20240529;100101;318.76;500;10518529957;S
20240529;100101;318.75;490;10518529958;S
20240529;100101;318.75;950;10518529959;S
20240529;100101;318.75;850;10518529960;S
20240529;100101;318.74;1990;10518529961;S
20240529;100101;318.74;1950;10518529962;S
20240529;100101;318.74;140;10518529963;S
20240529;100101;318.76;310;10518530048;S
20240529;100101;318.74;30;10518530049;S
20240529;100101;318.78;20;10518530075;B
20240529;100101;318.78;480;10518530082;B
20240529;100101;318.78;160;10518530083;B
20240529;100102;318.75;100;10518530281;S
20240529;100102;318.74;300;10518530282;S
20240529;100103;318.74;30;10518530324;S
20240529;100103;318.73;370;10518530331;B
20240529;100103;318.73;480;10518530332;B
20240529;100103;318.71;20;10518530388;S
20240529;100103;318.71;100;10518530404;S
20240529;100104;318.67;10;10518530476;S
20240529;100104;318.64;10;10518530477;S
20240529;100104;318.64;80;10518530478;S
20240529;100104;318.58;20;10518530562;B
20240529;100105;318.57;540;10518530775;B
20240529;100105;318.57;50;10518530806;B
20240529;100106;318.57;340;10518530898;B
20240529;100106;318.57;400;10518530989;B
20240529;100106;318.57;20;10518531020;B
20240529;100107;318.57;10;10518531256;B
20240529;100108;318.57;20;10518531482;B
20240529;100110;318.56;10;10518531826;S
20240529;100110;318.57;10;10518531945;B
20240529;100111;318.57;30;10518532171;B
20240529;100112;318.56;90;10518532351;S
20240529;100112;318.56;550;10518532378;S
20240529;100112;318.56;10;10518532379;S
20240529;100112;318.55;180;10518532380;S
20240529;100112;318.54;10;10518532381;S
20240529;100113;318.54;50;10518532465;B
20240529;100113;318.53;100;10518532614;S
20240529;100114;318.53;100;10518532790;S
20240529;100114;318.51;310;10518532791;S
20240529;100117;318.5;10;10518533330;S
20240529;100117;318.5;50;10518533331;S
20240529;100117;318.5;40;10518533332;S
20240529;100117;318.51;20;10518533344;B
20240529;100118;318.5;50;10518533660;S
20240529;100118;318.49;40;10518533661;S
20240529;100118;318.49;20;10518533662;S
20240529;100118;318.49;480;10518533663;S
20240529;100118;318.48;480;10518533664;S
20240529;100118;318.47;110;10518533665;S
20240529;100118;318.47;300;10518533666;S
20240529;100119;318.42;10;10518533960;B
20240529;100119;318.42;460;10518534083;B
20240529;100119;318.42;540;10518534084;B
20240529;100121;318.41;10;10518534428;S
20240529;100121;318.41;20;10518534498;S
20240529;100122;318.41;10;10518534636;S
20240529;100122;318.42;340;10518534662;B
20240529;100123;318.42;10;10518534827;B
20240529;100124;318.42;30;10518534850;B
20240529;100124;318.41;10;10518534866;S
20240529;100124;318.42;150;10518534904;B
20240529;100124;318.41;100;10518534909;S
20240529;100124;318.42;120;10518535005;B
20240529;100125;318.42;20;10518535082;B
20240529;100125;318.41;160;10518535106;S
20240529;100125;318.41;10;10518535107;S
20240529;100125;318.4;190;10518535108;S
20240529;100125;318.36;480;10518535109;S
20240529;100125;318.35;480;10518535110;S
20240529;100125;318.35;50;10518535111;S
20240529;100125;318.34;480;10518535112;S
20240529;100125;318.33;480;10518535113;S
20240529;100125;318.32;480;10518535114;S
20240529;100125;318.31;480;10518535115;S
20240529;100125;318.3;10;10518535116;S
20240529;100125;318.3;480;10518535117;S
20240529;100125;318.29;480;10518535118;S
20240529;100125;318.29;1420;10518535119;S
20240529;100125;318.29;1100;10518535120;S
20240529;100125;318.28;1250;10518535121;S
20240529;100125;318.28;480;10518535122;S
20240529;100125;318.27;3000;10518535123;S
20240529;100125;318.27;480;10518535124;S
20240529;100125;318.27;500;10518535125;S
20240529;100125;318.25;1250;10518535126;S
20240529;100125;318.25;1250;10518535127;S
20240529;100125;318.25;1250;10518535128;S
20240529;100125;318.24;70;10518535129;S
20240529;100125;318.24;70;10518535130;S
20240529;100125;318.24;20;10518535131;S
20240529;100125;318.24;6000;10518535132;S
20240529;100125;318.24;2000;10518535133;S
20240529;100125;318.23;140;10518535134;S
20240529;100125;318.23;20;10518535135;S
20240529;100125;318.23;1000;10518535136;S
20240529;100125;318.23;10;10518535137;S
20240529;100125;318.23;10;10518535138;S
20240529;100125;318.23;430;10518535139;S
20240529;100125;318.23;8000;10518535140;S
20240529;100125;318.22;10;10518535141;S
20240529;100125;318.22;320;10518535142;S
20240529;100125;318.22;20;10518535143;S
20240529;100125;318.22;10;10518535144;S
20240529;100125;318.22;10;10518535145;S
20240529;100125;318.22;10;10518535146;S
20240529;100125;318.22;10;10518535147;S
20240529;100125;318.22;30;10518535148;S
20240529;100125;318.22;10;10518535149;S
20240529;100125;318.22;100;10518535150;S
20240529;100125;318.22;10;10518535151;S
20240529;100125;318.22;50;10518535152;S
20240529;100125;318.22;10;10518535153;S
20240529;100125;318.22;10;10518535154;S
20240529;100125;318.22;10;10518535155;S
20240529;100125;318.22;940;10518535156;S
20240529;100125;318.22;150;10518535157;S
20240529;100125;318.22;100;10518535158;S
20240529;100125;318.22;10;10518535159;S
20240529;100125;318.22;10;10518535160;S
20240529;100125;318.22;300;10518535161;S
20240529;100125;318.22;10;10518535162;S
20240529;100125;318.22;10;10518535163;S
20240529;100125;318.22;350;10518535164;S
20240529;100125;318.22;100;10518535165;S
20240529;100125;318.22;50;10518535166;S
20240529;100125;318.22;10;10518535167;S
20240529;100125;318.22;10;10518535168;S
20240529;100125;318.22;580;10518535169;S
20240529;100125;318.22;30;10518535170;S
20240529;100125;318.22;10;10518535171;S
20240529;100125;318.22;20;10518535172;S
20240529;100125;318.22;200;10518535173;S
20240529;100125;318.22;10;10518535174;S
20240529;100125;318.22;20;10518535175;S
20240529;100125;318.22;10;10518535176;S
20240529;100125;318.22;40;10518535177;S
20240529;100125;318.22;10;10518535178;S
20240529;100125;318.22;2390;10518535179;S
20240529;100126;318.24;160;10518535303;B
20240529;100126;318.23;150;10518535381;S
20240529;100127;318.24;310;10518535532;B
20240529;100127;318.24;1040;10518535533;B
20240529;100127;318.24;480;10518535534;B
20240529;100127;318.24;10;10518535535;B
20240529;100127;318.25;500;10518535536;B
20240529;100127;318.33;470;10518535576;B
20240529;100127;318.33;790;10518535577;B
20240529;100128;318.35;470;10518535662;B
20240529;100128;318.35;480;10518535663;B
20240529;100128;318.35;500;10518535664;B
20240529;100128;318.36;100;10518535665;B
20240529;100128;318.36;450;10518535666;B
20240529;100128;318.34;100;10518535670;S
20240529;100130;318.39;10;10518535997;S
20240529;100130;318.35;20;10518535998;S
20240529;100130;318.35;70;10518535999;S
20240529;100130;318.4;10;10518536003;B
20240529;100130;318.35;10;10518536053;S
20240529;100131;318.4;170;10518536133;B
20240529;100133;318.4;60;10518536495;B
20240529;100135;318.37;500;10518536712;S
20240529;100135;318.36;490;10518536713;S
20240529;100135;318.36;10;10518536714;S
20240529;100135;318.4;230;10518536850;B
20240529;100135;318.4;270;10518536851;B
20240529;100137;318.39;10;10518537016;B
20240529;100137;318.39;40;10518537029;B
20240529;100137;318.38;30;10518537034;S
20240529;100138;318.38;200;10518537344;S
20240529;100139;318.39;20;10518537410;B
20240529;100139;318.39;400;10518537524;B
20240529;100139;318.4;50;10518537525;B
20240529;100139;318.4;50;10518537526;B
20240529;100139;318.4;10;10518537548;B
20240529;100141;318.36;600;10518537853;B
20240529;100141;318.36;200;10518537856;B
20240529;100141;318.36;500;10518537857;B
20240529;100141;318.36;310;10518537858;B
20240529;100142;318.38;20;10518538150;B
20240529;100142;318.35;70;10518538245;S
20240529;100143;318.36;10;10518538481;B
20240529;100143;318.35;100;10518538511;S
20240529;100144;318.36;190;10518538606;B
20240529;100144;318.36;170;10518538607;B
20240529;100146;318.36;10;10518539031;B
20240529;100146;318.36;20;10518539095;B
20240529;100146;318.36;50;10518539159;B
20240529;100147;318.35;50;10518539243;S
20240529;100147;318.35;30;10518539368;S
20240529;100148;318.35;50;10518539790;S
20240529;100148;318.35;50;10518539903;S
20240529;100148;318.36;120;10518539967;B
20240529;100150;318.35;90;10518540760;S
20240529;100152;318.36;10;10518541184;B
20240529;100153;318.36;70;10518541413;B
20240529;100153;318.36;70;10518541442;B
20240529;100154;318.36;10;10518541623;B
20240529;100154;318.35;10;10518541702;S
20240529;100154;318.36;10;10518541722;B
20240529;100155;318.35;60;10518541824;S
20240529;100155;318.36;80;10518541899;B
20240529;100155;318.36;80;10518541907;B
20240529;100156;318.35;180;10518541937;S
20240529;100156;318.35;4000;10518541938;S
20240529;100156;318.34;150;10518541939;S
20240529;100156;318.34;170;10518541940;S
20240529;100156;318.34;500;10518541941;S
20240529;100158;318.35;10;10518542307;B
20240529;100158;318.35;10;10518542358;B
20240529;100158;318.35;50;10518542404;B
20240529;100201;318.34;270;10518542942;S
20240529;100201;318.34;260;10518542943;S
20240529;100201;318.33;260;10518542944;S
20240529;100201;318.33;70;10518542945;S
20240529;100201;318.33;140;10518542946;S
20240529;100202;318.34;10;10518543221;B
20240529;100202;318.33;210;10518543241;S
20240529;100202;318.33;10;10518543242;S
20240529;100204;318.23;10;10518543762;B
20240529;100205;318.22;1000;10518543899;S
20240529;100205;318.22;100;10518543975;S
20240529;100206;318.23;50;10518544211;B
20240529;100207;318.23;50;10518544529;B
20240529;100207;318.23;100;10518544566;B
20240529;100210;318.22;410;10518545133;S
20240529;100210;318.22;10;10518545134;S
20240529;100210;318.22;10;10518545135;S
20240529;100210;318.22;10;10518545136;S
20240529;100210;318.22;10;10518545137;S
20240529;100210;318.22;10;10518545138;S
20240529;100210;318.22;40;10518545139;S
20240529;100211;318.22;20;10518545348;S
20240529;100211;318.23;20;10518545474;B
20240529;100211;318.23;30;10518545491;B
20240529;100211;318.23;10;10518545530;B
20240529;100212;318.23;20;10518545553;B
20240529;100212;318.23;20;10518545578;B
20240529;100212;318.22;10;10518545624;S
20240529;100212;318.22;80;10518545639;S
20240529;100212;318.22;10;10518545640;S
20240529;100212;318.22;10;10518545641;S
20240529;100212;318.23;80;10518545656;B
20240529;100212;318.22;30;10518545675;S
20240529;100212;318.22;70;10518545676;S
20240529;100213;318.23;10;10518545820;B
20240529;100213;318.22;90;10518545844;S
20240529;100213;318.22;80;10518545845;S
20240529;100213;318.22;140;10518546033;B
20240529;100213;318.22;140;10518546051;B
20240529;100214;318.22;50;10518546066;B
20240529;100214;318.22;130;10518546067;B
20240529;100214;318.22;500;10518546089;B
20240529;100214;318.23;20;10518546094;B
20240529;100214;318.23;100;10518546095;B
20240529;100214;318.23;60;10518546096;B
20240529;100214;318.23;40;10518546099;B
20240529;100214;318.23;10;10518546100;B
20240529;100214;318.22;500;10518546107;B
20240529;100214;318.22;500;10518546120;S
20240529;100214;318.23;50;10518546126;B
20240529;100214;318.22;500;10518546127;S
20240529;100214;318.22;500;10518546128;S
20240529;100214;318.22;500;10518546129;S
20240529;100214;318.23;40;10518546148;B
20240529;100214;318.23;10;10518546149;B
20240529;100214;318.23;50;10518546162;B
20240529;100214;318.23;280;10518546186;B
20240529;100214;318.23;200;10518546193;B
20240529;100214;318.23;80;10518546194;B
20240529;100214;318.22;470;10518546434;S
20240529;100214;318.22;500;10518546435;S
20240529;100214;318.21;10;10518546436;S
20240529;100214;318.2;10;10518546437;S
20240529;100214;318.2;10;10518546438;S
20240529;100214;318.2;10;10518546439;S
20240529;100214;318.2;10;10518546440;S
20240529;100214;318.2;30;10518546441;S
20240529;100214;318.2;20;10518546442;S
20240529;100214;318.2;60;10518546443;S
20240529;100214;318.2;530;10518546444;S
20240529;100214;318.21;100;10518546480;S
20240529;100216;318.22;20;10518546719;B
20240529;100216;318.22;50;10518546720;B
20240529;100216;318.22;70;10518546754;B
20240529;100216;318.22;70;10518546782;B
20240529;100216;318.22;70;10518546783;B
20240529;100217;318.22;20;10518546931;B
20240529;100217;318.22;150;10518546976;B
20240529;100217;318.22;150;10518546980;B
20240529;100217;318.22;290;10518547022;B
20240529;100217;318.22;50;10518547023;B
20240529;100217;318.23;20;10518547024;B
20240529;100217;318.23;90;10518547025;B
20240529;100217;318.26;950;10518547031;B
20240529;100217;318.26;320;10518547032;B
20240529;100217;318.31;20;10518547166;B
20240529;100217;318.33;170;10518547172;B
20240529;100217;318.33;480;10518547173;B
20240529;100217;318.33;450;10518547174;B
20240529;100218;318.33;500;10518547296;B
20240529;100218;318.33;500;10518547298;B
20240529;100218;318.33;200;10518547299;B
20240529;100218;318.34;480;10518547380;B
20240529;100218;318.35;950;10518547381;B
20240529;100218;318.35;480;10518547382;B
20240529;100219;318.37;100;10518547592;B
20240529;100219;318.39;100;10518547628;B
20240529;100219;318.39;610;10518547650;B
20240529;100220;318.36;70;10518547957;S
20240529;100220;318.36;30;10518547958;S
20240529;100221;318.39;1200;10518548126;S
20240529;100222;318.39;440;10518548133;S
20240529;100222;318.39;300;10518548175;S
20240529;100224;318.4;10;10518548543;B
20240529;100224;318.4;40;10518548544;B
20240529;100224;318.4;60;10518548576;B
20240529;100224;318.41;50;10518548577;B
20240529;100224;318.41;200;10518548578;B
20240529;100224;318.41;340;10518548579;B
20240529;100224;318.42;500;10518548671;B
20240529;100224;318.42;1000;10518548672;B
20240529;100225;318.44;50;10518548799;B
20240529;100225;318.45;50;10518548819;B
20240529;100225;318.48;40;10518548820;B
20240529;100225;318.47;10;10518548832;S
20240529;100225;318.46;200;10518548845;S
20240529;100225;318.46;100;10518548903;S
20240529;100226;318.47;690;10518548959;B
20240529;100226;318.47;310;10518549021;B
20240529;100226;318.48;10;10518549022;B
20240529;100226;318.51;50;10518549055;B
20240529;100226;318.52;10;10518549056;B
20240529;100226;318.53;50;10518549057;B
20240529;100226;318.55;260;10518549058;B
20240529;100226;318.57;500;10518549163;B
20240529;100226;318.57;50;10518549164;B
20240529;100226;318.57;110;10518549165;B
20240529;100227;318.59;30;10518549220;B
20240529;100227;318.58;500;10518549293;S
20240529;100227;318.58;450;10518549300;S
20240529;100227;318.59;20;10518549319;B
20240529;100227;318.59;1000;10518549320;B
20240529;100227;318.61;50;10518549321;B
20240529;100227;318.61;40;10518549322;B
20240529;100228;318.6;100;10518549399;S
20240529;100228;318.6;50;10518549438;S
20240529;100228;318.6;450;10518549508;S
20240529;100228;318.6;60;10518549509;S
20240529;100230;318.61;10;10518549779;B
20240529;100230;318.64;50;10518549780;B
20240529;100230;318.65;40;10518549781;B
20240529;100230;318.61;50;10518549896;S
20240529;100231;318.62;10;10518549940;B
20240529;100231;318.62;20;10518550040;B
20240529;100232;318.61;50;10518550062;S
20240529;100232;318.62;10;10518550185;B
20240529;100235;318.62;150;10518550722;B
20240529;100235;318.62;10;10518550786;B
20240529;100236;318.62;10;10518550910;B
20240529;100236;318.61;10;10518550924;S
20240529;100236;318.61;100;10518550928;S
20240529;100237;318.61;10;10518551053;S
20240529;100237;318.62;30;10518551076;B
20240529;100237;318.61;50;10518551095;S
20240529;100237;318.61;10;10518551100;S
20240529;100240;318.61;20;10518551407;S
20240529;100240;318.61;20;10518551482;S
20240529;100241;318.62;10;10518551638;B
20240529;100242;318.61;30;10518551699;S
20240529;100242;318.62;10;10518551701;B
20240529;100244;318.62;1340;10518552115;B
20240529;100244;318.62;1160;10518552116;B
20240529;100244;318.62;100;10518552144;B
20240529;100245;318.62;10;10518552259;B
20240529;100246;318.62;40;10518552279;B
20240529;100247;318.62;20;10518552508;B
20240529;100248;318.61;40;10518552637;S
20240529;100248;318.62;1280;10518552694;B
20240529;100250;318.61;10;10518552931;S
20240529;100251;318.61;40;10518553077;S
20240529;100251;318.62;10;10518553123;B
20240529;100252;318.61;30;10518553126;S
20240529;100252;318.61;10;10518553127;S
20240529;100252;318.61;480;10518553128;S
20240529;100252;318.61;570;10518553129;S
20240529;100256;318.62;10;10518553754;B
20240529;100257;318.62;70;10518553835;B
20240529;100258;318.62;500;10518553929;B
20240529;100301;318.62;10;10518554403;B
20240529;100302;318.61;80;10518554497;S
20240529;100302;318.61;2530;10518554573;S
20240529;100302;318.61;40;10518554574;S
20240529;100302;318.61;70;10518554575;S
20240529;100302;318.61;130;10518554576;S
20240529;100302;318.61;480;10518554577;S
20240529;100302;318.61;120;10518554578;S
20240529;100302;318.61;470;10518554579;S
20240529;100302;318.61;100;10518554580;S
20240529;100302;318.61;320;10518554581;S
20240529;100302;318.61;180;10518554582;S
20240529;100303;318.61;390;10518554627;S
20240529;100303;318.61;90;10518554628;S
20240529;100303;318.61;250;10518554629;S
20240529;100304;318.62;3350;10518554854;B
20240529;100307;318.61;10;10518555232;S
20240529;100309;318.61;10;10518555520;S
20240529;100310;318.61;20;10518555607;S
20240529;100310;318.61;20;10518555617;S
20240529;100312;318.61;30;10518555966;S
20240529;100314;318.61;80;10518556209;S
20240529;100314;318.61;50;10518556235;S
20240529;100314;318.61;320;10518556236;S
20240529;100314;318.61;100;10518556237;S
20240529;100314;318.61;950;10518556238;S
20240529;100314;318.61;100;10518556239;S
20240529;100314;318.61;20;10518556240;S
20240529;100314;318.61;950;10518556241;S
20240529;100314;318.6;480;10518556242;S
20240529;100314;318.6;30;10518556243;S
20240529;100316;318.6;500;10518556465;B
20240529;100316;318.61;430;10518556466;B
20240529;100316;318.6;610;10518556467;B
20240529;100316;318.59;10;10518556513;S
20240529;100318;318.6;100;10518556688;B
20240529;100319;318.6;10;10518556828;B
20240529;100321;318.6;10;10518557086;B
20240529;100322;318.53;20;10518557225;S
20240529;100324;318.58;500;10518557634;B
20240529;100324;318.59;50;10518557635;B
20240529;100326;318.58;10;10518557908;B
20240529;100326;318.54;20;10518558015;S
20240529;100328;318.56;10;10518558222;B
20240529;100330;318.55;10;10518558408;B
20240529;100331;318.54;50;10518558550;S
20240529;100331;318.55;10;10518558618;B
20240529;100331;318.55;20;10518558619;B
20240529;100331;318.54;30;10518558634;S
20240529;100332;318.55;10;10518558647;B
20240529;100332;318.54;20;10518558788;S
20240529;100335;318.55;10;10518559155;B
20240529;100335;318.55;100;10518559157;B
20240529;100335;318.54;20;10518559230;S
20240529;100338;318.55;200;10518559488;S
20240529;100338;318.56;20;10518559545;B
20240529;100339;318.56;10;10518559683;B
20240529;100341;318.56;1500;10518559966;B
20240529;100342;318.56;970;10518559990;B
20240529;100342;318.58;410;10518559991;B
20240529;100342;318.59;10;10518559992;B
20240529;100342;318.59;110;10518559993;B
20240529;100342;318.56;360;10518560171;S
20240529;100343;318.56;10;10518560199;S
20240529;100343;318.59;10;10518560256;B
20240529;100343;318.59;10;10518560257;B
20240529;100345;318.59;100;10518560441;B
20240529;100345;318.59;70;10518560442;B
20240529;100345;318.56;100;10518560443;S
20240529;100345;318.56;10;10518560444;S
20240529;100349;318.56;200;10518561182;S
20240529;100351;318.58;20;10518561501;B
20240529;100351;318.59;80;10518561502;B
20240529;100352;318.59;350;10518561664;B
20240529;100352;318.57;30;10518561683;S
20240529;100353;318.59;10;10518561806;B
20240529;100354;318.56;320;10518561859;S
20240529;100354;318.55;40;10518561860;S
20240529;100354;318.55;290;10518561861;S
20240529;100356;318.59;40;10518562198;B
20240529;100359;318.57;10;10518562581;B
20240529;100359;318.57;10;10518562582;B
20240529;100403;318.56;30;10518563142;S
20240529;100403;318.56;40;10518563143;S
20240529;100403;318.55;30;10518563144;S
20240529;100403;318.54;1640;10518563145;S
20240529;100403;318.54;50;10518563148;S
20240529;100404;318.55;750;10518563549;S
20240529;100405;318.58;10;10518563709;B
20240529;100407;318.58;50;10518564080;B
20240529;100408;318.58;10;10518564232;B
20240529;100408;318.55;50;10518564292;S
20240529;100410;318.58;30;10518564452;B
20240529;100411;318.58;20;10518564559;B
20240529;100412;318.55;40;10518564732;S
20240529;100415;318.58;100;10518565133;B
20240529;100417;318.55;20;10518566005;S
20240529;100420;318.56;10;10518566470;B
20240529;100420;318.55;10;10518566488;S
20240529;100420;318.55;50;10518566497;S
20240529;100421;318.55;10;10518566563;S
20240529;100423;318.55;20;10518567015;S
20240529;100425;318.55;80;10518567373;S
20240529;100425;318.56;10;10518567385;B
20240529;100425;318.56;10;10518567425;B
20240529;100425;318.56;20;10518567426;B
20240529;100427;318.56;10;10518567746;B
20240529;100428;318.56;90;10518567974;B
20240529;100430;318.56;10;10518568328;B
20240529;100431;318.56;80;10518568564;B
20240529;100431;318.56;40;10518568582;B
20240529;100431;318.55;10;10518568598;S
20240529;100432;318.56;10;10518568629;B
20240529;100432;318.56;50;10518568726;B
20240529;100432;318.55;20;10518568748;S
20240529;100433;318.56;10;10518568826;B
20240529;100433;318.55;390;10518568840;S
20240529;100433;318.55;10;10518568841;S
20240529;100433;318.55;50;10518568842;S
20240529;100433;318.55;210;10518568843;S
20240529;100433;318.54;13020;10518568844;S
20240529;100434;318.54;210;10518568956;S
20240529;100434;318.54;80;10518569009;S
20240529;100434;318.54;20;10518569010;S
20240529;100434;318.55;100;10518569072;B
20240529;100437;318.54;100;10518569498;S
20240529;100438;318.55;70;10518569667;B
20240529;100438;318.55;30;10518569734;B
20240529;100440;318.55;20;10518570127;B
20240529;100440;318.55;50;10518570132;B
20240529;100441;318.54;10;10518570329;S
20240529;100443;318.55;140;10518570469;B
20240529;100443;318.54;200;10518570518;S
20240529;100443;318.54;40;10518570519;S
20240529;100443;318.54;260;10518570520;S
20240529;100444;318.54;10;10518570656;S
20240529;100445;318.55;90;10518570821;B
20240529;100445;318.55;170;10518570822;B
20240529;100445;318.55;70;10518570850;B
20240529;100447;318.55;60;10518571095;B
20240529;100447;318.55;20;10518571096;B
20240529;100447;318.55;30;10518571097;B
20240529;100447;318.54;20;10518571138;S
20240529;100447;318.55;40;10518571208;B
20240529;100448;318.54;140;10518571337;S
20240529;100448;318.54;30;10518571338;S
20240529;100448;318.54;30;10518571339;S
20240529;100448;318.53;50;10518571340;S
20240529;100448;318.53;710;10518571341;S
20240529;100448;318.53;60;10518571342;S
20240529;100448;318.53;40;10518571343;S
20240529;100448;318.52;420;10518571344;S
20240529;100448;318.5;10;10518571345;S
20240529;100448;318.5;90;10518571346;S
20240529;100448;318.42;10;10518571357;S
20240529;100448;318.41;290;10518571359;S
20240529;100448;318.4;10;10518571360;S
20240529;100449;318.4;50;10518571447;S
20240529;100451;318.41;30;10518571697;B
20240529;100451;318.41;90;10518571782;B
20240529;100452;318.41;10;10518572021;B
20240529;100453;318.4;10;10518572125;S
20240529;100454;318.41;20;10518572208;B
20240529;100454;318.41;130;10518572227;B
20240529;100454;318.41;220;10518572259;B
20240529;100454;318.41;320;10518572260;B
20240529;100454;318.41;2000;10518572261;B
20240529;100454;318.41;100;10518572262;B
20240529;100454;318.41;430;10518572263;B
20240529;100454;318.41;1040;10518572264;B
20240529;100455;318.4;230;10518572295;S
20240529;100455;318.4;270;10518572296;S
20240529;100455;318.41;360;10518572338;B
20240529;100455;318.41;310;10518572339;B
20240529;100456;318.4;3060;10518572592;S
20240529;100456;318.4;50;10518572593;S
20240529;100456;318.4;60;10518572594;S
20240529;100456;318.36;1000;10518572612;S
20240529;100456;318.34;110;10518572613;S
20240529;100456;318.34;20;10518572614;S
20240529;100456;318.32;170;10518572615;S
20240529;100456;318.32;470;10518572616;S
20240529;100456;318.3;50;10518572617;S
20240529;100456;318.3;400;10518572618;S
20240529;100456;318.3;480;10518572619;S
20240529;100456;318.29;300;10518572620;S
20240529;100457;318.25;100;10518572857;S
20240529;100457;318.26;60;10518572877;B
20240529;100457;318.25;600;10518572902;S
20240529;100458;318.26;120;10518572999;B
20240529;100459;318.26;10;10518573222;B
20240529;100501;318.25;10;10518573519;S
20240529;100501;318.25;700;10518573612;S
20240529;100501;318.25;30;10518573621;S
20240529;100502;318.25;20;10518573661;S
20240529;100502;318.26;60;10518573718;B
20240529;100504;318.26;50;10518573911;B
20240529;100504;318.26;10;10518573912;B
20240529;100504;318.26;10;10518573913;B
20240529;100504;318.25;10;10518573953;S
20240529;100505;318.25;50;10518574005;S
20240529;100505;318.25;60;10518574090;S
20240529;100505;318.26;10;10518574093;B
20240529;100506;318.25;1260;10518574256;S
20240529;100508;318.25;10;10518574575;S
20240529;100509;318.26;20;10518574695;B
20240529;100509;318.25;50;10518574712;S
20240529;100510;318.26;80;10518574754;B
20240529;100510;318.26;140;10518574755;B
20240529;100510;318.26;10;10518574794;B
20240529;100510;318.26;10;10518574847;B
20240529;100510;318.26;10;10518574889;B
20240529;100510;318.25;30;10518574904;S
20240529;100511;318.25;10;10518574942;S
20240529;100511;318.26;20;10518574943;B
20240529;100511;318.26;10;10518574997;B
20240529;100512;318.25;50;10518575106;S
20240529;100512;318.25;140;10518575132;S
20240529;100513;318.26;70;10518575254;B
20240529;100514;318.25;40;10518575344;S
20240529;100514;318.26;10;10518575399;B
20240529;100517;318.26;10;10518575771;B
20240529;100517;318.25;20;10518575856;S
20240529;100517;318.25;280;10518575964;S
20240529;100517;318.25;670;10518575965;S
20240529;100517;318.25;10;10518575966;S
20240529;100517;318.25;70;10518575967;S
20240529;100517;318.25;20;10518575968;S
20240529;100517;318.25;30;10518575969;S
20240529;100517;318.25;40;10518575970;S
20240529;100517;318.25;10;10518575971;S
20240529;100517;318.25;30;10518575972;S
20240529;100517;318.24;690;10518575973;S
20240529;100517;318.24;10;10518575974;S
20240529;100517;318.24;70;10518575975;S
20240529;100517;318.24;80;10518575976;S
20240529;100518;318.24;10;10518576005;S
20240529;100518;318.25;10;10518576074;B
20240529;100520;318.24;10;10518576436;S
20240529;100521;318.25;10;10518576579;B
20240529;100521;318.25;10;10518576580;B
20240529;100522;318.25;300;10518576628;B
20240529;100523;318.25;20;10518576918;B
20240529;100525;318.24;10;10518577228;S
20240529;100526;318.23;10;10518577379;S
20240529;100526;318.23;40;10518577380;S
20240529;100526;318.2;970;10518577381;S
20240529;100526;318.2;20;10518577494;S
20240529;100526;318.2;10;10518577497;S
20240529;100526;318.2;10;10518577498;S
20240529;100526;318.2;10;10518577499;S
20240529;100526;318.2;130;10518577500;S
20240529;100526;318.19;10;10518577501;S
20240529;100526;318.17;500;10518577502;S
20240529;100526;318.16;50;10518577503;S
20240529;100526;318.14;150;10518577504;S
20240529;100526;318.14;130;10518577505;S
20240529;100526;318.14;500;10518577507;B
20240529;100526;318.14;200;10518577508;B
20240529;100526;318.14;110;10518577509;S
20240529;100526;318.14;500;10518577510;B
20240529;100526;318.14;2000;10518577511;B
20240529;100527;318.12;10;10518577529;S
20240529;100527;318.13;10;10518577562;B
20240529;100527;318.12;40;10518577579;S
20240529;100527;318.12;20;10518577580;S
20240529;100527;318.13;10;10518577585;B
20240529;100527;318.12;10;10518577591;S
20240529;100527;318.13;100;10518577599;B
20240529;100529;318.13;10;10518577810;B
20240529;100529;318.13;100;10518577831;B
20240529;100529;318.13;390;10518577880;B
20240529;100530;318.13;680;10518578043;B
20240529;100530;318.13;2000;10518578044;B
20240529;100530;318.13;500;10518578045;B
20240529;100530;318.13;950;10518578046;B
20240529;100530;318.13;330;10518578047;B
20240529;100530;318.12;10;10518578075;S
20240529;100531;318.12;10;10518578179;S
20240529;100531;318.11;20;10518578180;S
20240529;100532;318.11;20;10518578418;S
20240529;100532;318.12;10;10518578510;B
20240529;100533;318.11;120;10518578611;S
20240529;100533;318.11;890;10518578612;S
20240529;100533;318.12;50;10518578717;B
20240529;100534;318.11;500;10518578793;S
20240529;100534;318.11;900;10518578794;S
20240529;100534;318.11;250;10518578795;S
20240529;100535;318.1;20;10518579046;S
20240529;100535;318.1;80;10518579047;S
20240529;100536;318.11;2000;10518579259;B
20240529;100537;318.11;10;10518579310;S
20240529;100537;318.1;30;10518579416;S
20240529;100538;318.11;70;10518579469;S
20240529;100538;318.11;1010;10518579558;S
20240529;100538;318.12;950;10518579655;B
20240529;100538;318.12;150;10518579656;B
20240529;100538;318.12;1100;10518579670;B
20240529;100539;318.11;10;10518579808;S
20240529;100539;318.11;10;10518579868;S
20240529;100540;318.12;10;10518579932;B
20240529;100540;318.11;150;10518579998;S
20240529;100541;318.11;50;10518580071;S
20240529;100541;318.11;10;10518580072;S
20240529;100541;318.11;10;10518580079;S
20240529;100542;318.11;230;10518580259;S
20240529;100542;318.11;200;10518580260;S
20240529;100542;318.11;30;10518580282;S
20240529;100542;318.11;20;10518580319;S
20240529;100542;318.11;250;10518580356;S
20240529;100542;318.11;2000;10518580357;S
20240529;100542;318.11;900;10518580358;S
20240529;100542;318.1;950;10518580359;S
20240529;100542;318.11;500;10518580360;B
20240529;100542;318.11;450;10518580361;B
20240529;100542;318.11;1550;10518580362;S
20240529;100542;318.11;450;10518580363;S
20240529;100544;318.11;10;10518580522;B
20240529;100544;318.11;70;10518580564;B
20240529;100544;318.1;30;10518580583;S
20240529;100546;318.1;2910;10518580860;S
20240529;100546;318.1;10;10518580861;S
20240529;100546;318.1;10;10518580862;S
20240529;100546;318.1;10;10518580863;S
20240529;100546;318.1;100;10518580864;S
20240529;100546;318.1;140;10518580865;S
20240529;100546;318.09;30;10518580869;B
20240529;100546;318.09;20;10518580871;B
20240529;100546;318.08;850;10518580876;B
20240529;100546;318.08;10;10518580877;B
20240529;100547;318.08;230;10518580970;B
20240529;100547;318.07;10;10518581149;S
20240529;100547;318.07;270;10518581150;S
20240529;100547;318.05;110;10518581151;S
20240529;100547;318.05;470;10518581152;S
20240529;100547;318.03;10;10518581153;S
20240529;100547;318.03;480;10518581154;S
20240529;100547;318.03;150;10518581155;S
20240529;100547;318.02;20;10518581162;S
20240529;100548;318.03;2000;10518581252;B
20240529;100548;318.03;500;10518581253;B
20240529;100548;318.04;100;10518581254;B
20240529;100548;318.07;480;10518581255;B
20240529;100548;318.08;90;10518581256;B
20240529;100548;318.04;110;10518581300;B
20240529;100551;318.04;10;10518581819;B
20240529;100552;318.04;380;10518581983;B
20240529;100552;318.04;950;10518581984;B
20240529;100552;318.04;250;10518581985;B
20240529;100553;318.03;500;10518582202;S
20240529;100553;318.03;2000;10518582203;S
20240529;100553;318.03;130;10518582204;S
20240529;100554;318.03;360;10518582321;S
20240529;100554;318.03;30;10518582322;S
20240529;100554;318.04;2000;10518582406;B
20240529;100554;318.05;2000;10518582409;B
20240529;100554;318.05;2000;10518582410;S
20240529;100555;318.06;50;10518582502;B
20240529;100555;318.06;50;10518582503;B
20240529;100555;318.09;10;10518582513;B
20240529;100555;318.07;40;10518582530;S
20240529;100555;318.07;460;10518582532;B
20240529;100555;318.08;220;10518582575;B
20240529;100555;318.08;500;10518582600;S
20240529;100555;318.08;500;10518582610;S
20240529;100555;318.08;320;10518582618;S
20240529;100555;318.08;500;10518582619;S
20240529;100555;318.08;500;10518582620;S
20240529;100555;318.08;320;10518582621;S
20240529;100555;318.08;500;10518582622;S
20240529;100555;318.08;500;10518582623;S
20240529;100555;318.09;30;10518582664;B
20240529;100555;318.09;50;10518582665;B
20240529;100556;318.09;50;10518582740;B
20240529;100556;318.09;250;10518582742;S
20240529;100556;318.1;70;10518582795;B
20240529;100557;318.1;700;10518582841;B
20240529;100557;318.1;1050;10518582852;B
20240529;100557;318.1;1190;10518582853;B
20240529;100557;318.1;180;10518582923;B
20240529;100557;318.11;1000;10518582924;B
20240529;100557;318.11;180;10518582925;B
20240529;100557;318.15;410;10518582984;B
20240529;100557;318.14;10;10518582992;S
20240529;100557;318.15;2540;10518583006;B
20240529;100557;318.14;50;10518583054;S
20240529;100557;318.15;50;10518583059;B
20240529;100557;318.14;180;10518583156;S
20240529;100557;318.15;10;10518583222;B
20240529;100558;318.15;10;10518583345;B
20240529;100559;318.2;60;10518583518;B
20240529;100559;318.2;160;10518583519;B
20240529;100559;318.2;220;10518583522;B
20240529;100559;318.2;90;10518583569;B
20240529;100559;318.2;90;10518583584;B
20240529;100559;318.2;50;10518583678;B
20240529;100559;318.2;50;10518583697;B
20240529;100559;318.2;40;10518583729;B
20240529;100559;318.2;40;10518583751;B
20240529;100601;318.19;500;10518583991;S
20240529;100601;318.19;950;10518583992;S
20240529;100601;318.19;2000;10518583993;S
20240529;100601;318.19;470;10518583994;S
20240529;100601;318.19;480;10518583995;S
20240529;100601;318.19;490;10518583996;S
20240529;100601;318.19;10;10518584025;S
20240529;100601;318.2;1000;10518584056;B
20240529;100602;318.19;10;10518584125;S
20240529;100604;318.2;100;10518584593;B
20240529;100604;318.2;10;10518584606;B
20240529;100605;318.19;30;10518584679;S
20240529;100605;318.2;10;10518584732;B
20240529;100605;318.2;70;10518584798;B
20240529;100606;318.19;10;10518584910;S
20240529;100606;318.19;40;10518584918;S
20240529;100607;318.19;430;10518585052;S
20240529;100607;318.19;490;10518585053;S
20240529;100607;318.19;830;10518585054;S
20240529;100607;318.19;1710;10518585055;S
20240529;100607;318.19;10;10518585056;S
20240529;100607;318.19;2970;10518585057;S
20240529;100607;318.19;500;10518585058;S
20240529;100607;318.18;1380;10518585059;S
20240529;100607;318.19;330;10518585067;B
20240529;100608;318.18;10;10518585342;S
20240529;100608;318.19;10;10518585477;B
20240529;100609;318.19;60;10518585534;B
20240529;100609;318.19;30;10518585542;B
20240529;100609;318.18;10;10518585547;S
20240529;100610;318.18;10;10518585716;S
20240529;100610;318.18;40;10518585717;S
20240529;100610;318.18;430;10518585843;S
20240529;100610;318.18;10;10518585844;S
20240529;100610;318.18;10;10518585855;S
20240529;100612;318.19;60;10518586172;B
20240529;100612;318.19;10;10518586246;B
20240529;100613;318.19;20;10518586289;B
20240529;100613;318.2;1070;10518586290;B
20240529;100613;318.2;20;10518586291;B
20240529;100614;318.2;10;10518586457;B
20240529;100614;318.2;50;10518586572;B
20240529;100615;318.19;130;10518586596;S
20240529;100615;318.19;70;10518586644;S
20240529;100615;318.2;10;10518586677;B
20240529;100616;318.2;10;10518586769;B
20240529;100616;318.2;290;10518586770;B
20240529;100617;318.2;10;10518587037;B
20240529;100617;318.19;30;10518587060;S
20240529;100619;318.2;10;10518587337;B
20240529;100620;318.2;140;10518587460;B
20240529;100620;318.2;70;10518587496;B
20240529;100620;318.2;30;10518587497;B
20240529;100620;318.2;10;10518587498;B
20240529;100620;318.2;30;10518587499;B
20240529;100620;318.2;20;10518587592;B
20240529;100620;318.2;210;10518587593;B
20240529;100620;318.2;260;10518587594;B
20240529;100621;318.19;50;10518587677;S
20240529;100621;318.2;150;10518587732;B
20240529;100621;318.2;150;10518587752;B
20240529;100621;318.2;40;10518587785;B
20240529;100621;318.21;20;10518587786;B
20240529;100622;318.2;20;10518587842;S
20240529;100623;318.21;30;10518587990;B
20240529;100623;318.24;40;10518587991;B
20240529;100623;318.24;70;10518588073;B
20240529;100624;318.24;20;10518588298;B
20240529;100625;318.24;370;10518588329;B
20240529;100625;318.24;10;10518588418;B
20240529;100626;318.24;10;10518588508;B
20240529;100626;318.23;10;10518588519;S
20240529;100626;318.24;470;10518588542;B
20240529;100626;318.24;10;10518588543;B
20240529;100626;318.24;40;10518588544;B
20240529;100626;318.24;10;10518588545;B
20240529;100626;318.24;50;10518588546;B
20240529;100627;318.25;10;10518588579;B
20240529;100627;318.25;10;10518588580;B
20240529;100627;318.25;10;10518588624;B
20240529;100627;318.24;100;10518588670;S
20240529;100627;318.25;4980;10518588730;B
20240529;100627;318.25;120;10518588731;B
20240529;100627;318.26;430;10518588732;B
20240529;100627;318.26;50;10518588733;B
20240529;100628;318.29;10;10518588763;B
20240529;100628;318.29;10;10518588764;B
20240529;100628;318.31;50;10518588765;B
20240529;100628;318.31;10;10518588766;B
20240529;100628;318.34;10;10518588772;B
20240529;100628;318.34;40;10518588839;B
20240529;100628;318.35;10;10518588840;B
20240529;100628;318.37;50;10518588841;B
20240529;100628;318.39;50;10518588842;B
20240529;100628;318.4;30;10518588843;B
20240529;100629;318.39;500;10518588938;S
20240529;100629;318.39;2000;10518588939;S
20240529;100629;318.39;90;10518588940;S
20240529;100632;318.4;10;10518589389;B
20240529;100633;318.4;10;10518589510;B
20240529;100633;318.4;160;10518589604;B
20240529;100634;318.39;10;10518589749;S
20240529;100634;318.39;70;10518589750;S
20240529;100635;318.4;10;10518589934;B
20240529;100635;318.4;10;10518589993;B
20240529;100636;318.4;600;10518590121;B
20240529;100636;318.4;10;10518590122;B
20240529;100636;318.4;50;10518590123;B
20240529;100636;318.42;10;10518590124;B
20240529;100636;318.42;50;10518590125;B
20240529;100636;318.43;50;10518590126;B
20240529;100636;318.44;50;10518590127;B
20240529;100636;318.46;40;10518590128;B
20240529;100636;318.48;50;10518590129;B
20240529;100636;318.48;500;10518590130;B
20240529;100636;318.5;150;10518590131;B
20240529;100636;318.5;480;10518590132;B
20240529;100636;318.51;50;10518590133;B
20240529;100636;318.51;210;10518590134;B
20240529;100636;318.52;40;10518590152;B
20240529;100636;318.52;30;10518590199;B
20240529;100636;318.48;950;10518590233;S
20240529;100636;318.48;850;10518590234;S
20240529;100636;318.48;320;10518590235;S
20240529;100636;318.48;490;10518590236;S
20240529;100636;318.47;470;10518590237;S
20240529;100636;318.47;480;10518590238;S
20240529;100636;318.47;2000;10518590239;S
20240529;100636;318.46;480;10518590240;S
20240529;100636;318.45;960;10518590241;S
20240529;100637;318.48;50;10518590465;S
20240529;100637;318.47;870;10518590466;S
20240529;100640;318.48;780;10518590905;S
20240529;100641;318.53;10;10518591063;B
20240529;100641;318.48;10;10518591088;S
20240529;100641;318.48;50;10518591099;S
20240529;100641;318.48;50;10518591134;S
20240529;100643;318.49;500;10518591484;S
20240529;100646;318.5;10;10518591982;B
20240529;100648;318.5;20;10518592185;B
20240529;100648;318.51;10;10518592186;B
20240529;100649;318.48;10;10518592391;S
20240529;100650;318.49;10;10518592569;B
20240529;100650;318.48;30;10518592614;S
20240529;100651;318.48;590;10518592663;S
20240529;100651;318.48;10;10518592664;S
20240529;100651;318.47;460;10518592665;S
20240529;100651;318.48;20;10518592681;B
20240529;100651;318.48;170;10518592704;B
20240529;100651;318.48;10;10518592730;B
20240529;100652;318.47;100;10518592833;S
20240529;100652;318.48;140;10518592914;B
20240529;100652;318.48;20;10518592944;B
20240529;100653;318.48;60;10518593049;B
20240529;100654;318.48;80;10518593125;B
20240529;100654;318.48;50;10518593136;S
20240529;100654;318.49;40;10518593202;B
20240529;100654;318.49;490;10518593203;B
20240529;100654;318.5;150;10518593204;B
20240529;100656;318.49;60;10518593460;B
20240529;100656;318.49;90;10518593490;B
20240529;100656;318.49;10;10518593561;S
20240529;100656;318.5;130;10518593575;B
20240529;100657;318.49;470;10518593626;S
20240529;100657;318.49;950;10518593627;S
20240529;100657;318.49;580;10518593628;S
20240529;100657;318.5;30;10518593705;B
20240529;100657;318.5;10;10518593720;B
20240529;100658;318.5;10;10518593892;B
20240529;100659;318.49;140;10518594010;S
20240529;100700;318.5;240;10518594147;B
20240529;100701;318.49;330;10518594294;S
20240529;100703;318.49;250;10518594635;B
20240529;100704;318.49;10;10518594788;B
20240529;100705;318.49;10;10518594887;B
20240529;100705;318.49;10;10518595014;B
20240529;100706;318.49;10;10518595046;B
20240529;100707;318.49;10;10518595163;B
20240529;100707;318.49;150;10518595256;B
20240529;100708;318.49;6500;10518595319;B
20240529;100708;318.5;500;10518595320;B
20240529;100708;318.49;10;10518595331;B
20240529;100708;318.49;20;10518595393;B
20240529;100708;318.48;440;10518595439;S
20240529;100711;318.49;460;10518595758;B
20240529;100711;318.5;540;10518595759;B
20240529;100711;318.5;10;10518595768;B
20240529;100711;318.49;10;10518595811;S
20240529;100711;318.5;10;10518595871;B
20240529;100711;318.5;50;10518595873;B
20240529;100711;318.5;20;10518595880;B
20240529;100713;318.5;10;10518596120;B
20240529;100714;318.5;20;10518596442;B
20240529;100715;318.5;10;10518596523;B
20240529;100715;318.5;10;10518596565;B
20240529;100717;318.5;10;10518596800;B
20240529;100718;318.49;840;10518597134;S
20240529;100718;318.49;950;10518597135;S
20240529;100718;318.49;810;10518597136;S
20240529;100718;318.49;10;10518597137;S
20240529;100718;318.48;1930;10518597138;S
20240529;100718;318.48;580;10518597139;S
20240529;100718;318.48;10;10518597140;S
20240529;100718;318.48;110;10518597141;S
20240529;100718;318.48;1160;10518597142;S
20240529;100720;318.49;20;10518597399;B
20240529;100720;318.48;500;10518597472;S
20240529;100721;318.49;180;10518597601;B
20240529;100723;318.48;10;10518597861;S
20240529;100724;318.48;20;10518597966;S
20240529;100725;318.48;10;10518598034;S
20240529;100725;318.49;20;10518598052;B
20240529;100725;318.48;20;10518598081;S
20240529;100726;318.48;120;10518598158;S
20240529;100726;318.49;10;10518598241;B
20240529;100727;318.49;30;10518598247;B
20240529;100727;318.49;260;10518598259;B
20240529;100728;318.48;100;10518598413;S
20240529;100730;318.49;10;10518598718;B
20240529;100730;318.49;40;10518598719;B
20240529;100730;318.49;250;10518598721;B
20240529;100730;318.48;560;10518598733;S
20240529;100730;318.48;130;10518598734;S
20240529;100730;318.48;300;10518598735;S
20240529;100730;318.48;530;10518598736;S
20240529;100730;318.48;10;10518598737;S
20240529;100730;318.48;10;10518598738;S
20240529;100730;318.48;170;10518598739;S
20240529;100730;318.48;20;10518598740;S
20240529;100730;318.47;160;10518598741;S
20240529;100730;318.47;260;10518598742;S
20240529;100730;318.47;170;10518598743;S
20240529;100730;318.47;220;10518598744;S
20240529;100730;318.47;520;10518598745;S
20240529;100730;318.47;20;10518598746;S
20240529;100730;318.46;980;10518598747;S
20240529;100730;318.46;390;10518598748;S
20240529;100730;318.46;590;10518598749;S
20240529;100730;318.46;50;10518598750;S
20240529;100730;318.45;460;10518598751;S
20240529;100730;318.45;480;10518598752;S
20240529;100730;318.44;480;10518598753;S
20240529;100730;318.43;480;10518598754;S
20240529;100730;318.42;480;10518598755;S
20240529;100730;318.42;470;10518598756;S
20240529;100730;318.42;2000;10518598757;S
20240529;100730;318.41;480;10518598758;S
20240529;100730;318.41;110;10518598759;S
20240529;100730;318.4;480;10518598760;S
20240529;100730;318.4;40;10518598761;S
20240529;100730;318.4;20;10518598762;S
20240529;100730;318.4;1000;10518598763;S
20240529;100730;318.4;810;10518598764;S
20240529;100730;318.4;2860;10518598765;S
20240529;100730;318.39;40;10518598766;S
20240529;100730;318.39;480;10518598767;S
20240529;100730;318.38;480;10518598768;S
20240529;100730;318.38;2000;10518598769;S
20240529;100730;318.38;8000;10518598770;S
20240529;100730;318.37;480;10518598771;S
20240529;100730;318.37;850;10518598772;S
20240529;100730;318.36;8000;10518598773;S
20240529;100730;318.36;480;10518598774;S
20240529;100730;318.35;2000;10518598775;S
20240529;100730;318.35;8000;10518598776;S
20240529;100730;318.34;1600;10518598777;S
20240529;100730;318.33;2000;10518598778;S
20240529;100730;318.31;2000;10518598779;S
20240529;100730;318.3;20;10518598780;S
20240529;100730;318.28;1000;10518598781;S
20240529;100730;318.28;1250;10518598782;S
20240529;100730;318.28;2000;10518598783;S
20240529;100730;318.27;82080;10518598784;S
20240529;100730;318.27;20;10518598803;S
20240529;100731;318.28;20;10518599055;B
20240529;100731;318.28;850;10518599056;S
20240529;100731;318.28;950;10518599057;S
20240529;100731;318.28;950;10518599058;S
20240529;100731;318.28;850;10518599059;S
20240529;100731;318.28;850;10518599060;S
20240529;100731;318.28;850;10518599061;S
20240529;100732;318.3;60;10518599156;B
20240529;100732;318.32;500;10518599191;B
20240529;100732;318.33;480;10518599192;B
20240529;100732;318.33;810;10518599193;B
20240529;100732;318.34;480;10518599194;B
20240529;100732;318.34;230;10518599195;B
20240529;100733;318.32;30;10518599286;B
20240529;100733;318.32;10;10518599356;B
20240529;100734;318.28;60;10518599419;S
20240529;100734;318.28;790;10518599420;S
20240529;100734;318.27;90;10518599421;S
20240529;100734;318.27;20;10518599422;S
20240529;100734;318.27;520;10518599423;S
20240529;100734;318.27;910;10518599424;S
20240529;100735;318.26;10;10518599652;S
20240529;100736;318.27;20;10518599801;B
20240529;100736;318.27;500;10518599802;S
20240529;100736;318.27;500;10518599803;S
20240529;100736;318.26;10;10518599844;S
20240529;100737;318.27;100;10518599898;B
20240529;100738;318.26;10;10518599976;S
20240529;100738;318.27;8000;10518599983;B
20240529;100738;318.27;490;10518599984;B
20240529;100738;318.27;320;10518599985;B
20240529;100738;318.27;950;10518599986;B
20240529;100739;318.32;10;10518600084;B
20240529;100739;318.32;10;10518600100;B
20240529;100741;318.32;200;10518600351;B
20240529;100741;318.33;10;10518600352;B
20240529;100741;318.35;480;10518600353;B
20240529;100741;318.36;480;10518600354;B
20240529;100741;318.36;800;10518600355;B
20240529;100741;318.37;480;10518600356;B
20240529;100741;318.38;480;10518600357;B
20240529;100741;318.38;6070;10518600358;B
20240529;100741;318.44;480;10518600463;B
20240529;100741;318.44;510;10518600464;B
20240529;100742;318.44;480;10518600491;B
20240529;100742;318.45;50;10518600492;B
20240529;100742;318.45;470;10518600493;B
20240529;100742;318.47;150;10518600611;B
20240529;100744;318.47;300;10518600789;B
20240529;100744;318.47;70;10518600799;B
20240529;100746;318.47;50;10518601046;B
20240529;100746;318.47;80;10518601055;B
20240529;100747;318.48;30;10518601091;B
20240529;100747;318.4;20;10518601174;S
20240529;100748;318.4;200;10518601189;S
20240529;100749;318.48;510;10518601508;B
20240529;100749;318.48;1250;10518601509;B
20240529;100749;318.48;500;10518601510;B
20240529;100749;318.49;3010;10518601511;B
20240529;100749;318.49;100;10518601512;B
20240529;100749;318.49;10;10518601513;B
20240529;100749;318.49;110;10518601514;B
20240529;100749;318.49;100;10518601515;B
20240529;100749;318.49;480;10518601516;B
20240529;100749;318.5;1410;10518601517;B
20240529;100749;318.5;20;10518601518;B
20240529;100749;318.5;40;10518601519;B
20240529;100752;318.5;590;10518601760;B
20240529;100752;318.46;10;10518601894;S
20240529;100753;318.48;50;10518602088;B
20240529;100756;318.5;10;10518602419;B
20240529;100756;318.5;60;10518602519;B
20240529;100756;318.5;400;10518602520;B
20240529;100756;318.5;260;10518602521;B
20240529;100756;318.5;90;10518602522;B
20240529;100756;318.5;550;10518602523;B
20240529;100800;318.49;140;10518602934;S
20240529;100800;318.49;110;10518603003;S
20240529;100800;318.49;190;10518603004;S
20240529;100801;318.5;450;10518603150;B
20240529;100801;318.5;620;10518603151;B
20240529;100801;318.5;10;10518603152;B
20240529;100801;318.5;60;10518603153;B
20240529;100801;318.5;300;10518603154;B
20240529;100801;318.5;150;10518603155;B
20240529;100802;318.49;10;10518603235;S
20240529;100804;318.5;10;10518603429;B
20240529;100805;318.49;50;10518603516;S
20240529;100807;318.49;30;10518603793;S
20240529;100807;318.5;1800;10518603795;B
20240529;100807;318.5;10;10518603835;B
20240529;100807;318.49;540;10518603850;S
20240529;100807;318.49;130;10518603851;S
20240529;100807;318.49;130;10518603852;S
20240529;100809;318.49;400;10518604177;B
20240529;100809;318.49;10;10518604193;B
20240529;100809;318.49;60;10518604198;B
20240529;100810;318.49;10;10518604295;B
20240529;100810;318.48;20;10518604350;S
20240529;100810;318.49;20;10518604376;B
20240529;100810;318.49;480;10518604377;B
20240529;100810;318.49;470;10518604378;B
20240529;100810;318.49;30;10518604379;B
20240529;100810;318.48;10;10518604401;S
20240529;100811;318.48;140;10518604470;S
20240529;100811;318.48;1190;10518604508;S
20240529;100811;318.48;200;10518604509;S
20240529;100811;318.48;230;10518604510;S
20240529;100811;318.48;210;10518604511;S
20240529;100811;318.48;150;10518604512;S
20240529;100811;318.47;50;10518604552;S
20240529;100811;318.47;20;10518604553;S
20240529;100811;318.47;130;10518604554;S
20240529;100811;318.47;120;10518604558;S
20240529;100812;318.47;820;10518604580;S
20240529;100813;318.47;20;10518604717;B
20240529;100814;318.46;20;10518604811;S
20240529;100814;318.47;10;10518604830;B
20240529;100814;318.47;10;10518604885;B
20240529;100815;318.47;20;10518605023;B
20240529;100816;318.44;270;10518605116;B
20240529;100816;318.44;500;10518605117;B
20240529;100816;318.44;250;10518605118;B
20240529;100816;318.44;500;10518605119;B
20240529;100816;318.44;1200;10518605120;B
20240529;100816;318.44;500;10518605121;B
20240529;100816;318.44;920;10518605122;B
20240529;100818;318.45;810;10518605364;B
20240529;100818;318.45;500;10518605365;B
20240529;100818;318.46;320;10518605366;B
20240529;100818;318.47;100;10518605388;B
20240529;100819;318.46;370;10518605470;S
20240529;100819;318.45;130;10518605471;S
20240529;100819;318.46;300;10518605473;B
20240529;100820;318.45;30;10518605561;S
20240529;100820;318.46;50;10518605634;B
20240529;100820;318.46;20;10518605661;B
20240529;100821;318.46;30;10518605675;B
20240529;100821;318.46;360;10518605707;B
20240529;100823;318.46;30;10518605931;B
20240529;100824;318.46;30;10518606026;B
20240529;100825;318.46;10;10518606144;B
20240529;100826;318.46;990;10518606252;B
20240529;100826;318.46;480;10518606253;B
20240529;100827;318.47;30;10518606342;B
20240529;100830;318.45;50;10518606767;S
20240529;100830;318.45;180;10518606837;S
20240529;100830;318.45;650;10518606838;S
20240529;100832;318.45;10;10518607031;B
20240529;100833;318.44;400;10518607220;S
20240529;100833;318.44;10;10518607226;S
20240529;100833;318.44;20;10518607244;S
20240529;100833;318.45;10;10518607256;B
20240529;100833;318.44;10;10518607270;S
20240529;100834;318.45;20;10518607313;B
20240529;100834;318.44;10;10518607368;S
20240529;100834;318.45;500;10518607415;B
20240529;100834;318.44;380;10518607417;S
20240529;100835;318.45;50;10518607547;B
20240529;100836;318.45;30;10518607566;B
20240529;100837;318.45;190;10518607684;B
20240529;100837;318.45;420;10518607685;B
20240529;100839;318.45;20;10518607988;B
20240529;100843;318.45;100;10518608713;B
20240529;100845;318.45;10;10518608912;B
20240529;100845;318.45;10;10518608933;B
20240529;100846;318.45;10;10518609022;B
20240529;100846;318.45;300;10518609047;B
20240529;100848;318.44;10;10518609344;S
20240529;100848;318.44;30;10518609345;S
20240529;100849;318.44;10;10518609447;S
20240529;100851;318.44;20;10518609668;S
20240529;100851;318.44;70;10518609669;S
20240529;100851;318.43;210;10518609670;S
20240529;100853;318.44;500;10518609878;B
20240529;100853;318.44;470;10518609879;B
20240529;100853;318.44;1200;10518609880;B
20240529;100853;318.44;320;10518609881;B
20240529;100853;318.44;490;10518609882;B
20240529;100853;318.45;60;10518609883;B
20240529;100853;318.45;480;10518609884;B
20240529;100853;318.45;810;10518609885;B
20240529;100853;318.45;500;10518609886;B
20240529;100853;318.45;170;10518609887;B
20240529;100853;318.43;30;10518609925;S
20240529;100857;318.43;20;10518610371;S
20240529;100858;318.44;280;10518610408;B
20240529;100858;318.44;200;10518610443;B
20240529;100858;318.45;70;10518610444;B
20240529;100900;318.45;60;10518610705;B
20240529;100902;318.44;10;10518610904;S
20240529;100902;318.44;60;10518610905;S
20240529;100903;318.44;810;10518610976;S
20240529;100903;318.44;10;10518611066;B
20240529;100904;318.44;490;10518611101;B
20240529;100904;318.44;160;10518611102;B
20240529;100904;318.44;10;10518611203;B
20240529;100905;318.44;90;10518611298;B
20240529;100908;318.43;10;10518611799;S
20240529;100910;318.44;10;10518612459;B
20240529;100911;318.44;10;10518612590;B
20240529;100912;318.44;10;10518612605;B
20240529;100912;318.43;10;10518612705;S
20240529;100913;318.43;100;10518612727;S
20240529;100913;318.43;100;10518612827;S
20240529;100916;318.44;30;10518613187;B
20240529;100916;318.44;10;10518613269;B
20240529;100917;318.44;10;10518613311;B
20240529;100919;318.44;30;10518613548;B
20240529;100919;318.44;10;10518613572;B
20240529;100921;318.44;10;10518613833;B
20240529;100921;318.44;50;10518613837;B
20240529;100922;318.44;10;10518613876;B
20240529;100922;318.44;20;10518613944;B
20240529;100923;318.44;10;10518614002;B
20240529;100923;318.43;100;10518614026;S
20240529;100925;318.44;10;10518614287;B
20240529;100925;318.44;270;10518614372;B
20240529;100925;318.44;320;10518614373;B
20240529;100926;318.44;70;10518614423;B
20240529;100926;318.44;10;10518614503;B
20240529;100926;318.43;20;10518614537;S
20240529;100926;318.44;20;10518614560;B
20240529;100930;318.44;30;10518615054;B
20240529;100930;318.43;120;10518615124;S
20240529;100930;318.43;550;10518615125;S
20240529;100930;318.43;20;10518615126;S
20240529;100930;318.43;60;10518615127;S
20240529;100930;318.43;500;10518615128;S
20240529;100930;318.43;80;10518615129;S
20240529;100931;318.41;50;10518615172;S
20240529;100933;318.42;30;10518615479;B
20240529;100934;318.42;60;10518615691;B
20240529;100935;318.41;30;10518615749;S
20240529;100936;318.42;80;10518615890;B
20240529;100937;318.41;20;10518616053;S
20240529;100937;318.41;20;10518616054;S
20240529;100937;318.41;80;10518616055;S
20240529;100937;318.41;10;10518616056;S
20240529;100938;318.41;10;10518616112;B
20240529;100941;318.41;10;10518616515;B
20240529;100941;318.41;10;10518616633;B
20240529;100942;318.4;10;10518616642;S
20240529;100942;318.4;10;10518616643;S
20240529;100942;318.4;40;10518616719;S
20240529;100942;318.4;50;10518616720;S
20240529;100944;318.41;90;10518616857;B
20240529;100944;318.4;10;10518616861;S
20240529;100944;318.4;10;10518616952;S
20240529;100944;318.4;40;10518616953;S
20240529;100946;318.39;30;10518617119;B
20240529;100946;318.38;10;10518617209;S
20240529;100946;318.38;10;10518617210;S
20240529;100947;318.34;20;10518617305;S
20240529;100947;318.34;10;10518617306;S
20240529;100947;318.32;20;10518617307;S
20240529;100948;318.33;10;10518617487;B
20240529;100948;318.32;500;10518617488;S
20240529;100949;318.33;10;10518617540;B
20240529;100950;318.33;10;10518617707;B
20240529;100951;318.33;70;10518617719;B
20240529;100951;318.33;70;10518617790;B
20240529;100951;318.33;60;10518617816;B
20240529;100951;318.33;10;10518617870;B
20240529;100952;318.32;10;10518617915;S
20240529;100953;318.32;10;10518618112;S
20240529;100955;318.32;70;10518618301;S
20240529;100955;318.32;50;10518618302;S
20240529;100955;318.32;60;10518618303;S
20240529;100955;318.32;30;10518618304;S
20240529;100955;318.31;100;10518618305;S
20240529;100955;318.31;190;10518618306;S
20240529;100955;318.31;310;10518618321;S
20240529;100955;318.31;390;10518618322;S
20240529;100955;318.3;500;10518618323;S
20240529;100955;318.3;10;10518618324;B
20240529;100956;318.3;100;10518618559;B
20240529;100957;318.3;10;10518618659;B
20240529;100958;318.3;10;10518618846;B
20240529;100959;318.3;130;10518618874;B
20240529;100959;318.3;170;10518618875;B
20240529;100959;318.3;10;10518618972;B
20240529;100959;318.3;10;10518618985;B
20240529;100959;318.29;120;10518618997;S
20240529;101001;318.3;250;10518619494;B
20240529;101005;318.29;80;10518619978;S
20240529;101006;318.3;10;10518620034;B
20240529;101006;318.3;50;10518620086;B
20240529;101006;318.3;1930;10518620087;B
20240529;101006;318.3;1000;10518620088;B
20240529;101006;318.3;2000;10518620089;B
20240529;101006;318.3;500;10518620090;B
20240529;101006;318.35;20;10518620100;B
20240529;101006;318.35;30;10518620149;B
20240529;101008;318.33;20;10518620347;S
20240529;101008;318.35;500;10518620388;B
20240529;101009;318.35;2000;10518620466;B
20240529;101009;318.35;1000;10518620477;B
20240529;101010;318.35;10;10518620522;B
20240529;101010;318.34;100;10518620525;S
20240529;101011;318.35;10;10518620715;B
20240529;101013;318.35;500;10518620832;B
20240529;101013;318.35;10;10518620859;B
20240529;101013;318.35;20;10518620930;B
20240529;101014;318.35;40;10518621047;B
20240529;101014;318.35;10;10518621054;B
20240529;101016;318.35;90;10518621280;B
20240529;101017;318.34;10;10518621338;S
20240529;101017;318.35;10;10518621430;B
20240529;101018;318.34;10;10518621441;S
20240529;101020;318.35;10;10518621785;B
20240529;101021;318.35;10;10518621890;B
20240529;101022;318.35;10;10518622034;B
20240529;101025;318.34;10;10518622339;S
20240529;101026;318.34;20;10518622386;S
20240529;101026;318.34;1020;10518622387;S
20240529;101026;318.34;10;10518622388;S
20240529;101026;318.34;30;10518622389;S
20240529;101026;318.34;40;10518622390;S
20240529;101026;318.33;80;10518622461;S
20240529;101026;318.33;100;10518622470;B
20240529;101027;318.33;400;10518622633;B
20240529;101027;318.33;10;10518622705;B
20240529;101029;318.32;30;10518622884;S
20240529;101029;318.31;20;10518622973;S
20240529;101029;318.31;850;10518622974;S
20240529;101029;318.3;9130;10518622975;S
20240529;101030;318.3;970;10518623104;S
20240529;101031;318.3;10;10518623189;S
20240529;101031;318.31;10;10518623311;B
20240529;101032;318.31;100;10518623420;B
20240529;101033;318.3;20;10518623546;S
20240529;101036;318.3;2000;10518623929;S
20240529;101036;318.3;30;10518623944;S
20240529;101036;318.31;10;10518623947;B
20240529;101039;318.31;360;10518624469;B
20240529;101039;318.31;140;10518624470;B
20240529;101039;318.31;80;10518624490;B
20240529;101039;318.31;20;10518624521;B
20240529;101041;318.31;20;10518624763;B
20240529;101042;318.31;10;10518624781;B
20240529;101042;318.3;2360;10518624786;S
20240529;101042;318.3;40;10518624787;S
20240529;101042;318.3;10;10518624788;S
20240529;101042;318.3;590;10518624789;S
20240529;101046;318.3;10;10518625312;S
20240529;101046;318.31;200;10518625401;B
20240529;101047;318.3;100;10518625436;S
20240529;101048;318.3;150;10518625490;S
20240529;101048;318.3;50;10518625500;S
20240529;101049;318.31;340;10518625598;B
20240529;101049;318.31;660;10518625599;B
20240529;101052;318.31;10;10518625939;B
20240529;101052;318.3;220;10518626020;S
20240529;101052;318.3;50;10518626021;S
20240529;101052;318.3;50;10518626022;S
20240529;101052;318.3;70;10518626023;S
20240529;101052;318.3;10;10518626024;S
20240529;101052;318.29;30;10518626025;S
20240529;101052;318.29;70;10518626026;S
20240529;101055;318.29;10;10518626263;S
20240529;101055;318.3;10;10518626312;B
20240529;101055;318.3;10;10518626342;B
20240529;101056;318.29;10;10518626429;S
20240529;101056;318.29;50;10518626439;S
20240529;101057;318.29;10;10518626535;S
20240529;101057;318.3;30;10518626577;B
20240529;101058;318.29;20;10518626723;S
20240529;101058;318.3;100;10518626745;B
20240529;101059;318.29;100;10518626797;S
20240529;101102;318.3;30;10518627205;B
20240529;101102;318.29;400;10518627261;S
20240529;101103;318.29;330;10518627457;S
20240529;101103;318.29;30;10518627458;S
20240529;101104;318.29;700;10518627610;S
20240529;101104;318.29;10;10518627611;S
20240529;101104;318.29;50;10518627612;S
20240529;101104;318.29;20;10518627613;S
20240529;101104;318.28;70;10518627614;S
20240529;101104;318.28;20;10518627615;S
20240529;101106;318.28;10;10518627800;B
20240529;101106;318.28;50;10518627894;B
20240529;101106;318.27;500;10518627997;S
20240529;101106;318.27;30;10518627998;S
20240529;101106;318.27;40;10518627999;S
20240529;101106;318.27;100;10518628013;B
20240529;101110;318.27;110;10518628566;B
20240529;101114;318.27;10;10518629355;B
20240529;101117;318.27;30;10518629761;B
20240529;101118;318.27;20;10518629890;B
20240529;101119;318.26;400;10518629962;S
20240529;101119;318.26;100;10518629963;S
20240529;101120;318.26;40;10518630282;S
20240529;101121;318.27;30;10518630348;B
20240529;101121;318.26;400;10518630434;S
20240529;101122;318.26;30;10518630464;S
20240529;101122;318.26;420;10518630510;S
20240529;101122;318.26;30;10518630511;S
20240529;101122;318.26;50;10518630512;S
20240529;101122;318.26;60;10518630513;S
20240529;101122;318.26;60;10518630514;S
20240529;101122;318.25;10;10518630515;S
20240529;101122;318.24;20;10518630516;S
20240529;101122;318.24;50;10518630517;S
20240529;101122;318.23;10;10518630518;S
20240529;101122;318.22;6560;10518630519;S
20240529;101122;318.21;10;10518630520;S
20240529;101122;318.21;2080;10518630521;S
20240529;101122;318.2;50;10518630522;S
20240529;101122;318.2;3700;10518630523;S
20240529;101122;318.2;50;10518630524;S
20240529;101122;318.2;4000;10518630525;S
20240529;101122;318.2;110;10518630526;S
20240529;101122;318.2;10;10518630527;S
20240529;101122;318.2;30;10518630528;S
20240529;101123;318.2;10;10518630617;B
20240529;101123;318.19;100;10518630627;S
20240529;101123;318.17;500;10518630632;S
20240529;101123;318.15;110;10518630633;S
20240529;101123;318.15;50;10518630634;S
20240529;101123;318.09;30;10518630635;S
20240529;101123;318.07;10;10518630636;S
20240529;101123;318.04;480;10518630637;S
20240529;101123;318.04;820;10518630638;S
20240529;101123;318.04;10;10518630689;B
20240529;101127;318.03;90;10518631311;S
20240529;101128;318.04;10;10518631320;B
20240529;101129;318.03;10;10518631515;S
20240529;101129;318.03;1710;10518631516;S
20240529;101129;318.02;80;10518631517;S
20240529;101129;318.02;520;10518631518;S
20240529;101129;318.01;170;10518631519;S
20240529;101129;318.01;70;10518631520;S
20240529;101129;318.01;10;10518631521;S
20240529;101129;318;50;10518631522;S
20240529;101129;318;10;10518631523;S
20240529;101129;318;10;10518631524;S
20240529;101129;318;40;10518631525;S
20240529;101129;318;20;10518631526;S
20240529;101129;318;60;10518631527;S
20240529;101129;318;10;10518631528;S
20240529;101129;318;50;10518631529;S
20240529;101129;318;20;10518631530;S
20240529;101129;318;250;10518631531;S
20240529;101129;318;20;10518631532;S
20240529;101129;318;10;10518631533;S
20240529;101129;318;160;10518631534;S
20240529;101129;318;120;10518631535;S
20240529;101129;318;50;10518631536;S
20240529;101129;318;100;10518631537;S
20240529;101129;318;100;10518631538;S
20240529;101129;318;30;10518631539;S
20240529;101129;318;10;10518631540;S
20240529;101129;318;220;10518631541;S
20240529;101129;318;280;10518631542;S
20240529;101129;318;220;10518631543;S
20240529;101129;318;10;10518631544;S
20240529;101129;318;10;10518631545;S
20240529;101129;318;100;10518631546;S
20240529;101129;318;110;10518631547;S
20240529;101129;318;20;10518631548;S
20240529;101129;318;3020;10518631549;S
20240529;101129;318;10;10518631550;S
20240529;101129;318;10;10518631551;S
20240529;101129;318;40;10518631552;S
20240529;101129;318;50;10518631553;S
20240529;101129;318;30;10518631554;S
20240529;101129;318;50;10518631555;S
20240529;101129;317.95;500;10518631556;S
20240529;101129;317.94;30;10518631557;S
20240529;101129;317.93;300;10518631558;S
20240529;101129;317.92;250;10518631573;S
20240529;101129;317.93;100;10518631587;B
20240529;101129;317.93;150;10518631618;B
20240529;101130;317.92;20;10518631628;S
20240529;101130;317.92;130;10518631657;S
20240529;101130;317.93;10;10518631660;B
20240529;101130;317.93;50;10518631679;B
20240529;101130;317.93;10;10518631688;B
20240529;101130;317.92;50;10518631719;S
20240529;101132;317.93;180;10518631963;B
20240529;101132;317.93;820;10518631964;B
20240529;101132;317.92;10;10518631980;S
20240529;101134;317.92;10;10518632207;S
20240529;101138;317.93;10;10518632879;B
20240529;101139;317.93;30;10518632985;B
20240529;101139;317.93;50;10518632986;B
20240529;101139;317.93;50;10518632987;B
20240529;101139;317.93;500;10518632988;B
20240529;101139;317.93;370;10518632989;B
20240529;101140;317.93;300;10518633162;B
20240529;101140;317.93;300;10518633163;B
20240529;101140;317.93;100;10518633164;B
20240529;101140;317.93;200;10518633165;B
20240529;101140;317.93;100;10518633166;B
20240529;101142;317.92;130;10518633379;S
20240529;101142;317.92;10;10518633380;S
20240529;101142;317.92;740;10518633381;S
20240529;101143;317.92;90;10518633533;S
20240529;101143;317.92;20;10518633534;S
20240529;101143;317.92;10;10518633535;S
20240529;101143;317.92;100;10518633536;S
20240529;101143;317.92;220;10518633537;S
20240529;101143;317.92;10;10518633601;B
20240529;101144;317.91;10;10518633640;S
20240529;101145;317.92;20;10518633790;B
20240529;101145;317.92;480;10518633881;B
20240529;101145;317.92;520;10518633882;B
20240529;101146;317.92;70;10518634011;B
20240529;101147;317.92;10;10518634124;B
20240529;101149;317.92;1160;10518634410;B
20240529;101149;317.92;10;10518634450;B
20240529;101149;317.92;20;10518634452;B
20240529;101149;317.92;10;10518634455;B
20240529;101150;317.91;10;10518634516;S
20240529;101150;317.91;10;10518634517;S
20240529;101151;317.91;80;10518634717;S
20240529;101151;317.92;10;10518634726;B
20240529;101152;317.91;40;10518634784;S
20240529;101152;317.91;140;10518634785;S
20240529;101152;317.91;120;10518634786;S
20240529;101152;317.9;20;10518634787;S
20240529;101152;317.9;860;10518634788;S
20240529;101152;317.92;100;10518634871;B
20240529;101152;317.91;100;10518634873;S
20240529;101154;317.91;130;10518635065;S
20240529;101154;317.92;10;10518635078;B
20240529;101154;317.92;10;10518635101;B
20240529;101155;317.92;280;10518635240;B
20240529;101155;317.92;600;10518635241;B
20240529;101155;317.92;220;10518635242;B
20240529;101155;317.91;200;10518635269;S
20240529;101155;317.92;20;10518635311;B
20240529;101156;317.92;10;10518635479;B
20240529;101156;317.92;30;10518635489;B
20240529;101157;317.92;500;10518635596;B
20240529;101157;317.92;340;10518635638;B
20240529;101157;317.92;2000;10518635639;B
20240529;101157;317.92;100;10518635640;B
20240529;101157;317.93;10;10518635641;S
20240529;101157;317.94;500;10518635642;S
20240529;101157;317.93;500;10518635643;S
20240529;101157;317.93;500;10518635644;S
20240529;101157;317.93;500;10518635645;S
20240529;101157;317.93;1000;10518635646;S
20240529;101157;317.93;500;10518635647;S
20240529;101200;317.96;100;10518636140;B
20240529;101200;317.96;500;10518636150;S
20240529;101200;317.96;1250;10518636151;S
20240529;101200;317.96;500;10518636153;S
20240529;101200;317.96;1250;10518636154;S
20240529;101200;317.96;500;10518636155;S
20240529;101200;317.96;500;10518636156;S
20240529;101200;317.96;500;10518636157;S
20240529;101200;317.96;500;10518636158;S
20240529;101200;317.96;500;10518636159;S
20240529;101200;317.96;500;10518636160;S
20240529;101200;317.96;500;10518636161;S
20240529;101200;317.96;850;10518636162;S
20240529;101200;317.99;1000;10518636163;B
20240529;101200;317.99;480;10518636164;B
20240529;101200;317.99;2000;10518636165;S
20240529;101200;317.97;1000;10518636166;B
20240529;101200;317.98;500;10518636167;B
20240529;101200;317.98;2000;10518636168;B
20240529;101200;317.99;1000;10518636169;B
20240529;101200;317.97;320;10518636170;S
20240529;101200;317.97;170;10518636171;S
20240529;101200;317.99;950;10518636268;S
20240529;101200;317.99;150;10518636269;S
20240529;101201;317.97;400;10518636488;S
20240529;101203;317.97;80;10518636704;S
20240529;101203;317.99;500;10518636729;B
20240529;101203;317.99;400;10518636730;B
20240529;101203;317.99;200;10518636731;B
20240529;101203;317.96;490;10518636779;S
20240529;101203;317.96;950;10518636780;S
20240529;101203;317.96;1150;10518636781;S
20240529;101203;317.95;610;10518636782;S
20240529;101205;317.95;100;10518636977;S
20240529;101205;317.95;10;10518636982;S
20240529;101206;317.96;270;10518637003;B
20240529;101208;317.96;10;10518637252;B
20240529;101211;317.96;220;10518637684;B
20240529;101211;317.96;500;10518637685;B
20240529;101211;317.96;380;10518637686;B
20240529;101212;317.96;100;10518637844;B
20240529;101213;317.96;220;10518637908;B
20240529;101213;317.96;780;10518637909;B
20240529;101213;317.96;170;10518637918;B
20240529;101213;317.96;30;10518637919;B
20240529;101213;317.95;10;10518637922;S
20240529;101213;317.96;50;10518637934;B
20240529;101214;317.95;30;10518637984;S
20240529;101216;317.95;150;10518638182;S
20240529;101218;317.96;100;10518638446;B
20240529;101219;317.96;90;10518638514;B
20240529;101220;317.96;480;10518638626;B
20240529;101220;317.96;520;10518638627;B
20240529;101221;317.96;60;10518638831;B
20240529;101223;317.95;40;10518639054;S
20240529;101223;317.95;100;10518639075;S
20240529;101224;317.96;30;10518639254;B
20240529;101225;317.95;10;10518639311;S
20240529;101227;317.96;620;10518639502;B
20240529;101227;317.95;10;10518639580;S
20240529;101230;317.95;300;10518639861;S
20240529;101230;317.95;10;10518639930;S
20240529;101230;317.96;10;10518639985;B
20240529;101231;317.95;40;10518640029;S
20240529;101234;317.96;10;10518640438;B
20240529;101235;317.96;20;10518640577;B
20240529;101235;317.95;30;10518640630;S
20240529;101237;317.95;10;10518640800;S
20240529;101239;317.95;420;10518641140;S
20240529;101239;317.95;500;10518641141;S
20240529;101239;317.95;20;10518641142;S
20240529;101239;317.95;100;10518641143;S
20240529;101239;317.95;100;10518641144;S
20240529;101240;317.94;10;10518641267;S
20240529;101242;317.95;500;10518641616;B
20240529;101242;317.94;10;10518641698;S
20240529;101243;317.95;40;10518641900;B
20240529;101243;317.95;10;10518641901;B
20240529;101243;317.95;30;10518641922;B
20240529;101244;317.94;30;10518641979;S
20240529;101244;317.95;10;10518641991;B
20240529;101245;317.95;10;10518642203;B
20240529;101248;317.95;10;10518642461;B
20240529;101248;317.94;50;10518642519;S
20240529;101248;317.94;800;10518642520;S
20240529;101248;317.94;70;10518642521;S
20240529;101248;317.94;60;10518642522;S
20240529;101248;317.92;500;10518642523;S
20240529;101248;317.92;10;10518642524;S
20240529;101248;317.91;570;10518642525;S
20240529;101248;317.91;10;10518642526;S
20240529;101248;317.91;10;10518642527;S
20240529;101248;317.9;30;10518642528;S
20240529;101248;317.9;450;10518642529;S
20240529;101251;317.87;10;10518642997;B
20240529;101252;317.87;10;10518643076;B
20240529;101253;317.86;70;10518643133;S
20240529;101253;317.86;10;10518643134;S
20240529;101253;317.86;30;10518643135;S
20240529;101253;317.86;150;10518643227;S
20240529;101253;317.85;10;10518643228;S
20240529;101253;317.85;50;10518643229;S
20240529;101254;317.85;100;10518643289;S
20240529;101254;317.85;10;10518643290;S
20240529;101254;317.85;50;10518643294;B
20240529;101255;317.84;10;10518643428;S
20240529;101255;317.84;10;10518643441;S
20240529;101256;317.82;10;10518643564;S
20240529;101256;317.82;70;10518643565;S
20240529;101256;317.82;20;10518643566;S
20240529;101256;317.82;30;10518643567;S
20240529;101257;317.8;10;10518643664;S
20240529;101257;317.8;80;10518643665;S
20240529;101257;317.8;10;10518643681;S
20240529;101258;317.81;20;10518643793;B
20240529;101258;317.81;480;10518643801;B
20240529;101258;317.81;20;10518643802;B
20240529;101259;317.8;110;10518643872;S
20240529;101259;317.8;10;10518643873;S
20240529;101259;317.8;50;10518643874;S
20240529;101259;317.8;20;10518643875;S
20240529;101259;317.8;10;10518643876;S
20240529;101259;317.8;10;10518643885;B
20240529;101259;317.79;500;10518643977;S
20240529;101259;317.79;10;10518643978;S
20240529;101259;317.78;10;10518643998;S
20240529;101259;317.78;10;10518643999;S
20240529;101259;317.78;50;10518644000;S
20240529;101301;317.79;220;10518644115;B
20240529;101301;317.79;10;10518644138;B
20240529;101302;317.79;10;10518644277;B
20240529;101302;317.79;30;10518644342;B
20240529;101302;317.78;20;10518644344;S
20240529;101302;317.78;30;10518644345;S
20240529;101303;317.79;10;10518644556;B
20240529;101303;317.78;10;10518644587;S
20240529;101304;317.79;20;10518644649;B
20240529;101305;317.79;10;10518644696;B
20240529;101305;317.79;10;10518644762;B
20240529;101305;317.79;10;10518644769;B
20240529;101306;317.79;10;10518644858;B
20240529;101306;317.78;150;10518644931;S
20240529;101306;317.78;20;10518644932;S
20240529;101306;317.77;10;10518644933;S
20240529;101306;317.75;20;10518644934;S
20240529;101306;317.74;1300;10518644935;S
20240529;101307;317.75;50;10518645119;B
20240529;101307;317.75;50;10518645121;B
20240529;101307;317.75;600;10518645122;B
20240529;101307;317.75;500;10518645123;B
20240529;101307;317.75;470;10518645124;B
20240529;101307;317.75;950;10518645125;B
20240529;101307;317.75;900;10518645126;B
20240529;101307;317.75;2000;10518645127;B
20240529;101307;317.75;400;10518645128;B
20240529;101307;317.75;1130;10518645129;B
20240529;101308;317.75;10;10518645162;B
20240529;101308;317.75;10;10518645276;B
20240529;101309;317.74;20;10518645322;S
20240529;101309;317.75;10;10518645358;B
20240529;101309;317.75;20;10518645369;B
20240529;101309;317.74;10;10518645375;S
20240529;101309;317.75;10;10518645389;B
20240529;101310;317.75;10;10518645432;B
20240529;101310;317.74;3670;10518645460;S
20240529;101310;317.73;10;10518645502;S
20240529;101310;317.74;10;10518645505;B
20240529;101312;317.73;40;10518645637;S
20240529;101312;317.73;1330;10518645638;S
20240529;101312;317.73;10;10518645691;B
20240529;101312;317.72;10;10518645701;S
20240529;101313;317.72;10;10518645718;S
20240529;101313;317.72;300;10518645821;S
20240529;101314;317.73;10;10518645908;B
20240529;101315;317.73;10;10518645976;B
20240529;101315;317.73;10;10518646024;B
20240529;101316;317.72;10;10518646102;S
20240529;101317;317.73;50;10518646211;B
20240529;101317;317.73;10;10518646257;B
20240529;101318;317.73;30;10518646281;B
20240529;101319;317.73;10;10518646463;B
20240529;101322;317.73;10;10518646827;B
20240529;101324;317.73;10;10518647059;B
20240529;101325;317.72;70;10518647163;S
20240529;101325;317.72;20;10518647164;S
20240529;101325;317.72;50;10518647165;S
20240529;101325;317.72;40;10518647166;S
20240529;101325;317.72;30;10518647167;S
20240529;101325;317.72;500;10518647168;S
20240529;101325;317.72;50;10518647169;S
20240529;101325;317.72;200;10518647170;S
20240529;101325;317.71;10;10518647171;S
20240529;101325;317.71;740;10518647172;S
20240529;101325;317.7;20;10518647174;S
20240529;101325;317.66;200;10518647175;S
20240529;101325;317.66;50;10518647176;S
20240529;101325;317.65;330;10518647177;S
20240529;101325;317.69;40;10518647189;B
20240529;101327;317.67;10;10518647311;S
20240529;101327;317.68;20;10518647323;B
20240529;101328;317.67;30;10518647487;S
20240529;101330;317.67;20;10518647778;S
20240529;101330;317.67;200;10518647789;S
20240529;101330;317.67;10;10518647790;S
20240529;101330;317.66;400;10518647791;S
20240529;101330;317.66;10;10518647797;B
20240529;101330;317.66;10;10518647809;B
20240529;101331;317.66;10;10518647861;B
20240529;101331;317.66;20;10518647867;S
20240529;101333;317.67;10;10518648026;B
20240529;101334;317.66;40;10518648149;S
20240529;101334;317.65;10;10518648150;S
20240529;101334;317.64;460;10518648151;S
20240529;101335;317.65;20;10518648172;B
20240529;101335;317.64;540;10518648213;S
20240529;101335;317.63;10;10518648214;S
20240529;101335;317.63;450;10518648215;S
20240529;101335;317.63;10;10518648266;S
20240529;101336;317.63;630;10518648400;S
20240529;101336;317.64;20;10518648401;B
20240529;101336;317.64;10;10518648405;B
20240529;101337;317.64;10;10518648414;B
20240529;101337;317.64;10;10518648492;B
20240529;101339;317.64;10;10518648674;B
20240529;101340;317.64;10;10518648744;B
20240529;101341;317.63;30;10518648854;S
20240529;101341;317.64;10;10518648909;B
20240529;101342;317.64;10;10518648914;B
20240529;101342;317.64;150;10518648917;B
20240529;101343;317.64;10;10518649107;B
20240529;101343;317.64;10;10518649128;B
20240529;101344;317.64;10;10518649216;B
20240529;101345;317.64;30;10518649391;B
20240529;101346;317.64;10;10518649438;B
20240529;101347;317.64;10;10518649591;B
20240529;101347;317.63;10;10518649630;S
20240529;101348;317.64;10;10518649749;B
20240529;101349;317.64;10;10518649913;B
20240529;101349;317.63;130;10518649938;S
20240529;101350;317.63;40;10518649942;S
20240529;101350;317.63;70;10518649943;S
20240529;101350;317.63;50;10518649944;S
20240529;101350;317.63;50;10518649945;S
20240529;101350;317.63;20;10518649946;S
20240529;101350;317.63;500;10518649947;S
20240529;101350;317.63;10;10518649948;S
20240529;101350;317.62;3430;10518649949;S
20240529;101350;317.62;20;10518649950;S
20240529;101350;317.62;10;10518649951;S
20240529;101350;317.61;50;10518650029;B
20240529;101350;317.61;10;10518650057;B
20240529;101351;317.61;10;10518650135;B
20240529;101352;317.61;10;10518650339;B
20240529;101352;317.61;10;10518650385;B
20240529;101353;317.61;10;10518650445;B
20240529;101353;317.61;10;10518650481;B
20240529;101353;317.6;20;10518650493;S
20240529;101353;317.6;40;10518650494;S
20240529;101354;317.6;10;10518650582;S
20240529;101354;317.6;100;10518650606;S
20240529;101354;317.6;230;10518650607;S
20240529;101355;317.6;230;10518650693;S
20240529;101355;317.59;670;10518650694;S
20240529;101355;317.59;480;10518650695;S
20240529;101355;317.58;480;10518650696;S
20240529;101355;317.57;480;10518650697;S
20240529;101355;317.57;50;10518650698;S
20240529;101355;317.57;40;10518650699;S
20240529;101355;317.56;400;10518650700;S
20240529;101355;317.56;480;10518650701;S
20240529;101355;317.56;1250;10518650702;S
20240529;101355;317.56;1250;10518650703;S
20240529;101355;317.56;1250;10518650704;S
20240529;101355;317.56;1250;10518650705;S
20240529;101355;317.55;10;10518650706;S
20240529;101355;317.55;8000;10518650707;S
20240529;101355;317.55;480;10518650708;S
20240529;101355;317.54;2000;10518650709;S
20240529;101355;317.54;480;10518650710;S
20240529;101355;317.54;500;10518650711;S
20240529;101355;317.53;100;10518650712;S
20240529;101355;317.53;480;10518650713;S
20240529;101355;317.52;2000;10518650714;S
20240529;101355;317.52;480;10518650715;S
20240529;101355;317.52;20;10518650716;S
20240529;101355;317.51;10;10518650717;S
20240529;101355;317.51;150;10518650718;S
20240529;101355;317.51;300;10518650719;S
20240529;101355;317.51;20;10518650720;S
20240529;101355;317.51;100;10518650721;S
20240529;101355;317.51;480;10518650722;S
20240529;101355;317.51;810;10518650723;S
20240529;101355;317.5;10;10518650724;S
20240529;101355;317.5;100;10518650725;S
20240529;101355;317.5;30;10518650726;S
20240529;101355;317.5;500;10518650727;S
20240529;101355;317.5;30;10518650728;S
20240529;101355;317.5;200;10518650729;S
20240529;101355;317.5;10;10518650730;S
20240529;101355;317.5;10;10518650731;S
20240529;101355;317.5;200;10518650732;S
20240529;101355;317.5;40;10518650733;S
20240529;101355;317.5;10;10518650734;S
20240529;101355;317.5;480;10518650735;S
20240529;101355;317.49;30;10518650736;S
20240529;101355;317.49;50;10518650737;S
20240529;101355;317.49;2000;10518650738;S
20240529;101355;317.49;10;10518650739;S
20240529;101355;317.49;500;10518650740;S
20240529;101355;317.49;160;10518650741;S
20240529;101355;317.48;30;10518650742;S
20240529;101355;317.47;30;10518650752;S
20240529;101355;317.47;10;10518650753;S
20240529;101355;317.46;30;10518650754;S
20240529;101355;317.46;320;10518650755;S
20240529;101355;317.45;30;10518650756;S
20240529;101355;317.45;10;10518650757;S
20240529;101355;317.45;100;10518650758;S
20240529;101355;317.44;30;10518650759;S
20240529;101355;317.43;30;10518650760;S
20240529;101355;317.42;30;10518650761;S
20240529;101355;317.42;110;10518650762;S
20240529;101355;317.41;30;10518650763;S
20240529;101355;317.41;480;10518650764;S
20240529;101355;317.4;10;10518650765;S
20240529;101355;317.4;480;10518650766;S
20240529;101355;317.39;480;10518650767;S
20240529;101355;317.38;480;10518650768;S
20240529;101355;317.37;10;10518650769;S
20240529;101355;317.37;10;10518650770;S
20240529;101355;317.37;480;10518650771;S
20240529;101355;317.36;480;10518650772;S
20240529;101355;317.35;480;10518650773;S
20240529;101355;317.35;100;10518650774;S
20240529;101355;317.34;480;10518650775;S
20240529;101355;317.33;480;10518650776;S
20240529;101355;317.33;1250;10518650777;S
20240529;101355;317.33;1250;10518650778;S
20240529;101355;317.33;1250;10518650779;S
20240529;101355;317.33;1250;10518650780;S
20240529;101355;317.32;200;10518650781;S
20240529;101355;317.32;8000;10518650782;S
20240529;101355;317.32;1590;10518650783;S
20240529;101355;317.34;10;10518650794;S
