<DATE>;<TIME>;<LAST>;<VOL>;<ID>;<OPER>
20240523;095934;322.8;10;10444743616;S
20240523;095934;322.8;40;10444743617;S
20240523;095934;322.8;90;10444743618;S
20240523;095934;322.8;10;10444743619;S
20240523;095934;322.8;30;10444743620;S
20240523;095934;322.8;60;10444743621;S
20240523;095934;322.8;2100;10444743622;S
20240523;095934;322.8;10;10444743623;S
20240523;095934;322.8;10;10444743624;S
20240523;095934;322.8;40;10444743625;S
20240523;095934;322.8;30;10444743626;S
20240523;095934;322.8;910;10444743627;S
20240523;095934;322.8;10;10444743628;S
20240523;095934;322.8;20;10444743629;S
20240523;095934;322.8;30;10444743630;B
20240523;095934;322.8;10;10444743631;B
20240523;095934;322.8;10;10444743632;B
20240523;095934;322.8;50;10444743633;B
20240523;095934;322.8;10;10444743634;B
20240523;095934;322.8;10;10444743635;B
20240523;095934;322.8;240;10444743636;B
20240523;095934;322.8;10;10444743637;B
20240523;095934;322.8;10;10444743638;B
20240523;095934;322.8;10;10444743639;S
20240523;095934;322.8;800;10444743640;S
20240523;095934;322.8;20;10444743641;B
20240523;095934;322.8;70;10444743642;B
20240523;095934;322.8;180;10444743643;S
20240523;095934;322.8;20;10444743644;S
20240523;095934;322.8;10;10444743645;S
20240523;095934;322.8;60;10444743646;S
20240523;095934;322.8;20;10444743647;S
20240523;095934;322.8;10;10444743648;S
20240523;095934;322.8;170;10444743649;S
20240523;095934;322.8;500;10444743650;S
20240523;095934;322.8;250;10444743651;B
20240523;095934;322.8;250;10444743652;B
20240523;095934;322.8;250;10444743653;S
20240523;095934;322.8;400;10444743654;S
20240523;095934;322.8;250;10444743655;S
20240523;095934;322.8;250;10444743656;S
20240523;095934;322.8;10;10444743657;B
20240523;095934;322.8;10;10444743658;S
20240523;095934;322.8;10;10444743659;S
20240523;095934;322.8;10;10444743660;S
20240523;095934;322.8;100;10444743661;S
20240523;095934;322.8;10;10444743662;S
20240523;095934;322.8;30;10444743663;B
20240523;095934;322.8;20;10444743664;B
20240523;095934;322.8;1000;10444743665;B
20240523;095934;322.8;250;10444743666;S
20240523;095934;322.8;10;10444743667;B
20240523;095934;322.8;30;10444743668;S
20240523;095934;322.8;10;10444743669;S
20240523;095934;322.8;50;10444743670;B
20240523;095934;322.8;10;10444743671;S
20240523;095934;322.8;20;10444743672;S
20240523;095934;322.8;10;10444743673;S
20240523;095934;322.8;50;10444743674;S
20240523;095934;322.8;10;10444743675;S
20240523;095934;322.8;10;10444743676;S
20240523;095934;322.8;20;10444743677;S
20240523;095934;322.8;10;10444743678;S
20240523;095934;322.8;10;10444743679;S
20240523;095934;322.8;10;10444743680;S
20240523;095934;322.8;10;10444743681;S
20240523;095934;322.8;10;10444743682;S
20240523;095934;322.8;10;10444743683;S
20240523;095934;322.8;20;10444743684;S
20240523;095934;322.8;20;10444743685;S
20240523;095934;322.8;20;10444743686;S
20240523;095934;322.8;10;10444743687;S
20240523;095934;322.8;10;10444743688;S
20240523;095934;322.8;800;10444743689;S
20240523;095934;322.8;80;10444743690;S
20240523;095934;322.8;10;10444743691;S
20240523;095934;322.8;160;10444743692;S
20240523;095934;322.8;10;10444743693;S
20240523;095934;322.8;10;10444743694;S
20240523;095934;322.8;10;10444743695;S
20240523;095934;322.8;10;10444743696;S
20240523;095934;322.8;10;10444743697;S
20240523;095934;322.8;20;10444743698;S
20240523;095934;322.8;220;10444743699;S
20240523;095934;322.8;20;10444743700;S
20240523;095934;322.8;10;10444743701;S
20240523;095934;322.8;10;10444743702;S
20240523;095934;322.8;50;10444743703;S
20240523;095934;322.8;10;10444743704;B
20240523;095934;322.8;20;10444743705;B
20240523;095934;322.8;120;10444743706;B
20240523;095934;322.8;30;10444743707;S
20240523;095934;322.8;10;10444743708;S
20240523;095934;322.8;10;10444743709;S
20240523;095934;322.8;10;10444743710;S
20240523;095934;322.8;90;10444743711;S
20240523;095934;322.8;330;10444743712;S
20240523;095934;322.8;80;10444743713;S
20240523;095934;322.8;20;10444743714;S
20240523;095934;322.8;10;10444743715;S
20240523;095934;322.8;560;10444743716;S
20240523;095934;322.8;10;10444743717;B
20240523;095934;322.8;30;10444743718;B
20240523;095934;322.8;30;10444743719;S
20240523;095934;322.8;50;10444743720;S
20240523;095934;322.8;70;10444743721;S
20240523;095934;322.8;180;10444743722;S
20240523;095934;322.8;40;10444743723;S
20240523;095934;322.8;30;10444743724;S
20240523;095934;322.8;20;10444743725;B
20240523;095934;322.8;3290;10444743726;S
20240523;095934;322.8;500;10444743727;S
20240523;095934;322.8;10;10444743728;S
20240523;095934;322.8;20;10444743729;S
20240523;095934;322.8;3490;10444743730;S
20240523;095934;322.8;30;10444743731;S
20240523;095934;322.8;10;10444743732;S
20240523;095934;322.8;30;10444743733;S
20240523;095934;322.8;160;10444743734;S
20240523;095934;322.8;60;10444743735;S
20240523;095934;322.8;20;10444743736;S
20240523;095934;322.8;40;10444743737;S
20240523;095934;322.8;30;10444743738;S
20240523;095934;322.8;200;10444743739;S
20240523;095934;322.8;50;10444743740;S
20240523;095934;322.8;180;10444743741;S
20240523;095934;322.8;4500;10444743742;S
20240523;095934;322.8;500;10444743743;S
20240523;095934;322.8;2000;10444743744;S
20240523;095934;322.8;2500;10444743745;S
20240523;100000;322.8;10000;10444748933;S
20240523;100000;322.8;1430;10444748959;S
20240523;100000;322.8;230;10444748960;S
20240523;100000;322.8;30;10444748961;S
20240523;100000;322.8;310;10444748962;S
20240523;100000;322.8;200;10444748963;S
20240523;100000;322.8;490;10444748964;S
20240523;100000;322.8;70;10444748965;S
20240523;100000;322.77;500;10444748989;S
20240523;100000;322.75;30;10444749034;S
20240523;100000;322.72;80;10444749035;S
20240523;100000;322.7;890;10444749036;S
20240523;100000;322.7;610;10444749041;S
20240523;100000;322.7;90;10444749042;S
20240523;100000;322.76;390;10444749211;B
20240523;100000;322.76;10;10444749214;B
20240523;100000;322.7;60;10444749421;S
20240523;100000;322.7;30;10444749422;S
20240523;100000;322.63;770;10444749423;S
20240523;100000;322.6;1500;10444749424;S
20240523;100000;322.6;30;10444749425;S
20240523;100000;322.58;500;10444749426;S
20240523;100000;322.56;20;10444749427;S
20240523;100000;322.56;90;10444749428;S
20240523;100000;322.56;10;10444749442;S
20240523;100000;322.56;460;10444749443;S
20240523;100000;322.55;30;10444749444;S
20240523;100000;322.69;10;10444749500;B
20240523;100000;322.58;500;10444749524;S
20240523;100000;322.57;1090;10444749525;S
20240523;100000;322.56;410;10444749526;S
20240523;100000;322.56;990;10444749537;S
20240523;100000;322.55;10;10444749603;S
20240523;100000;322.56;1010;10444749605;B
20240523;100000;322.56;100;10444749606;B
20240523;100000;322.56;500;10444749607;B
20240523;100000;322.57;2000;10444749608;B
20240523;100000;322.57;2000;10444749609;B
20240523;100000;322.57;2000;10444749610;B
20240523;100000;322.57;390;10444749611;B
20240523;100001;322.55;110;10444749654;S
20240523;100001;322.55;110;10444749679;S
20240523;100001;322.56;500;10444749761;S
20240523;100001;322.55;1500;10444749762;S
20240523;100001;322.55;460;10444749770;S
20240523;100001;322.55;250;10444749771;S
20240523;100001;322.55;50;10444749772;S
20240523;100001;322.55;30;10444749773;S
20240523;100001;322.55;500;10444749785;B
20240523;100001;322.53;200;10444749786;S
20240523;100001;322.5;440;10444749787;S
20240523;100001;322.5;930;10444749788;S
20240523;100001;322.5;30;10444749789;S
20240523;100001;322.5;50;10444749790;S
20240523;100001;322.5;420;10444749791;S
20240523;100001;322.5;320;10444749883;S
20240523;100001;322.5;760;10444749885;S
20240523;100001;322.5;50;10444749886;S
20240523;100001;322.5;10;10444749887;S
20240523;100001;322.42;450;10444749928;S
20240523;100001;322.42;460;10444749929;S
20240523;100001;322.42;10;10444749949;B
20240523;100001;322.42;10;10444749955;B
20240523;100001;322.42;10;10444749969;B
20240523;100001;322.41;20;10444750110;S
20240523;100001;322.41;450;10444750111;S
20240523;100001;322.41;460;10444750112;S
20240523;100001;322.4;10;10444750113;S
20240523;100001;322.4;1720;10444750114;S
20240523;100001;322.42;240;10444750239;B
20240523;100001;322.42;460;10444750240;B
20240523;100001;322.42;120;10444750241;B
20240523;100001;322.42;20;10444750251;B
20240523;100001;322.42;10;10444750389;B
20240523;100001;322.42;10;10444750427;B
20240523;100001;322.41;10;10444750448;S
20240523;100001;322.42;300;10444750461;B
20240523;100001;322.41;440;10444750547;S
20240523;100001;322.41;460;10444750548;S
20240523;100001;322.42;10;10444750581;B
20240523;100001;322.41;100;10444750754;S
20240523;100001;322.41;400;10444750755;S
20240523;100001;322.41;450;10444750756;S
20240523;100001;322.41;2000;10444750757;S
20240523;100001;322.4;350;10444750758;S
20240523;100001;322.41;450;10444750928;S
20240523;100001;322.4;1620;10444750929;S
20240523;100001;322.41;450;10444750976;S
20240523;100001;322.4;2310;10444750977;S
20240523;100001;322.4;30;10444750978;S
20240523;100001;322.4;210;10444750979;S
20240523;100002;322.4;240;10444750996;S
20240523;100002;322.4;100;10444750997;S
20240523;100002;322.4;500;10444750998;S
20240523;100002;322.39;200;10444751090;S
20240523;100002;322.39;450;10444751091;S
20240523;100002;322.39;500;10444751092;S
20240523;100002;322.39;460;10444751093;S
20240523;100002;322.38;190;10444751094;S
20240523;100002;322.38;60;10444751179;S
20240523;100002;322.39;80;10444751413;S
20240523;100002;322.39;190;10444751422;S
20240523;100002;322.38;250;10444751427;S
20240523;100002;322.39;10;10444751467;B
20240523;100002;322.39;10;10444751474;B
20240523;100002;322.39;10;10444751621;B
20240523;100003;322.38;1160;10444751867;S
20240523;100003;322.38;1070;10444751869;S
20240523;100003;322.38;270;10444751871;S
20240523;100003;322.38;460;10444751872;S
20240523;100003;322.37;140;10444751873;S
20240523;100003;322.39;10;10444751875;B
20240523;100003;322.36;70;10444751933;S
20240523;100003;322.36;10;10444751955;S
20240523;100003;322.36;370;10444751985;S
20240523;100003;322.35;250;10444751986;S
20240523;100003;322.35;30;10444751987;S
20240523;100003;322.35;450;10444751988;S
20240523;100003;322.34;450;10444751989;S
20240523;100003;322.33;110;10444751990;S
20240523;100003;322.37;10;10444752035;B
20240523;100003;322.37;10;10444752163;B
20240523;100003;322.34;450;10444752229;S
20240523;100003;322.33;390;10444752230;S
20240523;100003;322.33;450;10444752231;S
20240523;100003;322.32;30;10444752232;S
20240523;100003;322.32;450;10444752233;S
20240523;100003;322.31;7360;10444752234;S
20240523;100003;322.35;10;10444752266;B
20240523;100003;322.37;10;10444752285;B
20240523;100003;322.36;10;10444752290;B
20240523;100004;322.35;20;10444753060;B
20240523;100004;322.34;10;10444753670;B
20240523;100004;322.34;10;10444753672;B
20240523;100004;322.34;10;10444753673;B
20240523;100005;322.32;10;10444754027;S
20240523;100005;322.31;10;10444754028;S
20240523;100005;322.34;10;10444754284;B
20240523;100005;322.34;10;10444754285;B
20240523;100005;322.34;10;10444754286;B
20240523;100005;322.34;120;10444754451;B
20240523;100005;322.32;10;10444754571;S
20240523;100005;322.32;40;10444754572;S
20240523;100005;322.32;30;10444754621;S
20240523;100005;322.35;90;10444754820;B
20240523;100005;322.31;10;10444754991;S
20240523;100005;322.31;10;10444754997;S
20240523;100005;322.35;10;10444755261;B
20240523;100005;322.35;40;10444755263;B
20240523;100005;322.35;10;10444755264;B
20240523;100005;322.36;50;10444755265;B
20240523;100006;322.36;10;10444755426;B
20240523;100006;322.32;20;10444755643;S
20240523;100006;322.36;10;10444755645;B
20240523;100006;322.36;10;10444755648;B
20240523;100006;322.36;10;10444755649;B
20240523;100006;322.36;10;10444755650;B
20240523;100006;322.32;30;10444755684;S
20240523;100006;322.32;10;10444755986;S
20240523;100006;322.33;10;10444755988;B
20240523;100006;322.32;10;10444755990;S
20240523;100006;322.33;20;10444755991;B
20240523;100006;322.32;30;10444755993;S
20240523;100006;322.33;20;10444755994;B
20240523;100006;322.32;20;10444756276;S
20240523;100006;322.33;10;10444756278;B
20240523;100006;322.33;10;10444756387;B
20240523;100006;322.33;10;10444756392;B
20240523;100006;322.33;10;10444756393;B
20240523;100007;322.32;10;10444756839;S
20240523;100007;322.33;30;10444756840;B
20240523;100007;322.33;10;10444756842;B
20240523;100007;322.32;1970;10444757012;S
20240523;100007;322.31;4230;10444757013;S
20240523;100007;322.32;300;10444757093;B
20240523;100007;322.31;10;10444757131;S
20240523;100007;322.32;10;10444757227;B
20240523;100007;322.31;10;10444757229;S
20240523;100007;322.32;10;10444757231;B
20240523;100007;322.32;10;10444757359;B
20240523;100007;322.32;20;10444757361;B
20240523;100007;322.32;50;10444757371;B
20240523;100007;322.32;10;10444757374;B
20240523;100007;322.32;10;10444757599;B
20240523;100008;322.31;10;10444757800;S
20240523;100008;322.32;30;10444757801;B
20240523;100008;322.32;10;10444757804;B
20240523;100008;322.32;10;10444757812;B
20240523;100008;322.31;10;10444757842;S
20240523;100008;322.31;100;10444757975;S
20240523;100008;322.32;10;10444757985;B
20240523;100008;322.31;2310;10444758023;S
20240523;100009;322.31;50;10444758334;S
20240523;100009;322.32;20;10444758350;B
20240523;100009;322.32;100;10444758351;B
20240523;100009;322.32;930;10444758352;B
20240523;100009;322.32;500;10444758353;B
20240523;100009;322.32;460;10444758354;B
20240523;100009;322.32;1840;10444758355;B
20240523;100009;322.32;170;10444758484;S
20240523;100010;322.33;170;10444758739;B
20240523;100010;322.33;10;10444758753;B
20240523;100010;322.33;70;10444758782;B
20240523;100010;322.33;10;10444758831;B
20240523;100010;322.33;40;10444758865;B
20240523;100010;322.33;10;10444758929;B
20240523;100010;322.33;60;10444759058;B
20240523;100010;322.32;10;10444759073;S
20240523;100010;322.33;120;10444759125;B
20240523;100010;322.33;760;10444759140;B
20240523;100010;322.33;110;10444759153;B
20240523;100010;322.33;230;10444759156;B
20240523;100010;322.32;10;10444759179;S
20240523;100010;322.33;30;10444759219;B
20240523;100011;322.33;50;10444759329;B
20240523;100011;322.33;80;10444759438;B
20240523;100012;322.32;10;10444759562;S
20240523;100012;322.32;270;10444759632;S
20240523;100012;322.32;680;10444759633;S
20240523;100012;322.32;530;10444759634;S
20240523;100012;322.32;470;10444759637;S
20240523;100012;322.32;480;10444759638;S
20240523;100012;322.32;500;10444759639;S
20240523;100012;322.32;370;10444759640;S
20240523;100012;322.32;870;10444759641;S
20240523;100012;322.32;10;10444759660;S
20240523;100012;322.32;90;10444759667;S
20240523;100012;322.32;10;10444759681;S
20240523;100013;322.32;120;10444760218;S
20240523;100013;322.32;160;10444760229;S
20240523;100013;322.31;110;10444760248;S
20240523;100014;322.31;20;10444760468;S
20240523;100014;322.32;2240;10444760640;B
20240523;100014;322.32;460;10444760641;B
20240523;100014;322.32;500;10444760642;B
20240523;100014;322.33;10;10444760643;B
20240523;100014;322.36;10;10444760644;B
20240523;100014;322.37;20;10444760645;B
20240523;100014;322.39;450;10444760646;B
20240523;100014;322.4;40;10444760647;B
20240523;100014;322.4;450;10444760648;B
20240523;100014;322.4;10;10444760649;B
20240523;100014;322.4;810;10444760650;B
20240523;100015;322.31;40;10444760854;S
20240523;100015;322.31;710;10444760912;S
20240523;100015;322.31;200;10444760913;S
20240523;100015;322.31;50;10444760914;S
20240523;100015;322.3;60;10444760915;S
20240523;100015;322.3;340;10444760924;S
20240523;100015;322.3;100;10444760925;S
20240523;100015;322.3;90;10444760926;S
20240523;100015;322.3;570;10444760927;S
20240523;100015;322.3;1220;10444760928;S
20240523;100015;322.3;30;10444760929;S
20240523;100015;322.3;10;10444760930;S
20240523;100015;322.29;450;10444760931;S
20240523;100015;322.29;500;10444760932;S
20240523;100015;322.28;20;10444760933;S
20240523;100015;322.28;100;10444760934;S
20240523;100015;322.28;1170;10444760935;S
20240523;100015;322.28;810;10444760936;S
20240523;100015;322.33;50;10444761022;S
20240523;100015;322.34;60;10444761154;S
20240523;100015;322.37;50;10444761256;S
20240523;100016;322.37;430;10444761301;S
20240523;100016;322.37;930;10444761302;S
20240523;100016;322.36;2000;10444761303;S
20240523;100016;322.36;10;10444761304;S
20240523;100016;322.35;500;10444761305;S
20240523;100016;322.33;780;10444761306;S
20240523;100016;322.31;100;10444761333;S
20240523;100016;322.3;20;10444761334;S
20240523;100016;322.29;480;10444761335;S
20240523;100016;322.28;820;10444761336;S
20240523;100016;322.28;1430;10444761337;S
20240523;100016;322.36;480;10444761512;S
20240523;100016;322.36;70;10444761513;S
20240523;100016;322.36;850;10444761515;S
20240523;100016;322.35;170;10444761516;S
20240523;100016;322.31;900;10444761517;S
20240523;100016;322.31;1100;10444761519;S
20240523;100016;322.31;500;10444761520;S
20240523;100016;322.31;1210;10444761521;S
20240523;100016;322.31;290;10444761523;S
20240523;100016;322.31;1060;10444761524;S
20240523;100016;322.31;360;10444761525;S
20240523;100016;322.31;10;10444761594;S
20240523;100017;322.38;300;10444761763;B
20240523;100017;322.34;310;10444761865;S
20240523;100017;322.34;480;10444761866;S
20240523;100017;322.33;490;10444761867;S
20240523;100017;322.33;180;10444761868;S
20240523;100017;322.33;20;10444761869;S
20240523;100017;322.34;480;10444761870;S
20240523;100017;322.33;1310;10444761871;S
20240523;100017;322.32;330;10444761872;S
20240523;100017;322.3;20;10444761873;S
20240523;100017;322.3;1360;10444761874;S
20240523;100018;322.35;20;10444762169;B
20240523;100018;322.35;10;10444762170;B
20240523;100018;322.36;10;10444762171;B
20240523;100018;322.37;10;10444762172;B
20240523;100019;322.35;480;10444762251;S
20240523;100019;322.34;20;10444762252;S
20240523;100020;322.34;310;10444762813;S
20240523;100020;322.33;2000;10444762814;S
20240523;100020;322.32;1190;10444762815;S
20240523;100020;322.32;310;10444762822;S
20240523;100020;322.31;2000;10444762823;S
20240523;100020;322.31;690;10444762824;S
20240523;100020;322.34;20;10444762921;B
20240523;100020;322.3;10;10444762949;S
20240523;100020;322.29;10;10444762950;S
20240523;100020;322.29;100;10444762951;S
20240523;100020;322.28;1010;10444762952;S
20240523;100021;322.31;10;10444763197;S
20240523;100021;322.28;360;10444763198;S
20240523;100021;322.33;500;10444763356;B
20240523;100021;322.34;20;10444763357;B
20240523;100021;322.34;50;10444763358;B
20240523;100021;322.35;20;10444763359;B
20240523;100021;322.35;840;10444763360;B
20240523;100021;322.35;930;10444763361;B
20240523;100021;322.35;310;10444763362;B
20240523;100021;322.35;450;10444763363;B
20240523;100021;322.36;10;10444763364;B
20240523;100021;322.36;480;10444763365;B
20240523;100021;322.36;450;10444763366;B
20240523;100021;322.37;20;10444763367;B
20240523;100021;322.37;20;10444763368;B
20240523;100021;322.37;20;10444763369;B
20240523;100021;322.37;450;10444763370;B
20240523;100021;322.38;430;10444763371;B
20240523;100022;322.32;200;10444763931;B
20240523;100023;322.32;20;10444764435;B
20240523;100023;322.28;1900;10444764549;S
20240523;100023;322.28;300;10444764550;S
20240523;100023;322.28;10;10444764551;S
20240523;100023;322.28;100;10444764552;S
20240523;100023;322.28;10;10444764717;B
20240523;100023;322.27;80;10444764732;S
20240523;100024;322.27;20;10444764861;S
20240523;100024;322.27;100;10444765572;B
20240523;100025;322.25;1100;10444766012;S
20240523;100025;322.25;300;10444766013;S
20240523;100025;322.25;450;10444766014;S
20240523;100025;322.24;70;10444766015;S
20240523;100025;322.24;80;10444766016;S
20240523;100025;322.24;450;10444766017;S
20240523;100025;322.23;10;10444766018;S
20240523;100025;322.23;450;10444766019;S
20240523;100025;322.23;30;10444766020;S
20240523;100025;322.22;300;10444766021;S
20240523;100025;322.22;40;10444766022;S
20240523;100025;322.22;450;10444766023;S
20240523;100025;322.21;300;10444766024;S
20240523;100025;322.21;450;10444766025;S
20240523;100025;322.2;10;10444766026;S
20240523;100025;322.2;300;10444766027;S
20240523;100025;322.2;10;10444766028;S
20240523;100025;322.2;10;10444766029;S
20240523;100025;322.2;2000;10444766030;S
20240523;100025;322.2;1190;10444766031;S
20240523;100025;322.21;450;10444766103;S
20240523;100025;322.2;1310;10444766104;S
20240523;100025;322.2;450;10444766105;S
20240523;100025;322.19;300;10444766106;S
20240523;100025;322.19;450;10444766107;S
20240523;100025;322.18;300;10444766108;S
20240523;100025;322.18;1000;10444766109;S
20240523;100025;322.18;450;10444766110;S
20240523;100025;322.17;300;10444766111;S
20240523;100025;322.17;80;10444766112;S
20240523;100025;322.17;450;10444766113;S
20240523;100025;322.16;300;10444766114;S
20240523;100025;322.16;50;10444766115;S
20240523;100025;322.16;50;10444766116;S
20240523;100025;322.16;450;10444766117;S
20240523;100025;322.15;20;10444766118;S
20240523;100025;322.15;300;10444766119;S
20240523;100025;322.15;250;10444766120;S
20240523;100025;322.15;1040;10444766121;S
20240523;100025;322.15;100;10444766168;S
20240523;100025;322.17;10;10444766480;B
20240523;100025;322.17;50;10444766483;B
20240523;100025;322.15;40;10444766494;S
20240523;100025;322.15;2000;10444766576;S
20240523;100025;322.14;300;10444766577;S
20240523;100025;322.14;50;10444766578;S
20240523;100025;322.13;300;10444766579;S
20240523;100025;322.12;6650;10444766580;S
20240523;100025;322.12;870;10444766631;S
20240523;100025;322.14;30;10444766632;B
20240523;100025;322.12;30;10444766633;S
20240523;100026;322.12;80;10444766720;S
20240523;100026;322.12;180;10444766747;S
20240523;100026;322.12;170;10444766768;S
20240523;100026;322.14;10;10444766770;B
20240523;100026;322.12;400;10444766803;S
20240523;100026;322.12;1620;10444766812;S
20240523;100026;322.11;450;10444766813;S
20240523;100026;322.1;6500;10444766814;S
20240523;100026;322.1;450;10444766815;S
20240523;100026;322.09;450;10444766816;S
20240523;100026;322.09;460;10444766817;S
20240523;100026;322.08;1000;10444766818;S
20240523;100026;322.08;370;10444766819;S
20240523;100026;322.07;60;10444767041;S
20240523;100026;322.1;10;10444767113;B
20240523;100027;322.09;10;10444767205;B
20240523;100027;322.12;10;10444767208;B
20240523;100027;322.08;50;10444767239;S
20240523;100027;322.1;10;10444767322;B
20240523;100027;322.1;490;10444767500;B
20240523;100027;322.11;510;10444767501;B
20240523;100028;322.09;110;10444767918;B
20240523;100029;322.08;40;10444768261;S
20240523;100029;322.09;200;10444768374;B
20240523;100029;322.09;500;10444768375;B
20240523;100029;322.09;300;10444768376;B
20240523;100030;322.09;40;10444769012;B
20240523;100030;322.08;10;10444769174;S
20240523;100030;322.08;10;10444769175;S
20240523;100030;322.08;100;10444769176;S
20240523;100030;322.08;10;10444769177;S
20240523;100030;322.07;180;10444769178;S
20240523;100031;322.08;50;10444769721;B
20240523;100033;322.07;30;10444770086;S
20240523;100033;322.08;500;10444770139;B
20240523;100033;322.07;70;10444770147;S
20240523;100033;322.08;500;10444770173;B
20240523;100033;322.08;500;10444770208;B
20240523;100034;322.09;10;10444770357;B
20240523;100035;322.1;20;10444770581;B
20240523;100035;322.1;10;10444770582;B
20240523;100035;322.1;210;10444770583;B
20240523;100035;322.1;350;10444770662;B
20240523;100035;322.1;10;10444770666;B
20240523;100035;322.11;310;10444770667;B
20240523;100035;322.11;500;10444770668;B
20240523;100035;322.12;180;10444770669;B
20240523;100035;322.08;10;10444770681;S
20240523;100036;322.08;20;10444770732;S
20240523;100037;322.07;10;10444770972;S
20240523;100037;322.09;500;10444771005;B
20240523;100037;322.07;650;10444771071;S
20240523;100037;322.07;100;10444771072;S
20240523;100037;322.07;500;10444771073;S
20240523;100037;322.05;350;10444771074;S
20240523;100038;322.07;40;10444771184;B
20240523;100039;322.05;50;10444771362;S
20240523;100039;322.05;10;10444771363;S
20240523;100039;322.04;10;10444771364;S
20240523;100039;322.04;100;10444771365;S
20240523;100039;322.03;480;10444771366;S
20240523;100039;322.03;500;10444771367;S
20240523;100039;322.02;50;10444771368;S
20240523;100039;322.02;320;10444771369;S
20240523;100039;322.01;30;10444771370;S
20240523;100039;322.01;10;10444771371;S
20240523;100039;322.01;100;10444771372;S
20240523;100039;322.01;2440;10444771373;S
20240523;100039;322.07;20;10444771385;B
20240523;100039;322.08;40;10444771386;B
20240523;100039;322.09;90;10444771387;B
20240523;100039;322.08;40;10444771430;S
20240523;100039;322.02;480;10444771431;S
20240523;100039;322.01;2160;10444771432;S
20240523;100039;322.01;820;10444771433;S
20240523;100039;322.01;180;10444771434;S
20240523;100039;322.01;20;10444771435;S
20240523;100039;322;2760;10444771436;S
20240523;100039;322;240;10444771470;S
20240523;100039;322;10;10444771471;S
20240523;100039;322;30;10444771472;S
20240523;100039;322;10;10444771493;S
20240523;100039;322;10;10444771494;S
20240523;100039;322;10;10444771495;S
20240523;100039;322;50;10444771553;S
20240523;100039;322;10;10444771554;S
20240523;100039;322;60;10444771555;S
20240523;100039;322;20;10444771556;S
20240523;100039;322;10;10444771557;S
20240523;100039;322;10;10444771558;S
20240523;100039;322;20;10444771559;S
20240523;100039;322;10;10444771560;S
20240523;100039;322;110;10444771561;S
20240523;100040;322.05;40;10444771574;B
20240523;100040;322.05;330;10444771637;B
20240523;100040;322.02;50;10444771681;S
20240523;100040;322;150;10444771682;S
20240523;100040;322;160;10444771683;S
20240523;100040;322;180;10444771684;S
20240523;100040;322;20;10444771685;S
20240523;100040;322;130;10444771690;S
20240523;100040;322;10;10444771691;S
20240523;100040;322;150;10444771692;S
20240523;100040;322;10;10444771693;S
20240523;100040;322;60;10444771694;S
20240523;100040;322;10;10444771695;S
20240523;100040;322;50;10444771696;S
20240523;100040;322;80;10444771697;S
20240523;100040;322;10;10444771698;S
20240523;100040;322;100;10444771699;S
20240523;100040;322;1420;10444771700;S
20240523;100040;322.03;10;10444771738;S
20240523;100040;322.01;50;10444771739;S
20240523;100040;322;180;10444771740;S
20240523;100040;322;600;10444771833;S
20240523;100041;322.04;20;10444771954;B
20240523;100041;322.04;50;10444771979;B
20240523;100041;322.03;50;10444772086;B
20240523;100041;322.03;50;10444772133;B
20240523;100041;322.04;50;10444772136;B
20240523;100042;322.02;100;10444772356;S
20240523;100042;322;300;10444772357;S
20240523;100042;322;20;10444772358;S
20240523;100042;322;1000;10444772359;S
20240523;100042;322;10;10444772360;S
20240523;100042;322;100;10444772361;S
20240523;100042;322;30;10444772362;S
20240523;100042;322;340;10444772363;S
20240523;100042;322;70;10444772364;S
20240523;100042;322;20;10444772365;S
20240523;100042;322;10;10444772366;S
20240523;100042;322;20;10444772367;S
20240523;100042;322;1000;10444772368;S
20240523;100042;322;480;10444772369;S
20240523;100042;322.04;20;10444772384;B
20240523;100042;322;20;10444772399;S
20240523;100042;322;300;10444772400;S
20240523;100042;322;80;10444772401;S
20240523;100042;322;40;10444772402;S
20240523;100042;322;20;10444772403;S
20240523;100042;322;10;10444772404;S
20240523;100042;322;100;10444772405;S
20240523;100042;322;590;10444772406;S
20240523;100042;322;10;10444772407;S
20240523;100042;322;720;10444772408;S
20240523;100043;322.04;200;10444772480;B
20240523;100044;322;100;10444772833;S
20240523;100044;322;100;10444772868;S
20240523;100044;322;80;10444772933;S
20240523;100044;322;20;10444772934;S
20240523;100044;322;10;10444772961;S
20240523;100044;322;90;10444772962;S
20240523;100045;322;100;10444772986;S
20240523;100045;322;100;10444772998;S
20240523;100045;322;60;10444773010;S
20240523;100045;322;100;10444773064;S
20240523;100045;322.01;100;10444773065;B
20240523;100045;322.01;110;10444773066;B
20240523;100045;322;100;10444773107;S
20240523;100045;322.01;10;10444773140;B
20240523;100045;322.01;10;10444773162;B
20240523;100045;322;40;10444773163;S
20240523;100045;322;10;10444773164;S
20240523;100045;322;10;10444773165;S
20240523;100045;322;40;10444773166;S
20240523;100045;322;60;10444773235;S
20240523;100046;321.99;100;10444773273;S
20240523;100046;322;40;10444773307;B
20240523;100046;322;500;10444773308;B
20240523;100046;322;450;10444773309;B
20240523;100046;322;10;10444773310;B
20240523;100046;321.99;50;10444773445;S
20240523;100046;321.98;1250;10444773446;S
20240523;100046;321.98;50;10444773482;S
20240523;100046;321.98;50;10444773536;S
20240523;100046;321.98;50;10444773537;S
20240523;100046;321.98;50;10444773547;S
20240523;100047;321.98;50;10444773554;S
20240523;100047;321.98;50;10444773562;S
20240523;100047;321.98;50;10444773565;S
20240523;100047;321.98;50;10444773567;S
20240523;100047;321.98;50;10444773569;S
20240523;100047;321.98;100;10444773597;S
20240523;100047;321.98;100;10444773617;S
20240523;100047;321.98;100;10444773621;S
20240523;100047;321.98;100;10444773628;S
20240523;100047;321.98;100;10444773641;S
20240523;100047;321.99;350;10444773652;B
20240523;100047;321.98;100;10444773669;S
20240523;100047;321.98;60;10444773672;S
20240523;100048;321.98;100;10444773754;S
20240523;100048;321.99;10;10444773792;B
20240523;100048;321.98;100;10444773797;S
20240523;100048;321.98;100;10444773832;S
20240523;100048;321.99;40;10444773836;B
20240523;100048;321.99;100;10444773853;B
20240523;100048;321.98;100;10444773854;S
20240523;100048;321.98;100;10444773861;S
20240523;100049;321.98;100;10444773903;S
20240523;100049;321.99;930;10444773924;B
20240523;100049;321.99;10;10444773925;B
20240523;100049;321.99;60;10444773926;B
20240523;100049;321.98;100;10444773937;S
20240523;100049;321.98;100;10444773947;S
20240523;100049;321.98;40;10444773969;S
20240523;100049;321.96;30;10444773970;S
20240523;100049;321.96;30;10444773971;S
20240523;100049;321.95;100;10444773975;S
20240523;100049;321.95;100;10444773976;S
20240523;100049;321.96;50;10444773990;B
20240523;100049;321.95;100;10444773992;S
20240523;100049;321.95;100;10444774047;S
20240523;100049;321.95;100;10444774064;S
20240523;100049;321.95;310;10444774066;B
20240523;100049;321.95;190;10444774067;B
20240523;100049;321.95;100;10444774083;B
20240523;100049;321.95;50;10444774119;B
20240523;100049;321.94;10;10444774126;S
20240523;100049;321.93;10;10444774127;S
20240523;100049;321.92;20;10444774128;S
20240523;100049;321.91;70;10444774129;S
20240523;100049;321.93;200;10444774140;B
20240523;100050;321.91;80;10444774187;S
20240523;100050;321.91;10;10444774188;S
20240523;100050;321.91;20;10444774189;S
20240523;100050;321.91;10;10444774218;S
20240523;100050;321.91;90;10444774219;S
20240523;100050;321.93;10;10444774223;B
20240523;100050;321.91;10;10444774277;S
20240523;100050;321.91;90;10444774278;S
20240523;100050;321.91;100;10444774345;S
20240523;100050;321.9;10;10444774358;S
20240523;100050;321.9;60;10444774359;S
20240523;100050;321.9;230;10444774360;S
20240523;100050;321.9;100;10444774361;S
20240523;100050;321.9;200;10444774363;S
20240523;100050;321.9;200;10444774364;S
20240523;100050;321.9;200;10444774365;S
20240523;100050;321.9;100;10444774366;S
20240523;100050;321.9;200;10444774367;S
20240523;100050;321.9;1000;10444774368;S
20240523;100050;321.9;100;10444774369;S
20240523;100050;321.9;100;10444774370;S
20240523;100050;321.91;10;10444774377;S
20240523;100050;321.9;1470;10444774378;S
20240523;100050;321.93;10;10444774412;B
20240523;100050;321.9;2840;10444774431;S
20240523;100050;321.9;10;10444774450;S
20240523;100050;321.92;10;10444774468;B
20240523;100050;321.92;10;10444774469;B
20240523;100050;321.9;19670;10444774484;S
20240523;100050;321.9;70;10444774485;S
20240523;100050;321.9;100;10444774486;S
20240523;100050;321.9;100;10444774487;S
20240523;100051;321.89;30;10444774542;B
20240523;100051;321.88;10;10444774607;S
20240523;100051;321.89;500;10444774657;B
20240523;100051;321.88;300;10444774661;S
20240523;100051;321.89;100;10444774667;B
20240523;100051;321.89;50;10444774702;B
20240523;100051;321.88;690;10444774729;S
20240523;100051;321.86;260;10444774734;S
20240523;100051;321.85;60;10444774738;S
20240523;100051;321.84;1310;10444774739;S
20240523;100051;321.84;240;10444774740;S
20240523;100051;321.84;10;10444774741;S
20240523;100051;321.83;30;10444774742;S
20240523;100051;321.82;10;10444774744;S
20240523;100051;321.8;20;10444774747;S
20240523;100051;321.8;50;10444774748;S
20240523;100051;321.8;30;10444774749;S
20240523;100051;321.78;10;10444774752;S
20240523;100051;321.78;480;10444774753;S
20240523;100051;321.78;100;10444774756;S
20240523;100051;321.78;100;10444774757;S
20240523;100051;321.78;320;10444774760;S
20240523;100051;321.77;10;10444774761;S
20240523;100051;321.77;10;10444774762;S
20240523;100051;321.77;10;10444774763;S
20240523;100051;321.75;20;10444774764;S
20240523;100051;321.75;350;10444774765;S
20240523;100051;321.75;150;10444774766;S
20240523;100051;321.74;10;10444774767;S
20240523;100051;321.73;500;10444774768;S
20240523;100051;321.73;10;10444774769;S
20240523;100051;321.7;10;10444774771;S
20240523;100052;321.68;10;10444774776;S
20240523;100052;321.68;790;10444774777;S
20240523;100052;321.68;100;10444774780;S
20240523;100052;321.68;100;10444774783;S
20240523;100052;321.68;10;10444774784;S
20240523;100052;321.66;50;10444774786;S
20240523;100052;321.65;20;10444774793;S
20240523;100052;321.64;10;10444774794;S
20240523;100052;321.59;10;10444774796;S
20240523;100052;321.58;300;10444774806;S
20240523;100052;321.57;20;10444774807;S
20240523;100052;321.55;380;10444774808;S
20240523;100052;321.55;120;10444774810;S
20240523;100052;321.55;50;10444774811;S
20240523;100052;321.54;100;10444774812;S
20240523;100052;321.53;420;10444774814;S
20240523;100052;321.53;80;10444774815;S
20240523;100052;321.52;10;10444774816;S
20240523;100052;321.52;110;10444774817;S
20240523;100052;321.52;370;10444774818;S
20240523;100052;321.51;10;10444774820;S
20240523;100052;321.51;30;10444774821;S
20240523;100052;321.51;1650;10444774822;S
20240523;100052;321.51;2000;10444774823;S
20240523;100052;321.51;100;10444774825;S
20240523;100052;321.51;90;10444774826;S
20240523;100052;321.51;100;10444774827;S
20240523;100052;321.51;60;10444774828;S
20240523;100052;321.51;1930;10444774829;S
20240523;100052;321.51;200;10444774831;S
20240523;100052;321.52;10;10444774835;B
20240523;100052;321.51;40;10444774878;S
20240523;100052;321.51;30;10444774886;S
20240523;100052;321.51;300;10444774887;S
20240523;100052;321.51;10;10444774888;S
20240523;100052;321.51;790;10444774889;S
20240523;100052;321.52;10;10444774903;B
20240523;100052;321.52;20;10444774922;B
20240523;100052;321.51;80;10444774924;S
20240523;100052;321.52;10;10444774930;B
20240523;100052;321.52;100;10444774944;B
20240523;100052;321.52;100;10444774949;B
20240523;100052;321.52;100;10444774950;B
20240523;100052;321.51;930;10444774964;S
20240523;100052;321.51;1070;10444774965;S
20240523;100052;321.51;1330;10444774997;S
20240523;100052;321.5;10;10444774998;S
20240523;100052;321.5;110;10444774999;S
20240523;100052;321.5;7820;10444775000;S
20240523;100052;321.5;30;10444775001;S
20240523;100052;321.5;500;10444775002;S
20240523;100052;321.5;500;10444775003;S
20240523;100052;321.5;10;10444775004;S
20240523;100052;321.5;10;10444775005;S
20240523;100052;321.5;20;10444775006;S
20240523;100052;321.5;1400;10444775007;S
20240523;100052;321.5;870;10444775008;S
20240523;100052;321.5;30;10444775009;S
20240523;100052;321.5;80;10444775010;S
20240523;100052;321.5;780;10444775011;S
20240523;100052;321.5;20;10444775012;S
20240523;100052;321.5;140;10444775013;S
20240523;100052;321.5;80;10444775014;S
20240523;100052;321.5;220;10444775015;S
20240523;100052;321.5;40;10444775016;S
20240523;100052;321.5;20;10444775017;S
20240523;100052;321.5;700;10444775018;S
20240523;100052;321.5;970;10444775019;S
20240523;100052;321.5;30;10444775029;S
20240523;100052;321.5;10;10444775030;S
20240523;100052;321.5;70;10444775031;S
20240523;100052;321.5;480;10444775032;S
20240523;100052;321.49;100;10444775033;S
20240523;100052;321.45;10;10444775034;S
20240523;100052;321.45;90;10444775035;S
20240523;100052;321.45;100;10444775036;S
20240523;100052;321.45;10;10444775037;S
20240523;100052;321.45;480;10444775038;S
20240523;100052;321.44;100;10444775039;S
20240523;100052;321.44;450;10444775040;S
20240523;100052;321.43;70;10444775041;S
20240523;100052;321.43;450;10444775042;S
20240523;100052;321.42;50;10444775043;S
20240523;100052;321.41;450;10444775044;S
20240523;100052;321.4;10;10444775045;S
20240523;100052;321.4;100;10444775046;S
20240523;100052;321.4;450;10444775047;S
20240523;100052;321.4;460;10444775048;S
20240523;100052;321.39;450;10444775049;S
20240523;100052;321.38;450;10444775050;S
20240523;100052;321.37;450;10444775051;S
20240523;100052;321.36;30;10444775052;S
20240523;100052;321.36;150;10444775053;S
20240523;100052;321.43;330;10444775054;S
20240523;100052;321.36;170;10444775055;S
20240523;100052;321.39;100;10444775056;S
20240523;100052;321.36;130;10444775060;S
20240523;100052;321.35;750;10444775061;S
20240523;100052;321.35;120;10444775062;S
20240523;100052;321.34;450;10444775068;S
20240523;100052;321.33;20;10444775089;S
20240523;100052;321.34;50;10444775101;B
20240523;100052;321.34;20;10444775102;B
20240523;100052;321.33;10;10444775110;S
20240523;100052;321.33;300;10444775112;S
20240523;100052;321.33;1260;10444775113;S
20240523;100052;321.33;270;10444775114;S
20240523;100052;321.33;300;10444775115;S
20240523;100052;321.33;500;10444775116;S
20240523;100052;321.33;50;10444775117;S
20240523;100052;321.33;1730;10444775118;S
20240523;100052;321.33;450;10444775119;S
20240523;100052;321.33;460;10444775120;S
20240523;100052;321.32;200;10444775121;S
20240523;100052;321.32;450;10444775122;S
20240523;100052;321.31;450;10444775123;S
20240523;100052;321.3;500;10444775124;S
20240523;100052;321.3;450;10444775125;S
20240523;100052;321.29;310;10444775126;S
20240523;100052;321.29;140;10444775128;S
20240523;100052;321.29;840;10444775129;S
20240523;100052;321.29;20;10444775130;S
20240523;100052;321.29;440;10444775131;S
20240523;100052;321.29;290;10444775132;S
20240523;100052;321.29;160;10444775134;S
20240523;100052;321.28;10;10444775135;S
20240523;100052;321.28;450;10444775136;S
20240523;100052;321.27;100;10444775141;S
20240523;100052;321.28;100;10444775142;B
20240523;100052;321.27;350;10444775143;S
20240523;100052;321.27;20;10444775144;S
20240523;100052;321.27;120;10444775145;S
20240523;100052;321.27;340;10444775146;S
20240523;100052;321.27;290;10444775147;S
20240523;100052;321.27;160;10444775151;S
20240523;100052;321.27;840;10444775152;S
20240523;100052;321.27;450;10444775156;S
20240523;100052;321.26;100;10444775157;S
20240523;100052;321.26;30;10444775158;S
20240523;100052;321.26;450;10444775159;S
20240523;100052;321.26;310;10444775160;S
20240523;100052;321.27;120;10444775161;S
20240523;100052;321.27;330;10444775162;S
20240523;100052;321.26;260;10444775163;S
20240523;100052;321.26;450;10444775166;S
20240523;100052;321.26;930;10444775167;S
20240523;100052;321.25;2420;10444775168;S
20240523;100052;321.26;400;10444775169;S
20240523;100052;321.26;50;10444775170;S
20240523;100052;321.25;100;10444775171;S
20240523;100052;321.25;1000;10444775177;S
20240523;100052;321.26;190;10444775178;B
20240523;100052;321.26;20;10444775179;B
20240523;100052;321.26;20;10444775180;B
20240523;100053;321.25;480;10444775184;S
20240523;100053;321.25;280;10444775185;S
20240523;100053;321.26;10;10444775189;B
20240523;100053;321.26;200;10444775190;B
20240523;100053;321.26;300;10444775194;B
20240523;100053;321.26;50;10444775224;B
20240523;100053;321.26;10;10444775253;B
20240523;100053;321.25;20;10444775255;S
20240523;100053;321.25;2600;10444775256;S
20240523;100053;321.26;300;10444775257;B
20240523;100053;321.26;100;10444775259;B
20240523;100053;321.25;90;10444775281;S
20240523;100053;321.26;650;10444775288;B
20240523;100053;321.27;200;10444775289;B
20240523;100053;321.27;450;10444775290;B
20240523;100053;321.28;450;10444775291;B
20240523;100053;321.28;500;10444775292;B
20240523;100053;321.29;250;10444775293;B
20240523;100053;321.25;90;10444775294;S
20240523;100053;321.29;10;10444775295;B
20240523;100053;321.26;930;10444775296;S
20240523;100053;321.26;500;10444775297;S
20240523;100053;321.25;1570;10444775298;S
20240523;100053;321.25;780;10444775303;S
20240523;100053;321.3;10;10444775305;B
20240523;100053;321.3;60;10444775309;B
20240523;100053;321.25;20;10444775310;S
20240523;100053;321.25;80;10444775311;S
20240523;100053;321.25;80;10444775312;S
20240523;100053;321.3;100;10444775322;B
20240523;100053;321.3;20;10444775327;B
20240523;100053;321.25;11000;10444775328;S
20240523;100053;321.25;300;10444775330;S
20240523;100053;321.25;1000;10444775331;S
20240523;100053;321.25;500;10444775335;S
20240523;100053;321.25;50;10444775357;S
20240523;100053;321.25;500;10444775360;S
20240523;100053;321.29;100;10444775367;B
20240523;100053;321.29;100;10444775371;B
20240523;100053;321.29;300;10444775422;B
20240523;100053;321.29;450;10444775423;B
20240523;100053;321.3;110;10444775424;B
20240523;100053;321.3;140;10444775425;B
20240523;100053;321.26;10;10444775432;S
20240523;100053;321.29;100;10444775448;B
20240523;100053;321.26;40;10444775450;S
20240523;100053;321.25;260;10444775451;S
20240523;100053;321.25;30;10444775455;S
20240523;100053;321.29;100;10444775481;B
20240523;100053;321.29;100;10444775482;B
20240523;100053;321.25;1000;10444775484;S
20240523;100053;321.29;10;10444775498;B
20240523;100053;321.29;10;10444775499;B
20240523;100053;321.25;160;10444775521;S
20240523;100053;321.29;10;10444775522;B
20240523;100053;321.29;10;10444775523;B
20240523;100053;321.29;10;10444775524;B
20240523;100053;321.25;50;10444775526;S
20240523;100053;321.25;30;10444775527;S
20240523;100053;321.25;200;10444775528;S
20240523;100053;321.29;100;10444775530;B
20240523;100053;321.25;30;10444775531;S
20240523;100053;321.25;280;10444775555;S
20240523;100053;321.25;500;10444775556;S
20240523;100053;321.24;10;10444775557;S
20240523;100053;321.23;940;10444775558;S
20240523;100053;321.29;10;10444775559;B
20240523;100053;321.29;20;10444775563;B
20240523;100053;321.23;20;10444775566;S
20240523;100053;321.23;30;10444775570;S
20240523;100054;321.23;300;10444775598;S
20240523;100054;321.29;20;10444775609;B
20240523;100054;321.29;80;10444775610;B
20240523;100054;321.29;10;10444775613;B
20240523;100054;321.29;100;10444775632;B
20240523;100054;321.27;30;10444775643;S
20240523;100054;321.29;60;10444775644;B
20240523;100054;321.29;200;10444775705;B
20240523;100054;321.3;1060;10444775706;B
20240523;100054;321.3;450;10444775707;B
20240523;100054;321.31;290;10444775708;B
20240523;100054;321.36;200;10444775716;B
20240523;100054;321.3;10;10444775785;S
20240523;100054;321.3;70;10444775787;S
20240523;100054;321.3;60;10444775798;S
20240523;100054;321.3;790;10444775820;S
20240523;100054;321.3;100;10444775821;S
20240523;100054;321.29;500;10444775822;S
20240523;100054;321.28;840;10444775823;S
20240523;100054;321.28;310;10444775824;S
20240523;100054;321.28;20;10444775825;S
20240523;100054;321.27;30;10444775826;S
20240523;100054;321.36;250;10444775838;B
20240523;100054;321.36;500;10444775839;B
20240523;100054;321.36;250;10444775840;B
20240523;100054;321.3;60;10444775866;S
20240523;100054;321.3;10;10444775867;S
20240523;100054;321.29;370;10444775868;S
20240523;100054;321.29;500;10444775869;S
20240523;100054;321.28;560;10444775870;S
20240523;100054;321.36;210;10444775878;B
20240523;100054;321.36;500;10444775879;B
20240523;100054;321.36;290;10444775880;B
20240523;100055;321.34;350;10444775923;S
20240523;100055;321.37;140;10444775933;B
20240523;100055;321.39;30;10444775934;B
20240523;100055;321.39;450;10444775935;B
20240523;100055;321.4;100;10444775936;B
20240523;100055;321.4;150;10444775937;B
20240523;100055;321.4;130;10444775938;B
20240523;100055;321.44;450;10444775952;B
20240523;100055;321.44;500;10444775953;B
20240523;100055;321.44;50;10444775954;B
20240523;100055;321.44;1000;10444776009;B
20240523;100055;321.44;10;10444776097;B
20240523;100055;321.44;940;10444776127;B
20240523;100055;321.45;130;10444776128;B
20240523;100055;321.46;450;10444776129;B
20240523;100055;321.47;450;10444776130;B
20240523;100055;321.48;450;10444776131;B
20240523;100055;321.48;80;10444776132;B
20240523;100056;321.48;250;10444776191;B
20240523;100056;321.48;100;10444776202;B
20240523;100056;321.46;50;10444776295;S
20240523;100056;321.47;10;10444776305;B
20240523;100056;321.45;10;10444776327;S
20240523;100056;321.45;10;10444776330;S
20240523;100056;321.45;10;10444776331;S
20240523;100056;321.44;10;10444776332;S
20240523;100056;321.44;10;10444776333;S
20240523;100056;321.44;10;10444776334;S
20240523;100057;321.47;330;10444776398;B
20240523;100057;321.45;30;10444776470;S
20240523;100057;321.44;470;10444776471;S
20240523;100057;321.43;310;10444776472;S
20240523;100057;321.42;840;10444776473;S
20240523;100057;321.42;930;10444776474;S
20240523;100057;321.42;90;10444776475;S
20240523;100057;321.47;50;10444776478;B
20240523;100057;321.42;140;10444776481;S
20240523;100057;321.47;110;10444776524;B
20240523;100057;321.47;500;10444776525;B
20240523;100057;321.48;70;10444776526;B
20240523;100057;321.48;450;10444776527;B
20240523;100057;321.49;450;10444776528;B
20240523;100057;321.5;420;10444776529;B
20240523;100057;321.42;40;10444776532;S
20240523;100058;321.49;100;10444776707;B
20240523;100058;321.49;400;10444776818;B
20240523;100058;321.5;600;10444776819;B
20240523;100059;321.44;10;10444776849;S
20240523;100059;321.43;40;10444776850;S
20240523;100059;321.49;40;10444776851;B
20240523;100059;321.49;10;10444776889;B
20240523;100059;321.49;10;10444776907;B
20240523;100059;321.48;60;10444776952;B
20240523;100100;321.48;10;10444777040;S
20240523;100100;321.48;10;10444777041;S
20240523;100100;321.48;20;10444777067;B
20240523;100100;321.48;10;10444777280;B
20240523;100100;321.48;50;10444777288;B
20240523;100101;321.47;1000;10444777308;S
20240523;100101;321.47;60;10444777390;B
20240523;100101;321.47;300;10444777436;B
20240523;100101;321.47;80;10444777548;B
20240523;100101;321.47;660;10444777549;B
20240523;100102;321.46;40;10444777696;S
20240523;100102;321.4;400;10444777706;S
20240523;100102;321.4;20;10444777712;B
20240523;100102;321.4;1580;10444777717;B
20240523;100102;321.42;460;10444777718;B
20240523;100102;321.43;500;10444777719;B
20240523;100102;321.45;450;10444777720;B
20240523;100102;321.46;1200;10444777721;B
20240523;100102;321.46;450;10444777722;B
20240523;100102;321.47;450;10444777723;B
20240523;100102;321.48;450;10444777724;B
20240523;100102;321.48;50;10444777725;B
20240523;100102;321.49;450;10444777726;B
20240523;100102;321.5;3960;10444777727;B
20240523;100104;321.49;450;10444778414;B
20240523;100104;321.49;460;10444778415;B
20240523;100104;321.49;10;10444778416;B
20240523;100104;321.49;80;10444778417;B
20240523;100104;321.47;50;10444778472;B
20240523;100104;321.49;300;10444778473;B
20240523;100105;321.49;180;10444778646;B
20240523;100105;321.49;2000;10444778647;B
20240523;100105;321.49;450;10444778648;B
20240523;100105;321.5;370;10444778649;B
20240523;100105;321.5;39740;10444778659;B
20240523;100105;321.5;450;10444778660;B
20240523;100105;321.5;10;10444778661;B
20240523;100105;321.5;90;10444778662;B
20240523;100105;321.5;460;10444778663;B
20240523;100105;321.51;70;10444778664;B
20240523;100105;321.51;450;10444778665;B
20240523;100105;321.52;450;10444778666;B
20240523;100105;321.53;450;10444778667;B
20240523;100105;321.54;450;10444778668;B
20240523;100105;321.54;2000;10444778669;B
20240523;100105;321.55;450;10444778670;B
20240523;100105;321.55;2000;10444778671;B
20240523;100105;321.56;2000;10444778672;B
20240523;100105;321.56;450;10444778673;B
20240523;100105;321.57;30;10444778674;B
20240523;100105;321.57;450;10444778675;B
20240523;100106;321.55;50;10444779161;B
20240523;100106;321.54;40;10444779449;S
20240523;100107;321.55;40;10444779712;B
20240523;100109;321.7;430;10444780816;B
20240523;100109;321.7;30;10444780988;B
20240523;100109;321.71;30;10444780989;B
20240523;100109;321.72;100;10444780990;B
20240523;100109;321.73;40;10444780991;B
20240523;100109;321.73;450;10444780992;B
20240523;100109;321.74;450;10444780993;B
20240523;100109;321.75;450;10444780994;B
20240523;100109;321.76;700;10444780995;B
20240523;100109;321.76;450;10444780996;B
20240523;100109;321.77;450;10444780997;B
20240523;100109;321.78;450;10444780998;B
20240523;100109;321.79;450;10444780999;B
20240523;100109;321.8;450;10444781000;B
20240523;100109;321.81;450;10444781001;B
20240523;100109;321.81;50;10444781002;B
20240523;100109;321.76;500;10444781012;S
20240523;100109;321.75;20;10444781027;S
20240523;100109;321.79;460;10444781032;B
20240523;100109;321.8;540;10444781033;B
20240523;100109;321.79;460;10444781126;B
20240523;100109;321.8;470;10444781127;B
20240523;100110;321.8;30;10444781197;B
20240523;100110;321.8;500;10444781214;B
20240523;100110;321.81;30;10444781255;B
20240523;100110;321.85;300;10444781420;B
20240523;100110;321.84;1100;10444781459;S
20240523;100110;321.85;160;10444781484;B
20240523;100111;321.85;300;10444781682;B
20240523;100111;321.86;10;10444781739;B
20240523;100112;321.86;520;10444782065;B
20240523;100112;321.86;50;10444782203;B
20240523;100113;321.85;10;10444782717;S
20240523;100113;321.85;10;10444782718;S
20240523;100113;321.85;30;10444782719;S
20240523;100113;321.85;130;10444782740;S
20240523;100113;321.85;80;10444782741;S
20240523;100113;321.85;140;10444782742;S
20240523;100113;321.85;50;10444782743;S
20240523;100113;321.85;140;10444782751;S
20240523;100113;321.85;250;10444782752;S
20240523;100114;321.85;80;10444782753;S
20240523;100114;321.85;50;10444782754;S
20240523;100114;321.86;10;10444782811;B
20240523;100114;321.85;320;10444782833;S
20240523;100114;321.86;410;10444782846;B
20240523;100114;321.86;90;10444782847;B
20240523;100116;321.86;370;10444783431;B
20240523;100116;321.86;500;10444783432;B
20240523;100116;321.86;500;10444783433;B
20240523;100116;321.88;20;10444783434;B
20240523;100116;321.88;450;10444783435;B
20240523;100116;321.89;160;10444783436;B
20240523;100116;321.85;20;10444783454;S
20240523;100116;321.88;20;10444783554;B
20240523;100117;321.88;250;10444783752;B
20240523;100117;321.88;20;10444783766;B
20240523;100117;321.88;170;10444783879;B
20240523;100117;321.88;110;10444783880;B
20240523;100118;321.87;750;10444784029;S
20240523;100118;321.87;250;10444784030;S
20240523;100118;321.87;190;10444784037;S
20240523;100118;321.88;300;10444784125;B
20240523;100121;321.87;60;10444784533;S
20240523;100121;321.87;30;10444784534;S
20240523;100121;321.88;500;10444784710;B
20240523;100122;321.88;120;10444784824;B
20240523;100122;321.88;460;10444784825;B
20240523;100122;321.88;20;10444784826;B
20240523;100123;321.88;450;10444784899;B
20240523;100123;321.88;20;10444784900;B
20240523;100123;321.88;530;10444784901;B
20240523;100123;321.88;30;10444784933;B
20240523;100123;321.88;100;10444784999;B
20240523;100124;321.89;10;10444785180;B
20240523;100124;321.87;50;10444785195;S
20240523;100124;321.87;100;10444785226;S
20240523;100124;321.87;90;10444785227;S
20240523;100124;321.87;20;10444785228;S
20240523;100124;321.87;50;10444785229;S
20240523;100124;321.87;20;10444785230;S
20240523;100124;321.87;160;10444785231;S
20240523;100124;321.87;50;10444785232;S
20240523;100124;321.87;130;10444785233;S
20240523;100124;321.87;60;10444785234;S
20240523;100124;321.87;30;10444785235;S
20240523;100124;321.87;80;10444785237;S
20240523;100124;321.87;120;10444785238;S
20240523;100124;321.87;10;10444785239;S
20240523;100124;321.86;50;10444785240;S
20240523;100124;321.86;40;10444785241;S
20240523;100124;321.86;50;10444785243;S
20240523;100124;321.86;50;10444785244;S
20240523;100124;321.86;50;10444785245;S
20240523;100124;321.86;50;10444785246;S
20240523;100124;321.86;60;10444785247;S
20240523;100124;321.86;40;10444785249;S
20240523;100124;321.86;30;10444785250;S
20240523;100124;321.86;60;10444785251;S
20240523;100124;321.86;90;10444785252;S
20240523;100124;321.86;30;10444785253;S
20240523;100124;321.86;60;10444785254;S
20240523;100124;321.86;90;10444785255;S
20240523;100124;321.85;10;10444785256;S
20240523;100124;321.85;330;10444785257;S
20240523;100124;321.84;10;10444785258;S
20240523;100124;321.81;90;10444785259;S
20240523;100124;321.81;20;10444785261;S
20240523;100124;321.81;100;10444785262;S
20240523;100124;321.81;50;10444785263;S
20240523;100124;321.81;40;10444785264;S
20240523;100124;321.81;20;10444785265;S
20240523;100124;321.8;310;10444785266;S
20240523;100124;321.78;10;10444785267;S
20240523;100124;321.77;320;10444785268;S
20240523;100124;321.77;70;10444785269;S
20240523;100124;321.76;30;10444785270;S
20240523;100124;321.76;30;10444785271;S
20240523;100124;321.76;50;10444785272;S
20240523;100124;321.76;60;10444785273;S
20240523;100124;321.76;80;10444785274;S
20240523;100124;321.76;270;10444785275;S
20240523;100124;321.76;30;10444785276;S
20240523;100124;321.76;50;10444785277;S
20240523;100124;321.76;60;10444785278;S
20240523;100124;321.76;60;10444785280;S
20240523;100124;321.75;50;10444785281;S
20240523;100124;321.74;100;10444785282;S
20240523;100124;321.76;40;10444785283;S
20240523;100124;321.76;100;10444785284;S
20240523;100124;321.76;60;10444785285;S
20240523;100124;321.73;60;10444785286;S
20240523;100124;321.74;20;10444785287;S
20240523;100124;321.74;50;10444785288;S
20240523;100124;321.74;50;10444785289;S
20240523;100124;321.74;140;10444785290;S
20240523;100124;321.74;70;10444785291;S
20240523;100124;321.74;120;10444785292;S
20240523;100124;321.74;90;10444785294;S
20240523;100124;321.73;50;10444785295;S
20240523;100124;321.74;50;10444785296;S
20240523;100124;321.74;90;10444785297;S
20240523;100124;321.74;60;10444785298;S
20240523;100124;321.73;30;10444785314;S
20240523;100125;321.83;810;10444785381;B
20240523;100125;321.83;450;10444785382;B
20240523;100125;321.83;2000;10444785383;B
20240523;100125;321.83;200;10444785384;B
20240523;100125;321.83;1540;10444785385;B
20240523;100125;321.74;310;10444785486;S
20240523;100126;321.82;10;10444785574;B
20240523;100126;321.83;90;10444785575;B
20240523;100126;321.83;50;10444785637;B
20240523;100127;321.78;10;10444785718;S
20240523;100129;321.79;40;10444786281;B
20240523;100129;321.79;10;10444786307;B
20240523;100129;321.79;40;10444786308;B
20240523;100130;321.81;20;10444786478;B
20240523;100131;321.81;480;10444786775;B
20240523;100131;321.82;20;10444786776;B
20240523;100131;321.82;310;10444786800;B
20240523;100131;321.82;170;10444786803;B
20240523;100131;321.82;80;10444786804;B
20240523;100132;321.8;10;10444786842;S
20240523;100132;321.8;10;10444786843;S
20240523;100132;321.79;10;10444786844;S
20240523;100132;321.79;10;10444786845;S
20240523;100132;321.77;10;10444786846;S
20240523;100132;321.75;250;10444786847;S
20240523;100132;321.83;10;10444786911;B
20240523;100132;321.75;590;10444786921;S
20240523;100132;321.75;310;10444786922;S
20240523;100132;321.75;930;10444786923;S
20240523;100132;321.75;500;10444786924;S
20240523;100132;321.74;170;10444786925;S
20240523;100132;321.76;20;10444787036;S
20240523;100132;321.76;500;10444787037;S
20240523;100132;321.76;300;10444787047;B
20240523;100133;321.75;40;10444787122;S
20240523;100133;321.76;20;10444787174;B
20240523;100133;321.77;930;10444787179;S
20240523;100133;321.76;500;10444787180;S
20240523;100133;321.77;930;10444787182;S
20240523;100133;321.76;500;10444787183;S
20240523;100133;321.76;500;10444787184;B
20240523;100134;321.75;10;10444787410;S
20240523;100134;321.77;930;10444787439;S
20240523;100134;321.77;70;10444787440;S
20240523;100135;321.86;450;10444787685;B
20240523;100135;321.86;500;10444787686;B
20240523;100135;321.86;460;10444787687;B
20240523;100135;321.86;200;10444787688;B
20240523;100135;321.86;90;10444787689;B
20240523;100135;321.86;450;10444787761;B
20240523;100135;321.86;500;10444787762;B
20240523;100135;321.86;2500;10444787763;B
20240523;100135;321.87;450;10444787764;B
20240523;100135;321.87;50;10444787765;B
20240523;100135;321.87;1050;10444787766;B
20240523;100137;321.84;50;10444788174;B
20240523;100138;321.81;120;10444788237;S
20240523;100138;321.85;300;10444788260;B
20240523;100138;321.82;10;10444788328;S
20240523;100139;321.83;20;10444788561;S
20240523;100140;321.84;10;10444788760;B
20240523;100140;321.84;10;10444788762;B
20240523;100142;321.83;180;10444789243;S
20240523;100142;321.81;70;10444789244;S
20240523;100143;321.84;20;10444789341;B
20240523;100143;321.85;1810;10444789342;B
20240523;100143;321.85;130;10444789402;B
20240523;100143;321.81;770;10444789406;S
20240523;100143;321.81;230;10444789407;S
20240523;100143;321.84;160;10444789438;B
20240523;100144;321.85;10;10444789492;B
20240523;100145;321.84;310;10444790050;S
20240523;100145;321.84;90;10444790051;S
20240523;100146;321.84;750;10444790175;S
20240523;100146;321.84;930;10444790176;S
20240523;100146;321.83;3440;10444790177;S
20240523;100146;321.82;500;10444790178;S
20240523;100146;321.81;310;10444790179;S
20240523;100146;321.81;460;10444790180;S
20240523;100146;321.8;3000;10444790181;S
20240523;100146;321.79;450;10444790182;S
20240523;100146;321.78;270;10444790183;S
20240523;100146;321.78;450;10444790184;S
20240523;100146;321.77;450;10444790185;S
20240523;100146;321.76;450;10444790186;S
20240523;100146;321.76;2000;10444790187;S
20240523;100146;321.75;20;10444790188;S
20240523;100146;321.75;1000;10444790189;S
20240523;100146;321.75;450;10444790190;S
20240523;100146;321.75;10;10444790191;S
20240523;100146;321.75;500;10444790192;S
20240523;100146;321.74;450;10444790193;S
20240523;100146;321.73;10;10444790194;S
20240523;100146;321.73;10;10444790195;S
20240523;100146;321.73;450;10444790196;S
20240523;100146;321.73;810;10444790197;S
20240523;100146;321.73;8000;10444790198;S
20240523;100146;321.72;200;10444790199;S
20240523;100146;321.72;450;10444790200;S
20240523;100146;321.72;20;10444790201;S
20240523;100146;321.72;2000;10444790202;S
20240523;100146;321.72;2000;10444790203;S
20240523;100146;321.72;2000;10444790204;S
20240523;100146;321.71;50;10444790205;S
20240523;100146;321.71;450;10444790206;S
20240523;100146;321.7;450;10444790207;S
20240523;100146;321.7;2000;10444790208;S
20240523;100146;321.7;1600;10444790209;S
20240523;100146;321.69;100;10444790212;S
20240523;100146;321.69;20;10444790365;B
20240523;100147;321.69;480;10444790434;B
20240523;100147;321.7;50;10444790473;B
20240523;100148;321.69;460;10444790637;B
20240523;100148;321.69;40;10444790703;B
20240523;100148;321.7;60;10444790704;B
20240523;100148;321.69;140;10444790725;B
20240523;100149;321.69;10;10444790887;B
20240523;100150;321.69;10;10444790973;B
20240523;100150;321.69;340;10444790979;B
20240523;100150;321.7;13500;10444790980;B
20240523;100150;321.7;810;10444790981;B
20240523;100150;321.71;450;10444790982;B
20240523;100150;321.72;450;10444790983;B
20240523;100150;321.72;2000;10444790984;B
20240523;100150;321.73;450;10444790985;B
20240523;100150;321.73;2000;10444790986;B
20240523;100150;321.74;450;10444790987;B
20240523;100150;321.74;7000;10444790988;B
20240523;100150;321.73;400;10444791040;B
20240523;100153;321.69;930;10444791333;S
20240523;100153;321.68;40;10444791334;S
20240523;100153;321.68;500;10444791335;S
20240523;100153;321.67;20;10444791336;S
20240523;100153;321.67;310;10444791337;S
20240523;100153;321.66;700;10444791338;S
20240523;100153;321.76;20;10444791412;B
20240523;100157;321.8;10;10444791980;B
20240523;100158;321.8;2530;10444792134;B
20240523;100158;321.8;500;10444792135;B
20240523;100158;321.8;2500;10444792136;B
20240523;100158;321.81;20;10444792137;B
20240523;100158;321.81;450;10444792138;B
20240523;100158;321.82;450;10444792139;B
20240523;100158;321.83;450;10444792140;B
20240523;100158;321.84;450;10444792141;B
20240523;100158;321.84;810;10444792142;B
20240523;100158;321.85;6940;10444792143;B
20240523;100159;321.84;20;10444792372;B
20240523;100159;321.84;430;10444792429;B
20240523;100159;321.85;1250;10444792430;B
20240523;100201;321.84;80;10444792795;B
20240523;100203;321.83;20;10444793232;B
20240523;100204;321.83;790;10444793306;B
20240523;100204;321.85;2060;10444793307;B
20240523;100204;321.88;10;10444793308;B
20240523;100204;321.89;5070;10444793309;B
20240523;100204;321.88;20;10444793323;B
20240523;100205;321.84;20;10444793621;B
20240523;100208;321.83;10;10444794194;B
20240523;100208;321.83;250;10444794334;B
20240523;100210;321.81;930;10444794647;S
20240523;100210;321.8;450;10444794648;S
20240523;100210;321.8;100;10444794649;S
20240523;100210;321.79;450;10444794650;S
20240523;100210;321.78;190;10444794651;S
20240523;100210;321.81;30;10444794759;B
20240523;100211;321.82;200;10444794824;B
20240523;100211;321.82;10;10444794878;B
20240523;100212;321.8;360;10444794982;B
20240523;100212;321.8;10;10444795045;B
20240523;100213;321.8;630;10444795188;B
20240523;100213;321.8;230;10444795189;B
20240523;100213;321.83;20;10444795226;B
20240523;100215;321.83;810;10444795480;B
20240523;100215;321.84;80;10444795481;B
20240523;100215;321.84;40;10444795482;B
20240523;100215;321.85;100;10444795506;B
20240523;100215;321.85;20;10444795507;B
20240523;100215;321.85;510;10444795508;B
20240523;100216;321.84;570;10444795603;S
20240523;100216;321.81;430;10444795604;S
20240523;100217;321.81;10;10444795772;B
20240523;100217;321.81;500;10444795782;B
20240523;100218;321.81;30;10444796006;B
20240523;100218;321.81;130;10444796007;B
20240523;100218;321.85;1110;10444796008;B
20240523;100218;321.86;810;10444796009;B
20240523;100218;321.89;100;10444796010;B
20240523;100219;321.88;20;10444796088;B
20240523;100219;321.86;20;10444796094;S
20240523;100219;321.81;380;10444796095;S
20240523;100219;321.81;10;10444796130;S
20240523;100220;321.83;70;10444796294;S
20240523;100221;321.83;10;10444796490;S
20240523;100222;321.83;210;10444796604;S
20240523;100223;321.87;10;10444796666;B
20240523;100223;321.87;500;10444796683;B
20240523;100225;321.86;20;10444796952;B
20240523;100225;321.86;130;10444797041;S
20240523;100225;321.83;870;10444797042;S
20240523;100227;321.87;60;10444797169;B
20240523;100228;321.84;10;10444797330;S
20240523;100230;321.85;310;10444797659;B
20240523;100230;321.85;500;10444797660;B
20240523;100230;321.85;740;10444797661;B
20240523;100231;321.86;460;10444797822;B
20240523;100231;321.86;840;10444797823;B
20240523;100233;321.85;50;10444798191;B
20240523;100235;321.85;450;10444798560;B
20240523;100235;321.85;50;10444798561;B
20240523;100236;321.85;250;10444798654;B
20240523;100236;321.85;20;10444798683;B
20240523;100236;321.85;500;10444798790;B
20240523;100237;321.85;20;10444798867;B
20240523;100237;321.84;10;10444798874;S
20240523;100237;321.82;470;10444798875;S
20240523;100237;321.83;40;10444798901;B
20240523;100238;321.82;30;10444798985;S
20240523;100238;321.83;270;10444799075;B
20240523;100238;321.83;730;10444799076;B
20240523;100240;321.83;1270;10444799224;B
20240523;100240;321.83;310;10444799225;B
20240523;100240;321.83;420;10444799226;B
20240523;100240;321.83;310;10444799317;B
20240523;100240;321.84;190;10444799318;B
20240523;100241;321.84;1440;10444799392;B
20240523;100241;321.84;100;10444799393;B
20240523;100241;321.84;10;10444799396;B
20240523;100241;321.84;90;10444799397;B
20240523;100241;321.84;100;10444799466;B
20240523;100241;321.84;100;10444799485;B
20240523;100241;321.84;120;10444799498;B
20240523;100241;321.84;100;10444799503;B
20240523;100241;321.84;100;10444799516;B
20240523;100241;321.84;100;10444799528;B
20240523;100242;321.84;100;10444799539;B
20240523;100242;321.84;100;10444799551;B
20240523;100242;321.84;100;10444799570;B
20240523;100242;321.84;100;10444799585;B
20240523;100242;321.84;100;10444799597;B
20240523;100242;321.84;100;10444799607;B
20240523;100242;321.84;100;10444799631;B
20240523;100242;321.84;100;10444799645;B
20240523;100242;321.84;60;10444799660;B
20240523;100243;321.84;50;10444799751;B
20240523;100243;321.83;100;10444799852;S
20240523;100246;321.82;10;10444800435;S
20240523;100246;321.81;20;10444800436;S
20240523;100246;321.81;470;10444800437;S
20240523;100246;321.83;300;10444800439;B
20240523;100246;321.83;10;10444800571;B
20240523;100247;321.83;10;10444800690;B
20240523;100247;321.83;30;10444800694;B
20240523;100248;321.82;840;10444800943;S
20240523;100248;321.82;160;10444800944;S
20240523;100249;321.82;10;10444801078;S
20240523;100251;321.83;760;10444801273;B
20240523;100251;321.83;500;10444801274;B
20240523;100252;321.84;130;10444801419;B
20240523;100252;321.84;50;10444801528;B
20240523;100252;321.84;760;10444801530;B
20240523;100252;321.84;2500;10444801531;B
20240523;100252;321.88;4000;10444801532;B
20240523;100252;321.88;30;10444801533;B
20240523;100252;321.88;10;10444801534;B
20240523;100252;321.89;2700;10444801535;B
20240523;100253;321.88;170;10444801603;B
20240523;100255;321.88;80;10444801914;B
20240523;100256;321.88;30;10444802032;B
20240523;100256;321.88;10;10444802037;B
20240523;100257;321.88;520;10444802121;B
20240523;100257;321.88;460;10444802122;B
20240523;100257;321.89;20;10444802123;B
20240523;100257;321.89;50;10444802127;B
20240523;100258;321.89;840;10444802220;B
20240523;100258;321.89;200;10444802285;B
20240523;100258;321.85;40;10444802328;S
20240523;100258;321.89;800;10444802356;B
20240523;100259;321.85;60;10444802542;S
20240523;100259;321.85;490;10444802543;S
20240523;100259;321.83;10;10444802544;S
20240523;100259;321.83;30;10444802545;S
20240523;100259;321.82;410;10444802546;S
20240523;100300;321.84;10;10444802643;B
20240523;100301;321.84;8000;10444802764;B
20240523;100301;321.84;810;10444802765;B
20240523;100301;321.88;2000;10444802766;B
20240523;100301;321.88;50;10444802767;B
20240523;100301;321.89;4420;10444802768;B
20240523;100302;321.89;3000;10444803039;B
20240523;100302;321.89;1390;10444803047;B
20240523;100302;321.84;590;10444803050;S
20240523;100302;321.83;500;10444803051;S
20240523;100302;321.82;420;10444803052;S
20240523;100302;321.82;310;10444803053;S
20240523;100302;321.82;1000;10444803085;B
20240523;100302;321.82;1320;10444803235;B
20240523;100302;321.82;90;10444803282;B
20240523;100303;321.82;30;10444803384;B
20240523;100303;321.82;10;10444803454;B
20240523;100304;321.82;10;10444803526;B
20240523;100304;321.82;40;10444803579;B
20240523;100304;321.82;300;10444803599;B
20240523;100305;321.82;380;10444803661;B
20240523;100305;321.83;30;10444803772;B
20240523;100305;321.86;220;10444803773;B
20240523;100305;321.86;2140;10444803812;B
20240523;100306;321.89;90;10444803857;B
20240523;100308;321.83;10;10444804129;S
20240523;100308;321.86;250;10444804162;B
20240523;100308;321.86;10;10444804213;B
20240523;100309;321.86;420;10444804341;B
20240523;100309;321.86;100;10444804357;B
20240523;100311;321.85;150;10444804644;S
20240523;100311;321.86;40;10444804670;B
20240523;100312;321.86;870;10444804725;B
20240523;100312;321.86;20;10444804743;B
20240523;100312;321.86;290;10444804756;B
20240523;100312;321.86;180;10444804757;B
20240523;100312;321.86;880;10444804758;B
20240523;100312;321.89;120;10444804792;B
20240523;100313;321.88;30;10444804973;S
20240523;100313;321.88;500;10444804974;S
20240523;100313;321.88;20;10444804975;S
20240523;100313;321.88;10;10444804976;S
20240523;100313;321.87;810;10444804977;S
20240523;100313;321.86;630;10444804978;S
20240523;100315;321.89;100;10444805227;B
20240523;100316;321.88;500;10444805616;S
20240523;100316;321.87;100;10444805617;S
20240523;100316;321.87;50;10444805618;S
20240523;100316;321.86;370;10444805619;S
20240523;100317;321.89;970;10444805665;B
20240523;100319;321.88;10;10444806005;S
20240523;100319;321.89;40;10444806029;B
20240523;100319;321.89;1000;10444806035;B
20240523;100319;321.89;3000;10444806047;B
20240523;100320;321.89;250;10444806126;B
20240523;100320;321.88;160;10444806272;S
20240523;100320;321.89;1640;10444806316;B
20240523;100322;321.89;450;10444806561;B
20240523;100322;321.89;10;10444806577;B
20240523;100322;321.89;1440;10444806662;B
20240523;100323;321.89;10;10444806680;B
20240523;100323;321.89;10;10444806686;B
20240523;100323;321.89;45000;10444806890;B
20240523;100324;321.88;10;10444807002;S
20240523;100324;321.88;50;10444807025;S
20240523;100324;321.88;500;10444807026;S
20240523;100324;321.88;10;10444807027;S
20240523;100324;321.88;310;10444807028;S
20240523;100325;321.89;10;10444807110;B
20240523;100325;321.89;60;10444807121;B
20240523;100325;321.89;20;10444807205;B
20240523;100326;321.89;380;10444807350;B
20240523;100327;321.89;50;10444807398;B
20240523;100327;321.89;280;10444807441;B
20240523;100327;321.89;10;10444807495;B
20240523;100327;321.89;2600;10444807560;B
20240523;100327;321.89;3080;10444807614;B
20240523;100327;321.89;120;10444807615;B
20240523;100327;321.89;470;10444807616;B
20240523;100327;321.89;1130;10444807619;B
20240523;100328;321.9;10;10444807670;B
20240523;100328;321.9;250;10444807678;B
20240523;100329;321.9;110;10444807858;B
20240523;100329;321.9;10;10444807859;B
20240523;100329;321.98;100;10444807860;B
20240523;100329;321.98;50;10444807861;B
20240523;100329;321.98;50;10444807862;B
20240523;100329;322;4000;10444807863;B
20240523;100329;322;10;10444807864;B
20240523;100329;322;670;10444807865;B
20240523;100329;321.96;250;10444807911;B
20240523;100330;321.96;1750;10444808042;B
20240523;100330;321.96;650;10444808043;B
20240523;100330;321.99;300;10444808151;B
20240523;100332;321.99;920;10444808558;B
20240523;100334;321.99;80;10444808771;B
20240523;100334;321.99;50;10444808777;B
20240523;100335;321.99;100;10444808961;B
20240523;100337;321.98;810;10444809287;S
20240523;100337;321.98;80;10444809288;S
20240523;100337;321.99;550;10444809292;B
20240523;100337;321.99;2450;10444809293;B
20240523;100337;321.99;20;10444809338;B
20240523;100337;321.99;180;10444809401;B
20240523;100337;321.99;40;10444809402;B
20240523;100337;321.99;2000;10444809403;B
20240523;100337;321.99;2000;10444809404;B
20240523;100337;321.99;2000;10444809405;B
20240523;100337;321.99;720;10444809406;B
20240523;100337;321.99;10;10444809407;B
20240523;100337;321.99;2000;10444809408;B
20240523;100337;321.99;1900;10444809409;B
20240523;100337;322;70;10444809410;B
20240523;100337;322;1790;10444809411;B
20240523;100337;321.99;500;10444809414;S
20240523;100339;322.06;30;10444809717;B
20240523;100339;322.07;10;10444809718;B
20240523;100339;322.07;40;10444809767;B
20240523;100339;322.07;1260;10444809822;B
20240523;100340;322.07;50;10444809885;B
20240523;100340;322.07;90;10444810009;B
20240523;100340;322.07;50;10444810010;B
20240523;100340;322.1;140;10444810011;B
20240523;100341;322.1;300;10444810078;B
20240523;100341;322.1;60;10444810088;B
20240523;100341;322.11;10;10444810089;B
20240523;100341;322.11;130;10444810090;B
20240523;100341;322.11;350;10444810182;B
20240523;100341;322.11;20;10444810200;B
20240523;100341;322.15;450;10444810201;B
20240523;100341;322.16;30;10444810202;B
20240523;100342;322.16;20;10444810376;B
20240523;100342;322.16;40;10444810377;B
20240523;100342;322.16;10;10444810406;B
20240523;100342;322.17;30;10444810413;B
20240523;100342;322.17;40;10444810414;B
20240523;100342;322.17;30;10444810415;B
20240523;100342;322.17;130;10444810417;B
20240523;100343;322.18;50;10444810483;B
20240523;100343;322.18;1210;10444810484;B
20240523;100343;322.13;50;10444810663;S
20240523;100344;322.14;10;10444810700;B
20240523;100344;322.14;10;10444810783;B
20240523;100344;322.13;400;10444810822;S
20240523;100345;322.13;10;10444810826;S
20240523;100345;322.14;20;10444810836;B
20240523;100345;322.17;20;10444810837;B
20240523;100345;322.2;60;10444810838;B
20240523;100345;322.17;20;10444810880;B
20240523;100345;322.17;60;10444810881;B
20240523;100345;322.18;10;10444810999;B
20240523;100346;322.18;100;10444811096;B
20240523;100346;322.18;300;10444811101;B
20240523;100347;322.18;20;10444811271;B
20240523;100350;322.18;1570;10444811691;B
20240523;100350;322.18;100;10444811692;B
20240523;100350;322.2;330;10444811693;B
20240523;100350;322.16;300;10444811726;S
20240523;100350;322.16;200;10444811727;S
20240523;100350;322.16;460;10444811728;S
20240523;100350;322.15;20;10444811729;S
20240523;100351;322.14;320;10444811788;S
20240523;100352;322.15;120;10444812004;B
20240523;100352;322.15;80;10444812005;B
20240523;100353;322.15;30;10444812185;B
20240523;100353;322.15;310;10444812195;B
20240523;100353;322.15;580;10444812362;B
20240523;100354;322.16;10;10444812648;S
20240523;100354;322.16;10;10444812658;S
20240523;100354;322.16;300;10444812764;S
20240523;100354;322.16;300;10444812765;S
20240523;100355;322.16;10;10444812833;B
20240523;100357;322.16;690;10444813291;B
20240523;100357;322.16;310;10444813292;B
20240523;100358;322.15;100;10444813519;S
20240523;100358;322.16;150;10444813522;B
20240523;100358;322.15;50;10444813647;B
20240523;100358;322.15;250;10444813699;S
20240523;100359;322.16;40;10444813727;B
20240523;100359;322.17;1050;10444813728;B
20240523;100359;322.17;200;10444813765;B
20240523;100402;322.17;50;10444814337;B
20240523;100402;322.17;80;10444814366;B
20240523;100402;322.17;620;10444814380;B
20240523;100402;322.17;20;10444814381;B
20240523;100402;322.17;830;10444814382;S
20240523;100402;322.17;500;10444814383;S
20240523;100403;322.17;100;10444814496;S
20240523;100403;322.17;100;10444814518;S
20240523;100403;322.17;100;10444814519;S
20240523;100404;322.16;100;10444814581;S
20240523;100404;322.16;1000;10444814737;S
20240523;100404;322.18;10;10444814738;B
20240523;100404;322.19;110;10444814739;B
20240523;100405;322.16;440;10444814931;S
20240523;100405;322.15;100;10444814932;S
20240523;100405;322.15;100;10444814933;S
20240523;100405;322.15;360;10444814934;S
20240523;100406;322.19;1550;10444815002;B
20240523;100406;322.19;50;10444815026;B
20240523;100408;322.19;290;10444815837;B
20240523;100408;322.19;10;10444815838;B
20240523;100408;322.2;70;10444815839;B
20240523;100408;322.19;700;10444815885;B
20240523;100408;322.19;20;10444815915;B
20240523;100409;322.19;530;10444815947;B
20240523;100409;322.19;20;10444816027;B
20240523;100411;322.19;250;10444816334;B
20240523;100412;322.18;100;10444816479;S
20240523;100412;322.18;1220;10444816480;S
20240523;100412;322.17;310;10444816481;S
20240523;100412;322.17;2040;10444816482;S
20240523;100412;322.16;1330;10444816483;S
20240523;100413;322.18;10;10444816542;B
20240523;100413;322.19;140;10444816543;B
20240523;100413;322.16;260;10444816672;S
20240523;100415;322.17;190;10444817021;S
20240523;100417;322.18;100;10444817353;B
20240523;100417;322.18;10;10444817354;B
20240523;100417;322.18;10;10444817355;B
20240523;100417;322.19;10;10444817356;B
20240523;100417;322.19;90;10444817357;B
20240523;100417;322.19;10;10444817358;B
20240523;100417;322.2;1620;10444817359;B
20240523;100419;322.2;60;10444817705;B
20240523;100420;322.2;10360;10444817919;B
20240523;100420;322.2;400;10444817920;B
20240523;100420;322.2;400;10444817921;B
20240523;100420;322.2;1800;10444817922;S
20240523;100420;322.21;250;10444817997;S
20240523;100423;322.21;100;10444818502;S
20240523;100424;322.21;150;10444818592;S
20240523;100424;322.21;20;10444818593;S
20240523;100424;322.21;460;10444818594;S
20240523;100424;322.21;820;10444818595;S
20240523;100425;322.21;100;10444818781;S
20240523;100426;322.21;10;10444818939;S
20240523;100426;322.22;100;10444819077;B
20240523;100426;322.22;20;10444819078;B
20240523;100426;322.23;120;10444819079;B
20240523;100426;322.22;100;10444819081;S
20240523;100427;322.22;400;10444819138;S
20240523;100427;322.21;230;10444819139;S
20240523;100427;322.21;100;10444819140;S
20240523;100427;322.2;60;10444819141;S
20240523;100427;322.23;120;10444819157;B
20240523;100427;322.23;1760;10444819230;B
20240523;100427;322.24;100;10444819231;B
20240523;100427;322.27;2000;10444819232;S
20240523;100427;322.27;2000;10444819233;S
20240523;100427;322.28;10;10444819291;B
20240523;100428;322.28;10;10444819464;B
20240523;100428;322.29;490;10444819465;B
20240523;100429;322.29;10;10444819510;B
20240523;100430;322.28;500;10444819576;S
20240523;100430;322.27;3180;10444819577;S
20240523;100432;322.28;10;10444819920;S
20240523;100432;322.29;20;10444819928;B
20240523;100432;322.29;10;10444819976;B
20240523;100432;322.29;10;10444819992;B
20240523;100434;322.28;490;10444820279;S
20240523;100434;322.28;990;10444820280;S
20240523;100434;322.28;10;10444820281;S
20240523;100434;322.27;4720;10444820282;S
20240523;100434;322.27;10;10444820283;S
20240523;100434;322.27;2000;10444820284;S
20240523;100434;322.27;1660;10444820285;S
20240523;100434;322.26;450;10444820286;S
20240523;100434;322.26;730;10444820287;S
20240523;100434;322.25;450;10444820288;S
20240523;100434;322.24;450;10444820289;S
20240523;100434;322.23;450;10444820290;S
20240523;100434;322.23;100;10444820291;S
20240523;100434;322.22;450;10444820292;S
20240523;100434;322.22;800;10444820293;S
20240523;100434;322.22;100;10444820294;S
20240523;100434;322.21;450;10444820295;S
20240523;100434;322.21;100;10444820296;S
20240523;100434;322.2;35590;10444820297;S
20240523;100434;322.2;40;10444820299;S
20240523;100439;322.22;50;10444820996;S
20240523;100439;322.22;920;10444820997;S
20240523;100439;322.22;30;10444820998;S
20240523;100439;322.23;20;10444821002;B
20240523;100439;322.23;200;10444821003;B
20240523;100440;322.23;20;10444821098;B
20240523;100440;322.23;230;10444821149;B
20240523;100440;322.23;70;10444821150;B
20240523;100442;322.22;970;10444821476;S
20240523;100442;322.21;1030;10444821477;S
20240523;100442;322.23;180;10444821490;B
20240523;100442;322.23;20;10444821491;B
20240523;100442;322.23;10;10444821492;B
20240523;100442;322.24;390;10444821493;B
20240523;100442;322.25;50;10444821550;B
20240523;100443;322.25;200;10444821722;B
20240523;100448;322.27;10;10444822828;S
20240523;100448;322.26;10;10444822829;S
20240523;100448;322.26;10;10444822830;S
20240523;100448;322.26;670;10444822831;S
20240523;100448;322.28;20;10444822867;B
20240523;100449;322.29;60;10444823054;B
20240523;100449;322.29;20;10444823055;B
20240523;100450;322.29;10;10444823246;B
20240523;100450;322.29;10;10444823285;B
20240523;100450;322.29;20;10444823289;B
20240523;100452;322.29;10;10444823500;B
20240523;100453;322.29;380;10444823713;B
20240523;100453;322.3;10;10444823714;B
20240523;100453;322.3;450;10444823715;B
20240523;100453;322.3;20;10444823716;B
20240523;100454;322.32;300;10444823832;B
20240523;100455;322.31;10;10444823957;S
20240523;100456;322.31;20;10444824191;B
20240523;100457;322.31;150;10444824328;B
20240523;100458;322.31;100;10444824349;B
20240523;100459;322.3;890;10444824514;S
20240523;100459;322.3;290;10444824515;S
20240523;100459;322.3;390;10444824579;S
20240523;100500;322.3;20;10444824806;B
20240523;100500;322.29;1140;10444824856;S
20240523;100500;322.28;1300;10444824857;S
20240523;100500;322.26;10;10444824858;S
20240523;100500;322.26;550;10444824859;S
20240523;100500;322.26;450;10444824865;S
20240523;100500;322.24;500;10444824866;S
20240523;100500;322.23;1000;10444824867;S
20240523;100500;322.23;10;10444824868;S
20240523;100500;322.23;10;10444824869;S
20240523;100500;322.22;50;10444824870;S
20240523;100500;322.22;980;10444824871;S
20240523;100501;322.24;30;10444824957;B
20240523;100501;322.24;20;10444824993;B
20240523;100502;322.25;500;10444825294;B
20240523;100502;322.26;310;10444825295;B
20240523;100502;322.26;430;10444825296;B
20240523;100502;322.22;1920;10444825422;S
20240523;100502;322.22;650;10444825423;S
20240523;100502;322.21;50;10444825424;S
20240523;100502;322.21;10;10444825425;S
20240523;100502;322.2;370;10444825426;S
20240523;100502;322.2;980;10444825490;S
20240523;100502;322.2;1000;10444825491;S
20240523;100502;322.2;10;10444825492;S
20240523;100502;322.2;50;10444825493;S
20240523;100502;322.2;120;10444825494;S
20240523;100502;322.2;10;10444825495;S
20240523;100502;322.2;310;10444825496;S
20240523;100502;322.2;10;10444825497;S
20240523;100502;322.19;30;10444825498;S
20240523;100502;322.19;10;10444825499;S
20240523;100502;322.19;10;10444825500;S
20240523;100502;322.18;100;10444825501;S
20240523;100502;322.18;10;10444825502;S
20240523;100502;322.18;30;10444825503;S
20240523;100502;322.18;450;10444825504;S
20240523;100502;322.17;100;10444825505;S
20240523;100502;322.17;10;10444825506;S
20240523;100502;322.17;60;10444825507;S
20240523;100503;322.2;10;10444825553;B
20240523;100503;322.17;30;10444825716;B
20240523;100504;322.16;380;10444825764;S
20240523;100506;322.17;50;10444826069;B
20240523;100506;322.16;50;10444826137;S
20240523;100506;322.17;10;10444826166;B
20240523;100507;322.16;200;10444826251;S
20240523;100507;322.16;370;10444826428;S
20240523;100507;322.16;630;10444826429;S
20240523;100508;322.17;320;10444826439;B
20240523;100508;322.16;300;10444826471;S
20240523;100508;322.16;500;10444826472;S
20240523;100508;322.17;10;10444826533;B
20240523;100508;322.16;10;10444826554;S
20240523;100509;322.17;30;10444826659;B
20240523;100511;322.16;440;10444826961;S
20240523;100513;322.17;20;10444827150;B
20240523;100514;322.16;100;10444827338;S
20240523;100517;322.17;30;10444827945;B
20240523;100517;322.17;70;10444827946;B
20240523;100518;322.16;280;10444828034;S
20240523;100518;322.17;120;10444828076;B
20240523;100519;322.17;30;10444828209;B
20240523;100520;322.17;80;10444828560;B
20240523;100520;322.17;420;10444828561;B
20240523;100523;322.17;130;10444829070;B
20240523;100523;322.17;40;10444829126;B
20240523;100524;322.17;10;10444829302;B
20240523;100524;322.17;100;10444829318;B
20240523;100524;322.17;10;10444829385;B
20240523;100525;322.16;240;10444829446;S
20240523;100525;322.16;660;10444829447;S
20240523;100525;322.17;50;10444829451;B
20240523;100525;322.17;100;10444829520;B
20240523;100525;322.17;100;10444829533;B
20240523;100526;322.17;100;10444829538;B
20240523;100526;322.17;100;10444829590;B
20240523;100526;322.17;100;10444829602;B
20240523;100526;322.16;20;10444829622;S
20240523;100526;322.16;40;10444829623;S
20240523;100526;322.16;300;10444829624;S
20240523;100526;322.16;50;10444829625;S
20240523;100526;322.16;50;10444829626;S
20240523;100526;322.16;50;10444829627;S
20240523;100526;322.16;70;10444829628;S
20240523;100526;322.16;20;10444829629;S
20240523;100527;322.16;80;10444829835;B
20240523;100528;322.16;300;10444830089;B
20240523;100529;322.16;20;10444830137;B
20240523;100529;322.16;50;10444830138;B
20240523;100529;322.16;10;10444830252;B
20240523;100530;322.15;40;10444830357;S
20240523;100531;322.15;50;10444830689;S
20240523;100532;322.16;10;10444830899;B
20240523;100532;322.16;10;10444830922;B
20240523;100532;322.15;70;10444830923;S
20240523;100533;322.16;420;10444831134;B
20240523;100533;322.16;540;10444831135;B
20240523;100537;322.16;10;10444832112;B
20240523;100537;322.16;50;10444832121;B
20240523;100537;322.16;50;10444832183;B
20240523;100538;322.15;300;10444832240;S
20240523;100539;322.16;200;10444832431;B
20240523;100539;322.16;150;10444832459;B
20240523;100542;322.16;10;10444832958;B
20240523;100544;322.16;10;10444833178;B
20240523;100544;322.16;50;10444833179;B
20240523;100544;322.16;50;10444833180;B
20240523;100544;322.16;310;10444833181;B
20240523;100544;322.16;150;10444833182;B
20240523;100544;322.16;100;10444833183;B
20240523;100544;322.16;50;10444833184;B
20240523;100544;322.16;930;10444833185;B
20240523;100544;322.16;10;10444833186;B
20240523;100544;322.16;480;10444833187;B
20240523;100544;322.17;200;10444833188;B
20240523;100544;322.17;100;10444833189;B
20240523;100544;322.17;900;10444833190;B
20240523;100544;322.17;100;10444833191;B
20240523;100544;322.17;100;10444833192;B
20240523;100544;322.17;300;10444833193;B
20240523;100544;322.17;100;10444833194;B
20240523;100544;322.17;100;10444833195;B
20240523;100544;322.17;400;10444833196;B
20240523;100544;322.17;500;10444833197;B
20240523;100544;322.17;10;10444833198;B
20240523;100544;322.17;200;10444833199;B
20240523;100544;322.17;200;10444833200;B
20240523;100544;322.17;500;10444833201;B
20240523;100544;322.18;50;10444833257;B
20240523;100544;322.17;10;10444833296;S
20240523;100545;322.18;40;10444833444;B
20240523;100550;322.18;10;10444834363;B
20240523;100551;322.17;70;10444834511;S
20240523;100553;322.18;10;10444834894;B
20240523;100554;322.18;10;10444834940;B
20240523;100554;322.18;80;10444834941;B
20240523;100554;322.18;20;10444834985;B
20240523;100557;322.18;1900;10444835436;B
20240523;100557;322.18;10;10444835437;B
20240523;100557;322.21;840;10444835438;B
20240523;100557;322.21;310;10444835439;B
20240523;100557;322.22;450;10444835440;B
20240523;100557;322.22;810;10444835441;B
20240523;100558;322.18;10;10444835506;S
20240523;100559;322.19;300;10444835753;B
20240523;100600;322.18;490;10444835800;S
20240523;100600;322.18;510;10444835801;S
20240523;100601;322.19;310;10444836050;B
20240523;100605;322.19;150;10444836701;S
20240523;100605;322.19;200;10444836813;S
20240523;100605;322.2;30;10444836845;B
20240523;100606;322.2;10;10444836889;B
20240523;100606;322.2;1960;10444836921;B
20240523;100606;322.24;450;10444836922;B
20240523;100606;322.24;590;10444836923;B
20240523;100607;322.23;10;10444837074;S
20240523;100607;322.23;690;10444837075;S
20240523;100608;322.23;170;10444837279;S
20240523;100608;322.22;810;10444837280;S
20240523;100608;322.21;20;10444837281;S
20240523;100608;322.24;100;10444837314;B
20240523;100609;322.25;450;10444837359;B
20240523;100609;322.25;50;10444837360;B
20240523;100610;322.25;10;10444837518;B
20240523;100612;322.2;330;10444837858;B
20240523;100614;322.2;200;10444838334;B
20240523;100614;322.2;10;10444838356;B
20240523;100615;322.19;60;10444838572;S
20240523;100617;322.2;10;10444838801;B
20240523;100619;322.2;240;10444839086;B
20240523;100619;322.2;210;10444839188;B
20240523;100619;322.2;30;10444839189;B
20240523;100619;322.2;100;10444839190;B
20240523;100619;322.2;200;10444839191;B
20240523;100619;322.2;60;10444839192;B
20240523;100620;322.2;140;10444839264;B
20240523;100620;322.2;200;10444839265;B
20240523;100620;322.2;100;10444839266;B
20240523;100620;322.2;20;10444839267;B
20240523;100622;322.2;10;10444839494;B
20240523;100622;322.19;300;10444839614;S
20240523;100622;322.19;200;10444839627;S
20240523;100622;322.19;200;10444839661;S
20240523;100623;322.19;200;10444839742;S
20240523;100623;322.19;100;10444839796;S
20240523;100625;322.19;100;10444840098;S
20240523;100625;322.19;800;10444840116;S
20240523;100626;322.2;110;10444840222;B
20240523;100626;322.2;60;10444840261;B
20240523;100626;322.2;80;10444840262;B
20240523;100627;322.2;40;10444840617;B
20240523;100628;322.2;70;10444840627;B
20240523;100628;322.19;10;10444840649;S
20240523;100628;322.19;40;10444840650;S
20240523;100628;322.19;150;10444840651;S
20240523;100628;322.19;200;10444840658;S
20240523;100628;322.19;200;10444840662;S
20240523;100628;322.19;200;10444840667;S
20240523;100628;322.19;100;10444840719;S
20240523;100629;322.2;10;10444840764;B
20240523;100629;322.2;20;10444840765;B
20240523;100629;322.19;40;10444840785;S
20240523;100629;322.19;110;10444840829;S
20240523;100629;322.19;90;10444840830;S
20240523;100629;322.19;20;10444840834;S
20240523;100629;322.19;50;10444840835;S
20240523;100629;322.19;200;10444840836;S
20240523;100629;322.18;20;10444840837;S
20240523;100629;322.18;1750;10444840838;S
20240523;100629;322.18;50;10444840839;S
20240523;100629;322.17;3790;10444840840;S
20240523;100629;322.17;80;10444840841;S
20240523;100629;322.17;10;10444840842;S
20240523;100629;322.17;40;10444840843;S
20240523;100629;322.16;10;10444840844;S
20240523;100629;322.16;2240;10444840845;S
20240523;100629;322.16;10;10444840846;S
20240523;100629;322.16;10;10444840847;S
20240523;100629;322.15;2540;10444840848;S
20240523;100629;322.15;100;10444840849;S
20240523;100629;322.15;10;10444840850;S
20240523;100629;322.15;10;10444840851;S
20240523;100629;322.15;50;10444840852;S
20240523;100629;322.15;50;10444840853;S
20240523;100629;322.15;50;10444840854;S
20240523;100629;322.15;50;10444840855;S
20240523;100629;322.15;180;10444840856;S
20240523;100629;322.15;810;10444840857;S
20240523;100629;322.14;450;10444840858;S
20240523;100630;322.13;30;10444841088;S
20240523;100632;322.11;10;10444841327;S
20240523;100632;322.11;190;10444841328;S
20240523;100632;322.12;500;10444841491;B
20240523;100632;322.12;10;10444841492;B
20240523;100632;322.13;70;10444841493;B
20240523;100632;322.13;310;10444841494;B
20240523;100633;322.11;500;10444841574;S
20240523;100634;322.11;40;10444841674;S
20240523;100634;322.11;10;10444841747;B
20240523;100635;322.11;10;10444841994;B
20240523;100637;322.1;140;10444842329;S
20240523;100638;322.11;20;10444842571;B
20240523;100639;322.1;10;10444842603;S
20240523;100640;322.1;150;10444842804;S
20240523;100640;322.1;20;10444842805;S
20240523;100640;322.1;830;10444842806;S
20240523;100643;322.1;100;10444843399;S
20240523;100643;322.1;70;10444843439;S
20240523;100643;322.1;30;10444843440;S
20240523;100644;322.11;20;10444843546;B
20240523;100644;322.11;80;10444843547;B
20240523;100646;322.11;20;10444843877;B
20240523;100647;322.1;750;10444844048;S
20240523;100648;322.1;40;10444844257;S
20240523;100652;322.11;50;10444844746;B
20240523;100653;322.11;10;10444844869;B
20240523;100657;322.1;100;10444845375;S
20240523;100657;322.1;80;10444845405;S
20240523;100657;322.1;470;10444845406;S
20240523;100657;322.1;100;10444845453;S
20240523;100702;322.1;170;10444846233;S
20240523;100702;322.1;50;10444846234;S
20240523;100702;322.1;50;10444846235;S
20240523;100702;322.1;30;10444846236;S
20240523;100702;322.1;40;10444846321;S
20240523;100702;322.1;10;10444846322;S
20240523;100702;322.1;690;10444846323;S
20240523;100702;322.1;80;10444846324;S
20240523;100702;322.1;900;10444846325;S
20240523;100702;322.1;30;10444846326;S
20240523;100702;322.1;60;10444846327;S
20240523;100702;322.1;10;10444846328;S
20240523;100702;322.09;30;10444846329;S
20240523;100702;322.07;320;10444846330;S
20240523;100702;322.07;8000;10444846331;S
20240523;100702;322.07;1380;10444846332;S
20240523;100702;322.06;30;10444846333;S
20240523;100702;322.05;10;10444846334;S
20240523;100702;322.04;10;10444846335;S
20240523;100702;322.03;250;10444846336;S
20240523;100702;322.02;10;10444846337;S
20240523;100702;322.02;90;10444846338;S
20240523;100702;322.02;200;10444846339;S
20240523;100702;322.02;200;10444846340;S
20240523;100702;322.02;200;10444846341;S
20240523;100702;322.02;100;10444846342;S
20240523;100702;322.02;210;10444846343;S
20240523;100702;322.02;20;10444846344;S
20240523;100702;322.02;50;10444846345;S
20240523;100702;322.01;100;10444846347;S
20240523;100702;322.01;50;10444846348;S
20240523;100702;322.01;250;10444846349;S
20240523;100702;322;200;10444846350;S
20240523;100702;322;500;10444846351;S
20240523;100702;322;100;10444846352;S
20240523;100702;322;200;10444846353;S
20240523;100702;322;200;10444846354;S
20240523;100702;322;100;10444846359;S
20240523;100702;322;200;10444846360;S
20240523;100702;322;200;10444846361;S
20240523;100702;322;200;10444846362;S
20240523;100702;322;200;10444846363;S
20240523;100702;322;100;10444846364;S
20240523;100703;322;100;10444846454;S
20240523;100703;322;100;10444846455;S
20240523;100703;322;150;10444846466;S
20240523;100703;322;520;10444846467;S
20240523;100703;322;600;10444846468;S
20240523;100703;322;2000;10444846469;S
20240523;100703;322;100;10444846470;S
20240523;100703;322;100;10444846471;S
20240523;100703;322;200;10444846472;S
20240523;100703;322;200;10444846473;S
20240523;100703;322;200;10444846474;S
20240523;100703;322;100;10444846475;S
20240523;100703;322;200;10444846476;S
20240523;100703;322;180;10444846477;S
20240523;100703;322;200;10444846478;S
20240523;100703;322;100;10444846479;S
20240523;100703;322;100;10444846480;S
20240523;100703;322;100;10444846481;S
20240523;100703;322;100;10444846482;S
20240523;100703;322;200;10444846483;S
20240523;100703;322;100;10444846484;S
20240523;100703;322;100;10444846485;S
20240523;100703;322;200;10444846486;S
20240523;100703;322;200;10444846487;S
20240523;100703;322;1400;10444846576;S
20240523;100704;322.01;10;10444846629;B
20240523;100704;322.01;90;10444846650;B
20240523;100704;322.01;400;10444846651;B
20240523;100704;322.01;500;10444846652;B
20240523;100704;322.01;600;10444846653;B
20240523;100704;322.01;100;10444846654;B
20240523;100704;322.02;400;10444846655;B
20240523;100704;322.02;500;10444846656;B
20240523;100704;322.03;480;10444846657;B
20240523;100704;322.03;310;10444846658;B
20240523;100704;322.03;930;10444846659;B
20240523;100704;322.04;690;10444846660;B
20240523;100704;322.04;450;10444846661;B
20240523;100704;322.04;840;10444846662;B
20240523;100704;322.05;4410;10444846663;B
20240523;100704;322.05;450;10444846664;B
20240523;100704;322.06;450;10444846665;B
20240523;100704;322.06;810;10444846666;B
20240523;100704;322.06;1600;10444846667;B
20240523;100704;322.07;450;10444846668;B
20240523;100704;322.08;450;10444846669;B
20240523;100704;322.09;450;10444846670;B
20240523;100704;322.09;2000;10444846671;B
20240523;100704;322.1;450;10444846672;B
20240523;100704;322.1;460;10444846673;B
20240523;100704;322.1;800;10444846674;B
20240523;100704;322.11;100;10444846675;B
20240523;100704;322.11;50;10444846676;B
20240523;100704;322.11;450;10444846677;B
20240523;100704;322.11;80;10444846678;B
20240523;100704;322.12;250;10444846679;B
20240523;100704;322.05;1200;10444846681;S
20240523;100704;322.05;200;10444846757;S
20240523;100705;322.05;10;10444846783;S
20240523;100708;322.09;40;10444847380;B
20240523;100709;322.09;70;10444847513;B
20240523;100709;322.09;730;10444847522;B
20240523;100709;322.09;20;10444847523;B
20240523;100709;322.09;480;10444847524;B
20240523;100709;322.09;240;10444847525;B
20240523;100710;322.06;500;10444847815;S
20240523;100710;322.06;500;10444847816;S
20240523;100712;322.09;20;10444848360;B
20240523;100713;322.09;120;10444848627;B
20240523;100713;322.1;40;10444848628;B
20240523;100715;322.07;250;10444849075;S
20240523;100718;322.08;10;10444849501;B
20240523;100720;322.07;250;10444849802;S
20240523;100720;322.07;910;10444849803;S
20240523;100720;322.07;80;10444849811;B
20240523;100721;322.06;190;10444850030;S
20240523;100721;322.07;10;10444850054;B
20240523;100724;322.07;10;10444850535;B
20240523;100724;322.06;360;10444850563;S
20240523;100724;322.06;100;10444850564;S
20240523;100724;322.06;50;10444850565;S
20240523;100724;322.05;260;10444850566;S
20240523;100724;322.05;40;10444850578;S
20240523;100725;322.05;130;10444850741;S
20240523;100727;322.06;220;10444851131;B
20240523;100728;322.06;10;10444851236;B
20240523;100731;322.05;1000;10444852295;S
20240523;100731;322.05;300;10444852296;S
20240523;100731;322.05;300;10444852297;S
20240523;100731;322.05;500;10444852298;S
20240523;100734;322.06;470;10444852691;B
20240523;100734;322.06;100;10444852692;B
20240523;100734;322.05;200;10444852772;S
20240523;100736;322.06;20;10444852933;B
20240523;100738;322.06;20;10444853265;B
20240523;100738;322.05;20;10444853324;S
20240523;100740;322.06;50;10444853611;B
20240523;100741;322.05;410;10444853619;S
20240523;100743;322.05;330;10444854003;S
20240523;100743;322.05;60;10444854004;S
20240523;100743;322.05;40;10444854005;S
20240523;100743;322.05;40;10444854006;S
20240523;100744;322.04;500;10444854258;S
20240523;100745;322.04;10;10444854374;S
20240523;100745;322.04;50;10444854375;S
20240523;100745;322.05;100;10444854443;B
20240523;100751;322.04;100;10444855254;S
20240523;100751;322.04;10;10444855271;S
20240523;100752;322.04;60;10444855343;S
20240523;100752;322.04;440;10444855344;S
20240523;100754;322.04;250;10444855530;S
20240523;100754;322.05;10;10444855532;B
20240523;100754;322.05;10;10444855565;B
20240523;100755;322.05;40;10444855699;B
20240523;100756;322.04;190;10444855844;S
20240523;100756;322.04;90;10444855845;S
20240523;100756;322.03;500;10444855847;S
20240523;100756;322.03;160;10444855848;S
20240523;100756;322.01;10;10444855852;S
20240523;100756;322;250;10444855853;S
20240523;100756;322;10;10444855854;S
20240523;100756;322;240;10444855855;S
20240523;100756;322;10;10444855856;S
20240523;100756;322;10;10444855857;S
20240523;100756;322;10;10444855858;S
20240523;100756;322;10;10444855859;S
20240523;100756;322;10;10444855860;S
20240523;100756;322;10;10444855861;S
20240523;100756;322;10;10444855862;S
20240523;100756;322;30;10444855863;S
20240523;100756;322;130;10444855866;S
20240523;100756;322;10;10444855867;S
20240523;100756;322;20;10444855868;S
20240523;100756;322;1040;10444855869;S
20240523;100756;322;10;10444855870;S
20240523;100756;322;90;10444855871;S
20240523;100756;322;10;10444855872;S
20240523;100756;322;160;10444855873;S
20240523;100756;322;10;10444855874;S
20240523;100756;322;520;10444855875;S
20240523;100756;322;2000;10444855876;S
20240523;100756;322;580;10444855877;S
20240523;100756;322;1900;10444855878;S
20240523;100756;322;100;10444855879;S
20240523;100756;322;400;10444855880;S
20240523;100756;322.01;10;10444855906;B
20240523;100757;322.01;10;10444855942;B
20240523;100757;322.01;90;10444855984;B
20240523;100758;322;300;10444856136;S
20240523;100758;322.01;10;10444856150;B
20240523;100759;322;50;10444856235;S
20240523;100759;322;650;10444856252;S
20240523;100800;322;80;10444856408;S
20240523;100800;322;10;10444856409;S
20240523;100800;322;300;10444856410;S
20240523;100800;322;10;10444856411;S
20240523;100800;322;30;10444856412;S
20240523;100800;322;20;10444856413;S
20240523;100800;322;50;10444856414;S
20240523;100800;322;10;10444856415;S
20240523;100800;322;870;10444856416;S
20240523;100800;322;50;10444856466;B
20240523;100800;322;50;10444856561;B
20240523;100801;321.99;10;10444856688;S
20240523;100801;321.99;30;10444856689;S
20240523;100801;321.99;10;10444856690;S
20240523;100801;321.99;10;10444856691;S
20240523;100801;321.99;10;10444856692;S
20240523;100801;321.99;10;10444856693;S
20240523;100801;321.99;10;10444856694;S
20240523;100801;321.99;10;10444856695;S
20240523;100801;321.98;330;10444856696;S
20240523;100801;321.98;100;10444856705;S
20240523;100801;321.97;20;10444856706;S
20240523;100801;321.97;20;10444856707;S
20240523;100801;321.96;50;10444856708;S
20240523;100801;321.95;100;10444856709;S
20240523;100801;321.95;10;10444856710;S
20240523;100801;321.94;30;10444856711;S
20240523;100801;321.91;1000;10444856712;S
20240523;100801;321.91;300;10444856713;S
20240523;100801;321.9;50;10444856714;S
20240523;100801;321.9;10;10444856715;S
20240523;100801;321.89;300;10444856716;S
20240523;100801;321.89;40;10444856717;S
20240523;100801;321.89;30;10444856718;S
20240523;100801;321.89;630;10444856719;B
20240523;100801;321.89;260;10444856720;B
20240523;100801;321.89;500;10444856721;B
20240523;100801;321.89;1000;10444856722;B
20240523;100801;321.89;500;10444856723;B
20240523;100801;321.9;940;10444856724;B
20240523;100801;321.9;1000;10444856725;B
20240523;100801;321.9;500;10444856726;B
20240523;100801;321.9;1000;10444856727;B
20240523;100801;321.9;930;10444856728;B
20240523;100801;321.9;100;10444856729;B
20240523;100801;321.9;640;10444856730;B
