<DATE>;<TIME>;<LAST>;<VOL>;<ID>;<OPER>
20240510;095944;311.5;10;10319417930;S
20240510;095944;311.5;10;10319417931;S
20240510;095944;311.5;50;10319417932;S
20240510;095944;311.5;40;10319417933;S
20240510;095944;311.5;110;10319417934;S
20240510;095944;311.5;80;10319417935;S
20240510;095944;311.5;20;10319417936;S
20240510;095944;311.5;4500;10319417937;S
20240510;095944;311.5;30;10319417938;B
20240510;095944;311.5;30;10319417939;B
20240510;095944;311.5;20;10319417940;B
20240510;095944;311.5;10;10319417941;B
20240510;095944;311.5;10;10319417942;B
20240510;095944;311.5;70;10319417943;B
20240510;095944;311.5;20;10319417944;S
20240510;095944;311.5;10;10319417945;B
20240510;095944;311.5;1770;10319417946;B
20240510;095944;311.5;10;10319417947;B
20240510;095944;311.5;530;10319417948;B
20240510;095944;311.5;20;10319417949;B
20240510;095944;311.5;10;10319417950;B
20240510;095944;311.5;10;10319417951;B
20240510;095944;311.5;10;10319417952;S
20240510;095944;311.5;10;10319417953;B
20240510;095944;311.5;10;10319417954;B
20240510;095944;311.5;10;10319417955;B
20240510;095944;311.5;10;10319417956;B
20240510;095944;311.5;10;10319417957;B
20240510;095944;311.5;10;10319417958;B
20240510;095944;311.5;10;10319417959;B
20240510;095944;311.5;10;10319417960;B
20240510;095944;311.5;10;10319417961;B
20240510;095944;311.5;2640;10319417962;B
20240510;095944;311.5;30;10319417963;B
20240510;095944;311.5;100;10319417964;B
20240510;095944;311.5;60;10319417965;B
20240510;095944;311.5;10;10319417966;B
20240510;095944;311.5;10;10319417967;B
20240510;095944;311.5;100;10319417968;B
20240510;095944;311.5;10;10319417969;B
20240510;095944;311.5;2690;10319417970;B
20240510;095944;311.5;10;10319417971;B
20240510;095944;311.5;150;10319417972;B
20240510;095944;311.5;10;10319417973;B
20240510;095944;311.5;10;10319417974;B
20240510;095944;311.5;10;10319417975;B
20240510;095944;311.5;10;10319417976;B
20240510;095944;311.5;160;10319417977;B
20240510;095944;311.5;10;10319417978;B
20240510;095944;311.5;1940;10319417979;B
20240510;095944;311.5;280;10319417980;B
20240510;095944;311.5;120;10319417981;B
20240510;095944;311.5;50;10319417982;B
20240510;095944;311.5;30;10319417983;B
20240510;095944;311.5;10;10319417984;B
20240510;095944;311.5;10;10319417985;B
20240510;095944;311.5;10;10319417986;B
20240510;095944;311.5;10;10319417987;B
20240510;095944;311.5;10;10319417988;B
20240510;095944;311.5;2330;10319417989;B
20240510;095944;311.5;20;10319417990;B
20240510;095944;311.5;40;10319417991;B
20240510;095944;311.5;30;10319417992;B
20240510;095944;311.5;50;10319417993;B
20240510;095944;311.5;20;10319417994;B
20240510;095944;311.5;30;10319417995;B
20240510;095944;311.5;20;10319417996;B
20240510;095944;311.5;10;10319417997;B
20240510;095944;311.5;20;10319417998;B
20240510;095944;311.5;30;10319417999;B
20240510;095944;311.5;60;10319418000;B
20240510;095944;311.5;40;10319418001;B
20240510;095944;311.5;20;10319418002;B
20240510;095944;311.5;10;10319418003;B
20240510;095944;311.5;10;10319418004;B
20240510;095944;311.5;60;10319418005;B
20240510;095944;311.5;40;10319418006;B
20240510;095944;311.5;20;10319418007;B
20240510;095944;311.5;20;10319418008;B
20240510;095944;311.5;10;10319418009;B
20240510;095944;311.5;1180;10319418010;B
20240510;095944;311.5;90;10319418011;B
20240510;095944;311.5;10;10319418012;B
20240510;095944;311.5;10;10319418013;B
20240510;095944;311.5;30;10319418014;S
20240510;095944;311.5;590;10319418015;S
20240510;095944;311.5;30;10319418016;S
20240510;095944;311.5;10;10319418017;B
20240510;095944;311.5;10;10319418018;B
20240510;095944;311.5;60;10319418019;B
20240510;095944;311.5;50;10319418020;B
20240510;095944;311.5;20;10319418021;B
20240510;095944;311.5;10;10319418022;S
20240510;095944;311.5;1170;10319418023;B
20240510;095944;311.5;10;10319418024;B
20240510;095944;311.5;50;10319418025;B
20240510;095944;311.5;110;10319418026;B
20240510;095944;311.5;10;10319418027;B
20240510;095944;311.5;10;10319418028;B
20240510;095944;311.5;140;10319418029;B
20240510;095944;311.5;100;10319418030;B
20240510;095944;311.5;70;10319418031;B
20240510;095944;311.5;10;10319418032;B
20240510;095944;311.5;10;10319418033;B
20240510;095944;311.5;10;10319418034;B
20240510;095944;311.5;100;10319418035;B
20240510;095944;311.5;890;10319418036;B
20240510;095944;311.5;110;10319418037;B
20240510;095944;311.5;890;10319418038;B
20240510;095944;311.5;300;10319418039;B
20240510;095944;311.5;3860;10319418040;B
20240510;095944;311.5;1000;10319418041;B
20240510;095944;311.5;140;10319418042;B
20240510;095944;311.5;10;10319418043;B
20240510;095944;311.5;10000;10319418044;B
20240510;100000;311.49;400;10319420747;S
20240510;100000;311.49;130;10319420748;S
20240510;100000;311.49;460;10319420822;S
20240510;100000;311.48;500;10319421060;B
20240510;100000;311.42;10;10319421069;S
20240510;100000;311.42;980;10319421092;B
20240510;100000;311.41;190;10319421151;B
20240510;100000;311.4;10;10319421269;S
20240510;100000;311.41;1000;10319421276;B
20240510;100000;311.4;4990;10319421288;S
20240510;100000;311.32;410;10319421289;S
20240510;100000;311.32;340;10319421296;S
20240510;100000;311.32;210;10319421297;S
20240510;100000;311.32;190;10319421299;S
20240510;100000;311.32;460;10319421300;S
20240510;100000;311.32;860;10319421301;S
20240510;100000;311.32;490;10319421302;S
20240510;100000;311.32;1510;10319421307;S
20240510;100000;311.32;400;10319421308;B
20240510;100000;311.32;90;10319421310;B
20240510;100000;311.32;10;10319421311;B
20240510;100000;311.32;800;10319421312;B
20240510;100000;311.32;1100;10319421313;B
20240510;100000;311.32;90;10319421314;B
20240510;100000;311.32;10;10319421315;B
20240510;100000;311.32;800;10319421316;B
20240510;100000;311.32;1100;10319421317;B
20240510;100000;311.31;10;10319421318;S
20240510;100000;311.31;260;10319421319;S
20240510;100000;311.31;970;10319421320;S
20240510;100000;311.31;400;10319421321;S
20240510;100000;311.31;260;10319421322;S
20240510;100000;311.32;90;10319421323;B
20240510;100000;311.32;10;10319421324;B
20240510;100000;311.32;1090;10319421325;B
20240510;100000;311.32;100;10319421326;S
20240510;100000;311.35;400;10319421344;S
20240510;100000;311.35;460;10319421345;S
20240510;100000;311.35;2000;10319421346;S
20240510;100000;311.34;1450;10319421347;S
20240510;100000;311.34;460;10319421348;S
20240510;100000;311.33;460;10319421349;S
20240510;100000;311.32;170;10319421350;S
20240510;100001;311.49;10;10319421528;B
20240510;100001;311.49;100;10319421859;B
20240510;100001;311.43;10;10319421946;S
20240510;100001;311.47;10;10319422091;B
20240510;100001;311.49;400;10319422202;B
20240510;100001;311.49;450;10319422203;B
20240510;100001;311.49;410;10319422204;B
20240510;100001;311.49;100;10319422205;B
20240510;100002;311.36;460;10319422628;S
20240510;100002;311.36;860;10319422629;S
20240510;100002;311.33;70;10319422676;S
20240510;100002;311.36;350;10319422762;B
20240510;100002;311.36;10;10319423218;B
20240510;100002;311.36;10;10319423273;B
20240510;100003;311.35;400;10319423482;S
20240510;100003;311.35;460;10319423483;S
20240510;100003;311.35;330;10319423484;S
20240510;100003;311.34;410;10319423485;S
20240510;100003;311.34;80;10319423493;S
20240510;100003;311.36;310;10319423529;B
20240510;100003;311.36;130;10319423530;B
20240510;100003;311.36;70;10319423568;B
20240510;100003;311.45;400;10319423569;B
20240510;100003;311.45;1250;10319423570;B
20240510;100003;311.45;1250;10319423571;B
20240510;100003;311.45;1250;10319423572;B
20240510;100003;311.45;1250;10319423573;B
20240510;100003;311.46;2900;10319423574;B
20240510;100003;311.46;860;10319423575;B
20240510;100003;311.48;770;10319423576;B
20240510;100003;311.36;400;10319423577;S
20240510;100003;311.36;200;10319423578;S
20240510;100003;311.36;400;10319423579;S
20240510;100003;311.36;200;10319423580;S
20240510;100003;311.36;400;10319423587;S
20240510;100003;311.36;200;10319423588;S
20240510;100003;311.42;10;10319423589;B
20240510;100003;311.45;400;10319423590;B
20240510;100003;311.48;180;10319423591;B
20240510;100003;311.38;460;10319423594;S
20240510;100004;311.38;160;10319423795;B
20240510;100004;311.37;20;10319423931;S
20240510;100004;311.37;200;10319424899;S
20240510;100005;311.38;30;10319425398;B
20240510;100005;311.38;10;10319425403;B
20240510;100005;311.37;30;10319425410;S
20240510;100005;311.38;10;10319425415;B
20240510;100005;311.38;10;10319425423;B
20240510;100005;311.38;10;10319425446;B
20240510;100005;311.37;200;10319425499;S
20240510;100005;311.38;10;10319425766;B
20240510;100005;311.37;10;10319425778;S
20240510;100005;311.38;10;10319425781;B
20240510;100005;311.38;10;10319425784;B
20240510;100005;311.37;20;10319425790;S
20240510;100005;311.38;10;10319425807;B
20240510;100005;311.38;10;10319425812;B
20240510;100005;311.37;10;10319425888;S
20240510;100005;311.38;10;10319425986;B
20240510;100005;311.37;210;10319425987;S
20240510;100005;311.38;10;10319426005;B
20240510;100005;311.38;10;10319426011;B
20240510;100005;311.38;330;10319426019;B
20240510;100005;311.38;10;10319426034;B
20240510;100005;311.38;20;10319426043;B
20240510;100005;311.37;100;10319426056;S
20240510;100005;311.38;20;10319426086;B
20240510;100005;311.38;10;10319426093;B
20240510;100005;311.38;240;10319426104;B
20240510;100005;311.49;310;10319426105;B
20240510;100005;311.49;10;10319426233;B
20240510;100005;311.49;10;10319426236;B
20240510;100005;311.49;10;10319426238;B
20240510;100005;311.47;10;10319426239;S
20240510;100005;311.49;10;10319426246;B
20240510;100005;311.48;60;10319426252;B
20240510;100005;311.47;10;10319426254;B
20240510;100005;311.49;50;10319426325;B
20240510;100005;311.49;10;10319426332;B
20240510;100005;311.47;70;10319426335;S
20240510;100005;311.49;10;10319426336;B
20240510;100005;311.49;10;10319426341;B
20240510;100005;311.49;10;10319426482;B
20240510;100005;311.49;10;10319426709;B
20240510;100005;311.46;860;10319426729;S
20240510;100005;311.46;460;10319426730;S
20240510;100005;311.45;1250;10319426773;B
20240510;100005;311.45;150;10319426774;B
20240510;100005;311.44;200;10319426777;S
20240510;100005;311.44;260;10319426787;S
20240510;100005;311.44;420;10319426788;S
20240510;100005;311.44;550;10319426793;S
20240510;100005;311.44;460;10319426794;S
20240510;100005;311.44;460;10319426812;B
20240510;100005;311.43;80;10319427045;S
20240510;100005;311.43;20;10319427142;S
20240510;100005;311.44;10;10319427144;B
20240510;100005;311.44;330;10319427152;B
20240510;100005;311.44;10;10319427154;B
20240510;100005;311.44;10;10319427160;B
20240510;100005;311.44;10;10319427161;B
20240510;100005;311.44;10;10319427164;B
20240510;100005;311.44;10;10319427169;B
20240510;100005;311.44;140;10319427172;B
20240510;100005;311.44;1690;10319427173;B
20240510;100005;311.44;10;10319427380;B
20240510;100005;311.43;10;10319427381;S
20240510;100005;311.44;10;10319427382;B
20240510;100005;311.44;30;10319427383;B
20240510;100005;311.44;260;10319427385;B
20240510;100005;311.44;1440;10319427386;B
20240510;100006;311.43;350;10319427507;S
20240510;100006;311.43;210;10319427508;S
20240510;100006;311.44;30;10319427519;B
20240510;100006;311.43;10;10319427590;S
20240510;100006;311.44;170;10319427848;B
20240510;100006;311.44;200;10319427849;B
20240510;100006;311.49;1250;10319427850;B
20240510;100006;311.49;1250;10319427851;B
20240510;100006;311.49;1250;10319427852;B
20240510;100006;311.49;880;10319427853;B
20240510;100006;311.49;370;10319427876;B
20240510;100006;311.49;1250;10319427877;B
20240510;100006;311.49;1250;10319427878;B
20240510;100006;311.49;1250;10319427879;B
20240510;100006;311.49;400;10319427880;B
20240510;100006;311.5;15480;10319427881;B
20240510;100006;311.49;10;10319428042;B
20240510;100006;311.49;20;10319428047;B
20240510;100006;311.49;10;10319428051;B
20240510;100006;311.49;350;10319428060;B
20240510;100006;311.47;30;10319428062;S
20240510;100006;311.49;250;10319428070;B
20240510;100006;311.47;10;10319428104;S
20240510;100006;311.47;200;10319428111;S
20240510;100006;311.49;10;10319428120;B
20240510;100006;311.49;10;10319428125;B
20240510;100006;311.49;10;10319428129;B
20240510;100006;311.49;10;10319428144;B
20240510;100006;311.49;10;10319428151;B
20240510;100006;311.49;10;10319428159;B
20240510;100006;311.47;10;10319428163;S
20240510;100006;311.47;210;10319428314;S
20240510;100006;311.46;970;10319428315;S
20240510;100006;311.46;420;10319428316;S
20240510;100006;311.47;460;10319428319;S
20240510;100006;311.46;860;10319428341;S
20240510;100006;311.46;460;10319428342;S
20240510;100006;311.46;380;10319428343;S
20240510;100006;311.47;460;10319428346;S
20240510;100006;311.46;590;10319428347;S
20240510;100006;311.46;460;10319428349;B
20240510;100006;311.44;460;10319428374;S
20240510;100006;311.44;140;10319428375;S
20240510;100006;311.43;10;10319428486;S
20240510;100006;311.44;20;10319428497;B
20240510;100006;311.44;60;10319428503;B
20240510;100006;311.44;10;10319428509;B
20240510;100006;311.44;10;10319428520;B
20240510;100006;311.44;10;10319428529;B
20240510;100006;311.44;10;10319429056;B
20240510;100006;311.44;10;10319429059;B
20240510;100006;311.44;10;10319429060;B
20240510;100006;311.44;10;10319429067;B
20240510;100006;311.43;30;10319429069;S
20240510;100006;311.44;10;10319429297;B
20240510;100006;311.44;10;10319429298;B
20240510;100006;311.43;10;10319429303;S
20240510;100006;311.44;10;10319429305;B
20240510;100006;311.43;30;10319429307;S
20240510;100006;311.44;10;10319429310;B
20240510;100007;311.43;10;10319429650;S
20240510;100007;311.43;370;10319429651;S
20240510;100007;311.43;400;10319429652;S
20240510;100007;311.43;1040;10319429653;S
20240510;100007;311.43;30;10319429660;S
20240510;100007;311.47;110;10319429661;B
20240510;100007;311.44;460;10319429665;S
20240510;100007;311.41;10;10319429666;S
20240510;100007;311.43;10;10319429671;B
20240510;100007;311.43;10;10319429673;B
20240510;100007;311.43;200;10319429677;B
20240510;100007;311.43;10;10319430159;B
20240510;100007;311.43;10;10319430161;B
20240510;100007;311.42;10;10319430343;S
20240510;100007;311.43;10;10319430348;B
20240510;100007;311.43;10;10319430352;B
20240510;100007;311.43;10;10319430534;B
20240510;100007;311.43;100;10319430535;B
20240510;100007;311.43;30;10319430538;B
20240510;100007;311.43;10;10319430547;B
20240510;100007;311.43;30;10319430549;B
20240510;100007;311.43;10;10319430550;B
20240510;100007;311.43;90;10319430552;B
20240510;100007;311.48;10;10319430553;B
20240510;100007;311.48;10;10319430554;B
20240510;100007;311.49;390;10319430555;B
20240510;100007;311.49;10;10319430557;B
20240510;100007;311.49;10;10319430559;B
20240510;100007;311.48;10;10319430565;S
20240510;100007;311.49;10;10319430569;B
20240510;100007;311.49;10;10319430575;B
20240510;100007;311.49;30;10319430577;B
20240510;100007;311.46;400;10319430579;S
20240510;100007;311.47;10;10319430580;B
20240510;100007;311.47;10;10319430582;B
20240510;100007;311.46;400;10319430583;S
20240510;100007;311.49;10;10319430584;B
20240510;100007;311.46;1180;10319430586;S
20240510;100007;311.47;460;10319430588;S
20240510;100007;311.46;460;10319430589;S
20240510;100007;311.45;280;10319430590;S
20240510;100007;311.49;80;10319430597;B
20240510;100007;311.49;70;10319430598;B
20240510;100007;311.49;10;10319430603;B
20240510;100007;311.47;10;10319431083;S
20240510;100007;311.49;60;10319431193;B
20240510;100007;311.47;10;10319431237;S
20240510;100007;311.49;10;10319431268;B
20240510;100007;311.47;10;10319431270;S
20240510;100007;311.49;10;10319431276;B
20240510;100007;311.49;40;10319431279;B
20240510;100007;311.49;10;10319431281;B
20240510;100008;311.49;20;10319431283;B
20240510;100008;311.49;10;10319431286;B
20240510;100008;311.47;200;10319431287;S
20240510;100008;311.49;10;10319431289;B
20240510;100008;311.49;40;10319431291;B
20240510;100008;311.49;10;10319431292;B
20240510;100008;311.49;10;10319431301;B
20240510;100008;311.49;10;10319431302;B
20240510;100008;311.49;50;10319431339;B
20240510;100008;311.49;10;10319431440;B
20240510;100008;311.49;10;10319431441;B
20240510;100008;311.47;10;10319431900;S
20240510;100008;311.47;30;10319431970;S
20240510;100008;311.48;10;10319432154;B
20240510;100008;311.48;10;10319432155;B
20240510;100008;311.48;10;10319432156;B
20240510;100008;311.47;10;10319432157;S
20240510;100008;311.48;10;10319432158;B
20240510;100008;311.47;180;10319432159;S
20240510;100008;311.47;200;10319432160;S
20240510;100008;311.46;460;10319432161;S
20240510;100008;311.45;460;10319432162;S
20240510;100008;311.44;460;10319432163;S
20240510;100008;311.43;460;10319432164;S
20240510;100008;311.42;460;10319432165;S
20240510;100008;311.41;320;10319432166;S
20240510;100008;311.47;200;10319432294;B
20240510;100009;311.47;400;10319432443;B
20240510;100009;311.47;400;10319432444;B
20240510;100009;311.48;460;10319432445;B
20240510;100009;311.48;740;10319432446;B
20240510;100009;311.43;200;10319432449;S
20240510;100009;311.43;460;10319432485;S
20240510;100009;311.43;400;10319432486;S
20240510;100009;311.43;140;10319432487;B
20240510;100009;311.43;100;10319432488;S
20240510;100010;311.43;10;10319432570;S
20240510;100010;311.43;40;10319432573;S
20240510;100010;311.43;100;10319432574;S
20240510;100010;311.43;100;10319432575;S
20240510;100010;311.43;100;10319432576;S
20240510;100010;311.43;100;10319432577;S
20240510;100010;311.48;140;10319432599;B
20240510;100010;311.48;30;10319432601;B
20240510;100010;311.43;460;10319432607;S
20240510;100010;311.43;1040;10319432609;S
20240510;100010;311.42;460;10319432610;S
20240510;100010;311.42;400;10319432611;B
20240510;100010;311.42;240;10319432612;B
20240510;100010;311.49;10;10319432614;B
20240510;100010;311.49;10;10319432617;B
20240510;100010;311.49;10;10319432657;B
20240510;100010;311.49;20;10319432683;B
20240510;100010;311.49;10;10319432699;B
20240510;100010;311.49;10;10319432700;B
20240510;100010;311.45;600;10319432741;S
20240510;100010;311.45;330;10319432744;S
20240510;100010;311.44;400;10319432745;B
20240510;100010;311.44;1000;10319432748;B
20240510;100010;311.44;1000;10319432749;S
20240510;100010;311.43;170;10319432750;B
20240510;100010;311.42;400;10319432752;S
20240510;100010;311.41;460;10319432753;S
20240510;100010;311.41;140;10319432754;S
20240510;100010;311.42;330;10319432755;S
20240510;100010;311.42;460;10319432756;S
20240510;100010;311.42;110;10319432757;B
20240510;100010;311.46;10;10319432803;B
20240510;100010;311.46;30;10319432833;B
20240510;100010;311.46;60;10319432843;B
20240510;100010;311.49;210;10319432844;B
20240510;100010;311.49;80;10319432878;B
20240510;100010;311.49;240;10319432887;B
20240510;100011;311.49;10;10319432943;B
20240510;100011;311.45;70;10319432953;S
20240510;100011;311.49;10;10319433029;B
20240510;100011;311.49;630;10319433065;B
20240510;100011;311.49;400;10319433066;B
20240510;100011;311.49;380;10319433067;B
20240510;100011;311.49;230;10319433070;B
20240510;100011;311.45;100;10319433083;S
20240510;100011;311.44;10;10319433118;S
20240510;100011;311.49;130;10319433130;B
20240510;100011;311.49;110;10319433161;B
20240510;100011;311.49;10;10319433194;B
20240510;100011;311.49;70;10319433220;B
20240510;100011;311.49;10;10319433224;B
20240510;100011;311.49;400;10319433292;B
20240510;100011;311.5;40;10319433293;B
20240510;100011;311.47;510;10319433294;S
20240510;100011;311.49;400;10319433319;B
20240510;100012;311.47;330;10319433352;S
20240510;100012;311.47;270;10319433353;S
20240510;100012;311.49;10;10319433365;B
20240510;100012;311.5;8330;10319433380;B
20240510;100012;311.5;800;10319433381;B
20240510;100012;311.5;10;10319433382;B
20240510;100012;311.5;60;10319433383;B
20240510;100012;311.5;4600;10319433384;B
20240510;100012;311.5;500;10319433385;B
20240510;100012;311.5;400;10319433386;B
20240510;100012;311.51;1500;10319433387;B
20240510;100012;311.52;460;10319433388;B
20240510;100012;311.53;20;10319433389;B
20240510;100012;311.53;460;10319433390;B
20240510;100012;311.54;460;10319433391;B
20240510;100012;311.54;2000;10319433392;S
20240510;100012;311.55;370;10319433393;S
20240510;100012;311.55;400;10319433394;S
20240510;100012;311.54;1230;10319433395;S
20240510;100012;311.54;2000;10319433396;S
20240510;100012;311.55;400;10319433397;S
20240510;100012;311.54;1600;10319433398;S
20240510;100012;311.56;970;10319433399;S
20240510;100012;311.55;870;10319433400;S
20240510;100012;311.54;160;10319433401;S
20240510;100012;311.54;410;10319433402;S
20240510;100012;311.54;400;10319433403;S
20240510;100012;311.5;400;10319433404;S
20240510;100012;311.46;460;10319433406;S
20240510;100012;311.46;860;10319433407;S
20240510;100012;311.46;280;10319433408;S
20240510;100012;311.47;330;10319433409;S
20240510;100012;311.46;120;10319433410;S
20240510;100012;311.46;460;10319433411;B
20240510;100012;311.46;280;10319433412;B
20240510;100012;311.48;180;10319433413;S
20240510;100012;311.47;460;10319433414;S
20240510;100012;311.46;870;10319433415;S
20240510;100012;311.46;460;10319433416;B
20240510;100012;311.46;30;10319433417;B
20240510;100012;311.47;400;10319433418;S
20240510;100012;311.46;430;10319433419;S
20240510;100012;311.46;100;10319433421;B
20240510;100012;311.46;400;10319433431;B
20240510;100012;311.46;670;10319433482;B
20240510;100012;311.46;330;10319433483;B
20240510;100013;311.46;400;10319433516;S
20240510;100013;311.46;460;10319433517;S
20240510;100013;311.45;330;10319433518;S
20240510;100013;311.45;460;10319433519;S
20240510;100013;311.45;20;10319433520;S
20240510;100013;311.49;10;10319433612;S
20240510;100013;311.49;20;10319433650;S
20240510;100014;311.51;40;10319433755;B
20240510;100014;311.55;240;10319433756;B
20240510;100014;311.55;10;10319433757;B
20240510;100014;311.55;10;10319433758;B
20240510;100014;311.58;460;10319433779;B
20240510;100014;311.58;80;10319433780;B
20240510;100014;311.58;100;10319433783;B
20240510;100014;311.58;220;10319433784;B
20240510;100014;311.58;460;10319433785;B
20240510;100014;311.58;220;10319433786;S
20240510;100014;311.5;860;10319433787;S
20240510;100014;311.5;400;10319433788;B
20240510;100014;311.49;870;10319433789;S
20240510;100014;311.49;970;10319433790;S
20240510;100014;311.47;970;10319433793;S
20240510;100014;311.46;460;10319433794;S
20240510;100014;311.46;330;10319433795;S
20240510;100014;311.46;20;10319433796;S
20240510;100014;311.48;740;10319433797;S
20240510;100014;311.48;130;10319433798;S
20240510;100014;311.47;30;10319433799;S
20240510;100014;311.47;970;10319433800;S
20240510;100014;311.48;400;10319433801;S
20240510;100014;311.47;500;10319433802;S
20240510;100014;311.47;130;10319433803;S
20240510;100014;311.58;10;10319433834;B
20240510;100015;311.54;400;10319433892;S
20240510;100015;311.54;1600;10319433956;B
20240510;100015;311.57;2000;10319433957;B
20240510;100015;311.58;400;10319433958;B
20240510;100015;311.59;10;10319433959;B
20240510;100015;311.59;100;10319433960;B
20240510;100015;311.59;100;10319433961;B
20240510;100015;311.59;10;10319433962;B
20240510;100015;311.59;460;10319433963;B
20240510;100015;311.6;10;10319433964;B
20240510;100015;311.6;1000;10319433965;B
20240510;100015;311.6;460;10319433966;B
20240510;100015;311.61;2010;10319433967;B
20240510;100015;311.61;1500;10319433968;B
20240510;100015;311.61;460;10319433969;B
20240510;100015;311.61;2000;10319433970;B
20240510;100015;311.62;460;10319433971;B
20240510;100015;311.63;460;10319433972;B
20240510;100015;311.64;30;10319433973;B
20240510;100015;311.55;970;10319433978;S
20240510;100015;311.55;400;10319433979;S
20240510;100015;311.55;630;10319433981;B
20240510;100015;311.55;2000;10319433982;B
20240510;100015;311.59;400;10319433983;B
20240510;100015;311.64;430;10319433984;B
20240510;100015;311.65;10;10319433985;B
20240510;100015;311.65;530;10319433986;B
20240510;100015;311.56;970;10319433989;S
20240510;100015;311.55;460;10319433990;S
20240510;100015;311.55;440;10319433991;S
20240510;100015;311.55;970;10319433992;S
20240510;100015;311.55;60;10319433993;S
20240510;100015;311.64;400;10319434012;B
20240510;100015;311.65;600;10319434013;B
20240510;100015;311.57;970;10319434014;S
20240510;100015;311.55;10;10319434016;S
20240510;100015;311.56;100;10319434018;B
20240510;100015;311.56;340;10319434022;B
20240510;100015;311.56;590;10319434045;B
20240510;100015;311.63;260;10319434046;B
20240510;100015;311.63;140;10319434047;B
20240510;100015;311.65;370;10319434048;B
20240510;100015;311.58;670;10319434049;S
20240510;100015;311.57;10;10319434052;B
20240510;100015;311.57;350;10319434076;B
20240510;100015;311.58;80;10319434079;B
20240510;100015;311.58;1000;10319434084;B
20240510;100016;311.58;100;10319434109;B
20240510;100016;311.58;150;10319434122;B
20240510;100016;311.58;140;10319434123;B
20240510;100016;311.58;20;10319434140;B
20240510;100016;311.58;10;10319434160;B
20240510;100016;311.54;100;10319434177;S
20240510;100016;311.54;870;10319434178;S
20240510;100016;311.54;100;10319434188;B
20240510;100016;311.54;70;10319434189;B
20240510;100017;311.53;200;10319434312;S
20240510;100017;311.53;40;10319434404;B
20240510;100017;311.52;100;10319434460;S
20240510;100018;311.52;360;10319434502;S
20240510;100018;311.52;90;10319434503;S
20240510;100019;311.59;20;10319434734;B
20240510;100019;311.59;380;10319434737;B
20240510;100019;311.59;420;10319434738;B
20240510;100019;311.59;200;10319434766;B
20240510;100019;311.59;240;10319434857;B
20240510;100019;311.59;400;10319434858;B
20240510;100019;311.6;60;10319434859;B
20240510;100019;311.6;470;10319434860;B
20240510;100019;311.6;2130;10319434861;B
20240510;100019;311.59;100;10319434883;B
20240510;100020;311.59;300;10319434961;B
20240510;100020;311.59;860;10319434962;B
20240510;100020;311.6;1840;10319434963;B
20240510;100020;311.59;40;10319435063;B
20240510;100021;311.59;40;10319435139;B
20240510;100021;311.59;220;10319435175;B
20240510;100021;311.59;40;10319435195;B
20240510;100021;311.59;60;10319435253;B
20240510;100021;311.6;60;10319435254;B
20240510;100021;311.59;40;10319435256;B
20240510;100021;311.59;40;10319435270;B
20240510;100021;311.59;40;10319435311;B
20240510;100021;311.58;10;10319435314;S
20240510;100022;311.59;40;10319435333;B
20240510;100022;311.57;200;10319435353;S
20240510;100022;311.55;620;10319435355;S
20240510;100022;311.53;380;10319435356;S
20240510;100022;311.53;490;10319435357;S
20240510;100022;311.53;10;10319435381;B
20240510;100022;311.6;30;10319435382;B
20240510;100022;311.59;40;10319435425;B
20240510;100022;311.59;40;10319435431;B
20240510;100022;311.59;40;10319435464;B
20240510;100022;311.59;280;10319435486;B
20240510;100022;311.6;7520;10319435487;B
20240510;100022;311.6;40;10319435497;B
20240510;100022;311.59;10;10319435498;B
20240510;100022;311.6;28390;10319435499;B
20240510;100022;311.6;400;10319435500;B
20240510;100022;311.62;460;10319435501;B
20240510;100022;311.63;460;10319435502;B
20240510;100022;311.64;460;10319435503;B
20240510;100022;311.65;6400;10319435504;B
20240510;100022;311.65;460;10319435505;B
20240510;100022;311.66;460;10319435506;B
20240510;100022;311.66;2000;10319435507;B
20240510;100022;311.67;460;10319435508;B
20240510;100022;311.67;20;10319435509;B
20240510;100022;311.68;10;10319435510;B
20240510;100022;311.68;10;10319435511;B
20240510;100022;311.59;400;10319435512;S
20240510;100022;311.59;860;10319435513;S
20240510;100022;311.59;460;10319435514;S
20240510;100022;311.58;280;10319435515;S
20240510;100022;311.59;400;10319435516;S
20240510;100022;311.59;460;10319435517;S
20240510;100022;311.58;460;10319435518;S
20240510;100022;311.58;680;10319435520;B
20240510;100022;311.58;2000;10319435521;B
20240510;100022;311.68;460;10319435522;B
20240510;100022;311.68;400;10319435523;B
20240510;100022;311.69;10;10319435524;B
20240510;100022;311.69;460;10319435525;B
20240510;100022;311.7;10;10319435526;B
20240510;100022;311.7;460;10319435527;B
20240510;100022;311.7;860;10319435528;B
20240510;100022;311.71;1500;10319435529;B
20240510;100022;311.71;460;10319435530;B
20240510;100022;311.72;50;10319435531;B
20240510;100022;311.72;460;10319435532;B
20240510;100022;311.73;500;10319435533;B
20240510;100022;311.73;460;10319435534;B
20240510;100022;311.74;460;10319435535;B
20240510;100022;311.74;2000;10319435536;B
20240510;100022;311.75;10;10319435537;B
20240510;100022;311.75;460;10319435538;B
20240510;100022;311.76;2000;10319435539;B
20240510;100022;311.76;460;10319435540;B
20240510;100022;311.77;10;10319435541;B
20240510;100022;311.77;1830;10319435542;B
20240510;100022;311.61;400;10319435543;S
20240510;100022;311.61;460;10319435544;S
20240510;100022;311.6;620;10319435545;S
20240510;100022;311.6;460;10319435546;S
20240510;100022;311.6;60;10319435547;B
20240510;100022;311.61;800;10319435548;S
20240510;100022;311.6;400;10319435549;B
20240510;100022;311.6;460;10319435550;B
20240510;100022;311.59;100;10319435560;S
20240510;100022;311.6;340;10319435564;B
20240510;100022;311.6;2000;10319435565;B
20240510;100022;311.6;2000;10319435566;B
20240510;100022;311.61;2000;10319435567;B
20240510;100022;311.63;400;10319435568;B
20240510;100022;311.71;860;10319435569;B
20240510;100022;311.74;1070;10319435570;B
20240510;100022;311.74;460;10319435571;B
20240510;100022;311.75;460;10319435572;B
20240510;100022;311.75;5000;10319435573;B
20240510;100022;311.76;460;10319435574;B
20240510;100022;311.76;2000;10319435575;B
20240510;100022;311.77;1170;10319435576;B
20240510;100022;311.77;460;10319435577;B
20240510;100022;311.77;620;10319435578;B
20240510;100022;311.78;10;10319435579;B
20240510;100022;311.78;690;10319435580;B
20240510;100022;311.61;400;10319435581;S
20240510;100022;311.61;460;10319435582;S
20240510;100022;311.61;860;10319435583;S
20240510;100022;311.61;280;10319435585;S
20240510;100022;311.6;460;10319435586;S
20240510;100022;311.59;460;10319435587;S
20240510;100022;311.59;330;10319435588;S
20240510;100022;311.59;400;10319435589;B
20240510;100022;311.59;100;10319435590;S
20240510;100022;311.6;350;10319435591;S
20240510;100022;311.64;400;10319435592;S
20240510;100022;311.64;200;10319435593;S
20240510;100022;311.6;110;10319435594;S
20240510;100022;311.6;400;10319435595;S
20240510;100022;311.59;460;10319435596;S
20240510;100022;311.59;130;10319435597;S
20240510;100022;311.77;240;10319435598;B
20240510;100022;311.77;150;10319435599;B
20240510;100023;311.77;70;10319435636;B
20240510;100023;311.77;280;10319435637;B
20240510;100023;311.66;10;10319435708;S
20240510;100023;311.77;1720;10319435711;B
20240510;100023;311.77;780;10319435712;B
20240510;100023;311.77;30;10319435713;B
20240510;100023;311.68;100;10319435730;S
20240510;100023;311.68;770;10319435747;S
20240510;100023;311.68;400;10319435748;S
20240510;100023;311.66;460;10319435749;S
20240510;100023;311.65;460;10319435750;S
20240510;100023;311.64;460;10319435751;S
20240510;100023;311.63;460;10319435752;S
20240510;100023;311.63;240;10319435753;S
20240510;100023;311.69;10;10319435761;B
20240510;100023;311.73;30;10319435762;B
20240510;100023;311.65;400;10319435763;S
20240510;100023;311.64;870;10319435764;S
20240510;100023;311.64;330;10319435765;S
20240510;100023;311.63;460;10319435766;S
20240510;100023;311.62;440;10319435767;S
20240510;100023;311.64;400;10319435796;S
20240510;100023;311.63;330;10319435797;S
20240510;100023;311.63;1770;10319435798;S
20240510;100023;311.74;40;10319435801;B
20240510;100023;311.74;30;10319435803;B
20240510;100024;311.74;200;10319435927;B
20240510;100024;311.77;20;10319435950;B
20240510;100024;311.69;100;10319436080;B
20240510;100025;311.7;10;10319436265;B
20240510;100025;311.7;90;10319436266;B
20240510;100025;311.63;20;10319436291;S
20240510;100026;311.65;50;10319436410;B
20240510;100026;311.62;20;10319436419;S
20240510;100026;311.61;30;10319436420;S
20240510;100027;311.62;100;10319436522;S
20240510;100027;311.65;100;10319436544;B
20240510;100027;311.65;250;10319436545;B
20240510;100027;311.65;150;10319436546;B
20240510;100027;311.61;10;10319436611;S
20240510;100028;311.61;420;10319436752;S
20240510;100028;311.61;1000;10319436753;S
20240510;100028;311.6;460;10319436754;S
20240510;100028;311.59;460;10319436755;S
20240510;100028;311.58;460;10319436756;S
20240510;100028;311.57;460;10319436757;S
20240510;100028;311.56;460;10319436758;S
20240510;100028;311.56;400;10319436759;S
20240510;100028;311.55;460;10319436760;S
20240510;100028;311.54;460;10319436761;S
20240510;100028;311.54;620;10319436762;S
20240510;100028;311.54;2000;10319436763;S
20240510;100028;311.54;860;10319436764;S
20240510;100028;311.53;80;10319436765;S
20240510;100028;311.54;460;10319436773;S
20240510;100028;311.53;460;10319436774;S
20240510;100028;311.52;460;10319436775;S
20240510;100028;311.52;100;10319436777;B
20240510;100029;311.53;400;10319436864;S
20240510;100029;311.53;400;10319436865;S
20240510;100029;311.57;20;10319436915;B
20240510;100029;311.52;40;10319436926;S
20240510;100029;311.6;150;10319437002;B
20240510;100030;311.55;300;10319437117;B
20240510;100030;311.53;400;10319437144;S
20240510;100030;311.6;10;10319437297;B
20240510;100030;311.53;460;10319437318;S
20240510;100030;311.53;460;10319437319;S
20240510;100031;311.54;500;10319437352;S
20240510;100032;311.58;970;10319437563;B
20240510;100032;311.58;400;10319437564;B
20240510;100032;311.59;630;10319437565;S
20240510;100032;311.53;400;10319437567;S
20240510;100032;311.52;60;10319437568;S
20240510;100032;311.52;10;10319437569;S
20240510;100032;311.52;100;10319437570;S
20240510;100033;311.59;10;10319437790;B
20240510;100033;311.59;100;10319437816;B
20240510;100033;311.53;10;10319437834;S
20240510;100033;311.6;400;10319438010;B
20240510;100033;311.61;870;10319438011;B
20240510;100033;311.61;330;10319438012;B
20240510;100033;311.61;970;10319438013;B
20240510;100033;311.62;460;10319438014;B
20240510;100033;311.63;460;10319438015;B
20240510;100033;311.64;460;10319438016;B
20240510;100033;311.65;460;10319438017;B
20240510;100033;311.66;460;10319438018;B
20240510;100033;311.67;130;10319438019;B
20240510;100034;311.68;400;10319438223;B
20240510;100034;311.68;460;10319438224;B
20240510;100034;311.68;860;10319438225;B
20240510;100034;311.69;240;10319438226;B
20240510;100034;311.69;460;10319438227;B
20240510;100034;311.7;460;10319438228;B
20240510;100034;311.71;120;10319438229;B
20240510;100035;311.64;100;10319438490;S
20240510;100035;311.69;40;10319438510;S
20240510;100035;311.64;400;10319438511;S
20240510;100035;311.61;970;10319438531;S
20240510;100035;311.61;90;10319438532;B
20240510;100036;311.69;40;10319438549;S
20240510;100036;311.63;360;10319438550;S
20240510;100036;311.62;510;10319438570;S
20240510;100036;311.7;40;10319438573;B
20240510;100036;311.7;40;10319438594;B
20240510;100036;311.7;40;10319438622;B
20240510;100036;311.7;40;10319438670;B
20240510;100037;311.7;300;10319438749;B
20240510;100037;311.71;340;10319438750;B
20240510;100037;311.71;10;10319438751;B
20240510;100037;311.72;460;10319438752;B
20240510;100037;311.72;10;10319438753;B
20240510;100037;311.73;460;10319438754;B
20240510;100037;311.73;400;10319438755;B
20240510;100037;311.74;460;10319438756;B
20240510;100037;311.75;460;10319438757;B
20240510;100037;311.76;40;10319438758;B
20240510;100037;311.76;460;10319438759;B
20240510;100037;311.77;460;10319438760;B
20240510;100037;311.77;1770;10319438761;B
20240510;100037;311.78;2310;10319438762;B
20240510;100037;311.78;200;10319438763;B
20240510;100037;311.78;460;10319438764;B
20240510;100037;311.78;400;10319438765;B
20240510;100037;311.7;300;10319438768;S
20240510;100038;311.7;40;10319438929;B
20240510;100038;311.65;160;10319438935;S
20240510;100038;311.77;400;10319438937;B
20240510;100038;311.78;60;10319438938;B
20240510;100038;311.74;40;10319438939;B
20240510;100038;311.74;40;10319438963;B
20240510;100038;311.63;460;10319439086;S
20240510;100038;311.62;490;10319439087;S
20240510;100038;311.62;50;10319439088;S
20240510;100038;311.71;40;10319439099;B
20240510;100038;311.71;40;10319439113;B
20240510;100038;311.71;20;10319439128;B
20240510;100038;311.72;40;10319439146;B
20240510;100039;311.65;100;10319439166;S
20240510;100039;311.73;40;10319439307;S
20240510;100039;311.69;40;10319439308;S
20240510;100039;311.63;460;10319439309;S
20240510;100039;311.63;400;10319439310;S
20240510;100039;311.63;40;10319439347;B
20240510;100039;311.63;40;10319439372;B
20240510;100040;311.62;450;10319439437;S
20240510;100040;311.62;460;10319439438;S
20240510;100040;311.62;70;10319439441;B
20240510;100040;311.7;40;10319439445;B
20240510;100040;311.7;40;10319439473;B
20240510;100040;311.7;310;10319439474;B
20240510;100040;311.74;40;10319439495;S
20240510;100040;311.65;970;10319439496;S
20240510;100040;311.64;460;10319439497;S
20240510;100040;311.63;130;10319439498;S
20240510;100040;311.59;460;10319439499;S
20240510;100040;311.59;110;10319439500;S
20240510;100040;311.58;460;10319439502;S
20240510;100040;311.58;400;10319439503;S
20240510;100040;311.58;860;10319439504;B
20240510;100040;311.55;460;10319439505;S
20240510;100040;311.55;400;10319439506;S
20240510;100040;311.54;280;10319439507;S
20240510;100040;311.55;40;10319439557;B
20240510;100040;311.55;40;10319439595;B
20240510;100040;311.55;40;10319439618;B
20240510;100041;311.54;180;10319439643;S
20240510;100041;311.54;860;10319439644;S
20240510;100041;311.54;330;10319439645;S
20240510;100041;311.55;400;10319439646;S
20240510;100041;311.55;170;10319439656;S
20240510;100041;311.57;10;10319439700;B
20240510;100041;311.57;40;10319439722;B
20240510;100041;311.57;10;10319439727;B
20240510;100041;311.57;40;10319439761;B
20240510;100041;311.57;40;10319439791;B
20240510;100041;311.55;40;10319439827;S
20240510;100041;311.56;40;10319439835;B
20240510;100041;311.56;40;10319439873;B
20240510;100042;311.55;250;10319439881;S
20240510;100042;311.55;40;10319439912;B
20240510;100042;311.55;40;10319439925;B
20240510;100042;311.55;40;10319439952;B
20240510;100042;311.55;40;10319439970;B
20240510;100042;311.55;40;10319439987;B
20240510;100043;311.55;400;10319439996;S
20240510;100043;311.55;360;10319439997;S
20240510;100043;311.55;100;10319440003;S
20240510;100043;311.56;40;10319440011;B
20240510;100043;311.56;40;10319440038;B
20240510;100043;311.57;40;10319440077;B
20240510;100043;311.57;40;10319440103;B
20240510;100043;311.57;10;10319440105;B
20240510;100043;311.57;40;10319440124;B
20240510;100044;311.57;40;10319440158;B
20240510;100044;311.57;40;10319440171;B
20240510;100044;311.57;40;10319440226;B
20240510;100044;311.57;10;10319440247;B
20240510;100044;311.57;40;10319440259;B
20240510;100044;311.57;40;10319440267;B
20240510;100045;311.57;40;10319440281;B
20240510;100045;311.57;10;10319440317;B
20240510;100045;311.57;40;10319440323;B
20240510;100045;311.57;40;10319440326;B
20240510;100045;311.59;170;10319440327;S
20240510;100045;311.58;2000;10319440328;S
20240510;100045;311.57;460;10319440329;S
20240510;100045;311.57;2000;10319440332;S
20240510;100045;311.57;2000;10319440347;S
20240510;100045;311.57;2000;10319440348;S
20240510;100045;311.6;10;10319440377;B
20240510;100045;311.62;30;10319440378;B
20240510;100045;311.63;40;10319440427;B
20240510;100045;311.63;40;10319440454;B
20240510;100046;311.63;320;10319440475;B
20240510;100046;311.64;150;10319440476;B
20240510;100046;311.67;40;10319440479;S
20240510;100046;311.6;560;10319440480;S
20240510;100046;311.57;20;10319440491;S
20240510;100046;311.64;40;10319440505;B
20240510;100046;311.64;40;10319440543;B
20240510;100046;311.64;40;10319440580;B
20240510;100046;311.64;40;10319440603;B
20240510;100046;311.59;100;10319440614;S
20240510;100046;311.7;460;10319440628;B
20240510;100046;311.7;790;10319440629;B
20240510;100047;311.7;40;10319440673;B
20240510;100047;311.7;40;10319440699;B
20240510;100047;311.7;30;10319440706;B
20240510;100047;311.7;40;10319440711;B
20240510;100047;311.7;40;10319440741;B
20240510;100048;311.7;40;10319440765;B
20240510;100048;311.7;40;10319440783;B
20240510;100048;311.7;40;10319440814;B
20240510;100048;311.7;40;10319440848;B
20240510;100048;311.7;40;10319440865;B
20240510;100049;311.7;10;10319440905;B
20240510;100049;311.7;30;10319440906;B
20240510;100049;311.69;10;10319440909;S
20240510;100049;311.7;10;10319440924;B
20240510;100049;311.7;40;10319440928;B
20240510;100049;311.7;40;10319440969;B
20240510;100049;311.7;40;10319441001;B
20240510;100049;311.7;40;10319441028;B
20240510;100050;311.7;40;10319441051;B
20240510;100050;311.7;40;10319441110;B
20240510;100050;311.7;40;10319441150;B
20240510;100050;311.7;40;10319441189;B
20240510;100050;311.7;40;10319441225;B
20240510;100051;311.7;40;10319441290;B
20240510;100051;311.7;40;10319441300;B
20240510;100051;311.7;280;10319441301;B
20240510;100051;311.71;460;10319441302;B
20240510;100051;311.71;630;10319441303;B
20240510;100051;311.7;40;10319441344;B
20240510;100051;311.69;30;10319441375;S
20240510;100051;311.68;40;10319441376;S
20240510;100051;311.62;30;10319441377;S
20240510;100051;311.7;40;10319441388;B
20240510;100051;311.62;720;10319441462;S
20240510;100051;311.7;40;10319441471;B
20240510;100052;311.7;40;10319441550;B
20240510;100052;311.62;870;10319441551;S
20240510;100052;311.61;460;10319441552;S
20240510;100052;311.6;160;10319441553;S
20240510;100052;311.61;80;10319441558;S
20240510;100052;311.7;240;10319441574;B
20240510;100052;311.7;260;10319441575;B
20240510;100052;311.7;40;10319441580;B
20240510;100052;311.7;10;10319441581;B
20240510;100052;311.7;40;10319441602;B
20240510;100052;311.7;40;10319441625;B
20240510;100052;311.7;170;10319441626;B
20240510;100052;311.7;40;10319441667;B
20240510;100053;311.7;40;10319441692;B
20240510;100053;311.7;10;10319441709;B
20240510;100053;311.7;40;10319441711;B
20240510;100053;311.7;40;10319441737;B
20240510;100053;311.7;10;10319441764;B
20240510;100053;311.68;10;10319441771;S
20240510;100053;311.7;10;10319441781;B
20240510;100053;311.71;30;10319441782;B
20240510;100053;311.68;490;10319441797;S
20240510;100053;311.63;20;10319441798;S
20240510;100053;311.7;40;10319441809;B
20240510;100054;311.7;40;10319441832;B
20240510;100054;311.7;40;10319441891;B
20240510;100054;311.7;40;10319441927;B
20240510;100054;311.7;40;10319441961;B
20240510;100054;311.7;40;10319441978;B
20240510;100055;311.7;40;10319441998;B
20240510;100055;311.7;40;10319442111;B
20240510;100055;311.71;40;10319442162;B
20240510;100055;311.71;40;10319442185;B
20240510;100055;311.71;40;10319442197;B
20240510;100056;311.71;40;10319442223;B
20240510;100056;311.71;1000;10319442231;B
20240510;100056;311.7;40;10319442241;B
20240510;100056;311.71;5670;10319442243;B
20240510;100056;311.75;40;10319442330;B
20240510;100056;311.75;40;10319442374;B
20240510;100056;311.75;40;10319442394;B
20240510;100057;311.75;340;10319442411;B
20240510;100057;311.76;10;10319442412;B
20240510;100057;311.76;460;10319442413;B
20240510;100057;311.76;210;10319442414;B
20240510;100057;311.76;40;10319442419;S
20240510;100057;311.68;400;10319442422;S
20240510;100057;311.67;870;10319442423;S
20240510;100057;311.67;10;10319442456;B
20240510;100057;311.67;40;10319442458;B
20240510;100057;311.67;40;10319442492;B
20240510;100057;311.66;100;10319442493;S
20240510;100057;311.67;40;10319442524;B
20240510;100058;311.66;400;10319442563;S
20240510;100058;311.66;160;10319442564;S
20240510;100058;311.67;710;10319442566;S
20240510;100058;311.66;40;10319442573;B
20240510;100058;311.66;40;10319442614;B
20240510;100058;311.66;1210;10319442615;B
20240510;100058;311.66;2000;10319442616;B
20240510;100058;311.66;1790;10319442617;B
20240510;100058;311.66;40;10319442645;B
20240510;100058;311.66;40;10319442671;B
20240510;100058;311.66;40;10319442709;B
20240510;100058;311.64;40;10319442712;S
20240510;100059;311.64;90;10319442713;S
20240510;100059;311.75;40;10319442735;S
20240510;100059;311.66;100;10319442736;S
20240510;100059;311.66;400;10319442737;B
20240510;100059;311.66;40;10319442797;B
20240510;100059;311.66;40;10319442834;B
20240510;100059;311.66;40;10319442901;B
20240510;100059;311.66;40;10319442933;B
20240510;100100;311.64;330;10319442938;S
20240510;100100;311.64;400;10319442939;S
20240510;100100;311.64;400;10319442940;B
20240510;100100;311.64;170;10319442941;B
20240510;100100;311.64;290;10319442942;S
20240510;100100;311.64;60;10319442960;B
20240510;100100;311.64;40;10319442961;B
20240510;100100;311.64;40;10319443093;B
20240510;100100;311.64;40;10319443126;B
20240510;100100;311.64;10;10319443167;B
20240510;100100;311.64;40;10319443180;B
20240510;100101;311.63;460;10319443245;S
20240510;100101;311.63;510;10319443246;S
20240510;100101;311.63;510;10319443247;S
20240510;100101;311.73;40;10319443248;B
20240510;100101;311.73;40;10319443291;B
20240510;100101;311.64;100;10319443335;S
20240510;100101;311.73;40;10319443347;B
20240510;100101;311.73;10;10319443348;B
20240510;100101;311.73;40;10319443382;B
20240510;100101;311.65;10;10319443413;S
20240510;100101;311.73;40;10319443425;B
20240510;100101;311.66;60;10319443531;S
20240510;100102;311.73;400;10319443540;B
20240510;100102;311.74;460;10319443541;B
20240510;100102;311.74;50;10319443542;B
20240510;100102;311.75;230;10319443543;B
20240510;100102;311.72;40;10319443564;B
20240510;100102;311.72;10;10319443601;B
20240510;100102;311.75;30;10319443602;B
20240510;100102;311.66;1000;10319443616;S
20240510;100102;311.78;10;10319443618;B
20240510;100102;311.75;40;10319443665;S
20240510;100102;311.65;460;10319443666;S
20240510;100102;311.65;400;10319443667;B
20240510;100102;311.65;40;10319443701;B
20240510;100102;311.65;40;10319443746;B
20240510;100102;311.65;50;10319443753;B
20240510;100103;311.64;460;10319443788;S
20240510;100103;311.64;1000;10319443789;S
20240510;100103;311.64;10;10319443790;S
20240510;100103;311.64;400;10319443791;S
20240510;100103;311.64;40;10319443796;B
20240510;100103;311.64;50;10319443797;B
20240510;100103;311.64;90;10319443798;B
20240510;100103;311.64;40;10319443805;B
20240510;100103;311.64;710;10319443806;B
20240510;100103;311.64;170;10319443807;B
20240510;100103;311.74;450;10319443808;B
20240510;100103;311.74;10;10319443810;B
20240510;100103;311.74;50;10319443811;B
20240510;100103;311.74;40;10319443873;B
20240510;100103;311.74;40;10319443943;B
20240510;100103;311.74;40;10319443984;B
20240510;100103;311.74;30;10319444001;B
20240510;100103;311.74;40;10319444038;B
20240510;100104;311.74;40;10319444056;B
20240510;100104;311.73;40;10319444093;S
20240510;100104;311.65;50;10319444101;S
20240510;100104;311.65;50;10319444102;S
20240510;100104;311.66;40;10319444131;B
20240510;100104;311.66;10;10319444143;B
20240510;100104;311.66;40;10319444175;B
20240510;100104;311.66;40;10319444208;B
20240510;100105;311.64;30;10319444211;S
20240510;100105;311.71;40;10319444249;B
20240510;100105;311.71;20;10319444267;B
20240510;100105;311.72;40;10319444290;B
20240510;100105;311.63;10;10319444306;S
20240510;100105;311.63;390;10319444307;S
20240510;100105;311.74;40;10319444332;B
20240510;100105;311.63;70;10319444343;S
20240510;100105;311.62;320;10319444344;S
20240510;100105;311.71;10;10319444356;B
20240510;100105;311.71;30;10319444357;B
20240510;100105;311.74;320;10319444388;B
20240510;100105;311.74;40;10319444390;B
20240510;100106;311.74;40;10319444426;B
20240510;100106;311.66;40;10319444458;B
20240510;100106;311.66;40;10319444471;B
20240510;100106;311.66;250;10319444488;B
20240510;100106;311.66;40;10319444489;B
20240510;100106;311.66;40;10319444543;B
20240510;100107;311.66;40;10319444595;B
20240510;100107;311.66;40;10319444673;B
20240510;100107;311.66;10;10319444716;B
20240510;100107;311.66;40;10319444718;B
20240510;100107;311.66;40;10319444785;B
20240510;100107;311.66;40;10319444856;B
20240510;100108;311.66;40;10319444888;B
20240510;100108;311.66;40;10319444912;B
20240510;100108;311.64;100;10319444928;S
20240510;100108;311.66;30;10319444932;B
20240510;100108;311.66;40;10319444937;B
20240510;100108;311.66;40;10319444983;B
20240510;100108;311.66;40;10319445016;B
20240510;100109;311.66;750;10319445030;B
20240510;100109;311.7;250;10319445031;B
20240510;100109;311.74;10;10319445035;B
20240510;100109;311.74;10;10319445057;B
20240510;100109;311.74;30;10319445058;B
20240510;100109;311.74;100;10319445063;B
20240510;100109;311.74;270;10319445064;B
20240510;100109;311.74;30;10319445065;B
20240510;100109;311.74;100;10319445066;B
20240510;100109;311.74;40;10319445089;B
20240510;100109;311.74;40;10319445126;B
20240510;100109;311.7;200;10319445132;S
20240510;100109;311.74;40;10319445190;B
20240510;100109;311.74;40;10319445235;B
20240510;100110;311.74;40;10319445264;B
20240510;100110;311.74;40;10319445317;B
20240510;100110;311.71;20;10319445323;S
20240510;100110;311.74;340;10319445338;B
20240510;100110;311.74;400;10319445339;B
20240510;100110;311.75;260;10319445340;B
20240510;100110;311.74;40;10319445345;B
20240510;100110;311.74;40;10319445365;B
20240510;100110;311.74;320;10319445374;B
20240510;100110;311.74;460;10319445375;B
20240510;100110;311.75;200;10319445376;B
20240510;100110;311.75;20;10319445377;B
20240510;100110;311.74;40;10319445403;B
20240510;100110;311.74;360;10319445411;B
20240510;100110;311.74;460;10319445412;B
20240510;100110;311.75;180;10319445413;B
20240510;100111;311.74;40;10319445456;B
20240510;100111;311.74;40;10319445641;B
20240510;100111;311.74;40;10319445694;B
20240510;100111;311.74;40;10319445724;B
20240510;100111;311.74;10;10319445739;B
20240510;100111;311.74;40;10319445742;B
20240510;100112;311.74;40;10319445815;B
20240510;100112;311.74;40;10319445876;B
20240510;100112;311.71;80;10319445907;S
20240510;100112;311.7;430;10319445908;S
20240510;100112;311.7;370;10319445921;S
20240510;100112;311.65;40;10319445925;B
20240510;100112;311.65;40;10319445968;B
20240510;100112;311.65;40;10319446007;B
20240510;100113;311.63;460;10319446076;S
20240510;100113;311.63;400;10319446077;S
20240510;100113;311.63;10;10319446084;B
20240510;100113;311.63;40;10319446095;B
20240510;100113;311.63;40;10319446147;B
20240510;100113;311.63;40;10319446196;B
20240510;100113;311.62;100;10319446226;S
20240510;100113;311.63;20;10319446235;B
20240510;100113;311.69;860;10319446236;B
20240510;100113;311.71;400;10319446237;S
20240510;100113;311.71;850;10319446282;S
20240510;100113;311.71;750;10319446283;S
20240510;100114;311.75;930;10319446322;B
20240510;100114;311.73;40;10319446360;S
20240510;100114;311.73;10;10319446364;B
20240510;100114;311.73;40;10319446394;B
20240510;100114;311.73;40;10319446417;B
20240510;100114;311.73;10;10319446437;B
20240510;100115;311.73;40;10319446442;B
20240510;100115;311.73;40;10319446454;B
20240510;100115;311.73;40;10319446485;B
20240510;100115;311.73;40;10319446537;B
20240510;100115;311.75;100;10319446563;B
20240510;100115;311.75;40;10319446565;B
20240510;100115;311.75;10;10319446589;B
20240510;100116;311.75;40;10319446591;B
20240510;100116;311.75;40;10319446627;B
20240510;100116;311.75;100;10319446640;B
20240510;100116;311.75;40;10319446650;B
20240510;100116;311.75;40;10319446700;B
20240510;100116;311.75;100;10319446701;B
20240510;100116;311.75;100;10319446711;B
20240510;100116;311.75;350;10319446730;B
20240510;100116;311.75;40;10319446735;B
20240510;100117;311.75;100;10319446781;B
20240510;100117;311.75;40;10319446783;B
20240510;100117;311.75;40;10319446819;B
20240510;100117;311.75;100;10319446824;B
20240510;100117;311.75;40;10319446855;B
20240510;100117;311.75;100;10319446858;B
20240510;100117;311.75;40;10319446875;B
20240510;100117;311.75;100;10319446887;B
20240510;100117;311.75;10;10319446888;B
20240510;100117;311.75;40;10319446908;B
20240510;100118;311.75;100;10319446932;B
20240510;100118;311.75;40;10319446941;B
20240510;100118;311.73;10;10319446955;S
20240510;100118;311.75;40;10319446968;B
20240510;100118;311.75;40;10319447038;B
20240510;100118;311.75;40;10319447055;B
20240510;100118;311.75;40;10319447112;B
20240510;100119;311.75;40;10319447136;B
20240510;100119;311.75;20;10319447190;B
20240510;100119;311.75;20;10319447191;B
20240510;100119;311.75;40;10319447247;B
20240510;100119;311.72;100;10319447271;S
20240510;100119;311.75;40;10319447292;B
20240510;100119;311.72;20;10319447297;S
20240510;100120;311.75;30;10319447361;B
20240510;100120;311.75;10;10319447372;B
20240510;100121;311.72;100;10319447463;S
20240510;100121;311.74;40;10319447535;S
20240510;100122;311.73;1000;10319447669;S
20240510;100122;311.72;280;10319447670;S
20240510;100122;311.72;50;10319447696;B
20240510;100122;311.72;20;10319447734;B
20240510;100123;311.71;10;10319447906;S
20240510;100124;311.72;90;10319447957;B
20240510;100124;311.71;10;10319448032;S
20240510;100124;311.72;40;10319448045;B
20240510;100124;311.72;20;10319448064;B
20240510;100124;311.74;20;10319448065;B
20240510;100124;311.74;10;10319448066;B
20240510;100124;311.74;40;10319448094;B
20240510;100124;311.74;390;10319448103;B
20240510;100124;311.75;220;10319448104;B
20240510;100124;311.75;40;10319448122;B
20240510;100124;311.72;10;10319448167;B
20240510;100124;311.75;30;10319448168;B
20240510;100125;311.74;40;10319448186;B
20240510;100125;311.74;820;10319448193;B
20240510;100125;311.75;180;10319448194;B
20240510;100125;311.75;40;10319448231;B
20240510;100125;311.75;40;10319448257;B
20240510;100125;311.75;30;10319448290;B
20240510;100125;311.75;40;10319448307;B
20240510;100125;311.75;40;10319448332;B
20240510;100126;311.75;40;10319448365;B
20240510;100126;311.75;40;10319448381;B
20240510;100126;311.75;40;10319448395;B
20240510;100126;311.75;40;10319448420;B
20240510;100126;311.75;40;10319448453;B
20240510;100127;311.75;10;10319448463;B
20240510;100127;311.75;40;10319448474;B
20240510;100127;311.75;40;10319448505;B
20240510;100127;311.75;40;10319448566;B
20240510;100127;311.75;40;10319448590;B
20240510;100127;311.75;40;10319448624;B
20240510;100128;311.75;40;10319448665;B
20240510;100128;311.75;40;10319448690;B
20240510;100128;311.75;40;10319448700;B
20240510;100128;311.75;40;10319448727;B
20240510;100129;311.75;10;10319448769;B
20240510;100129;311.75;40;10319448799;B
20240510;100129;311.75;40;10319448815;B
20240510;100129;311.75;3460;10319448817;B
20240510;100129;311.77;460;10319448818;B
20240510;100129;311.78;450;10319448819;B
20240510;100129;311.79;10;10319448820;B
20240510;100129;311.79;10;10319448821;B
20240510;100129;311.79;2000;10319448822;B
20240510;100129;311.79;460;10319448823;B
20240510;100129;311.79;4690;10319448824;B
20240510;100129;311.79;20;10319448825;B
20240510;100129;311.79;100;10319448826;B
20240510;100129;311.79;400;10319448827;B
20240510;100129;311.8;30000;10319448828;B
20240510;100129;311.8;10;10319448829;B
20240510;100129;311.8;10;10319448830;B
20240510;100129;311.8;460;10319448831;B
20240510;100129;311.8;860;10319448832;B
20240510;100129;311.81;500;10319448833;B
20240510;100129;311.81;1060;10319448834;B
20240510;100129;311.81;460;10319448835;B
20240510;100129;311.82;100;10319448836;B
20240510;100129;311.82;100;10319448837;B
20240510;100129;311.82;700;10319448838;B
20240510;100129;311.82;460;10319448839;B
20240510;100129;311.83;100;10319448840;B
20240510;100129;311.83;100;10319448841;B
20240510;100129;311.83;460;10319448842;B
20240510;100129;311.83;10;10319448843;B
20240510;100129;311.84;8000;10319448844;B
20240510;100129;311.84;460;10319448845;B
20240510;100129;311.84;10;10319448846;B
20240510;100129;311.85;460;10319448847;B
20240510;100129;311.85;30;10319448848;B
20240510;100129;311.85;2000;10319448849;B
20240510;100129;311.86;10;10319448850;B
20240510;100129;311.86;1000;10319448851;B
20240510;100129;311.86;460;10319448852;B
20240510;100129;311.86;8000;10319448853;B
20240510;100129;311.86;620;10319448854;B
20240510;100129;311.86;10;10319448855;B
20240510;100129;311.87;60;10319448856;B
20240510;100129;311.87;100;10319448857;B
20240510;100129;311.87;20;10319448858;B
20240510;100129;311.87;2000;10319448859;B
20240510;100129;311.87;2000;10319448860;S
20240510;100129;311.87;1000;10319448861;S
20240510;100129;311.87;2000;10319448862;S
20240510;100129;311.87;1000;10319448863;S
20240510;100129;311.88;20;10319448864;B
20240510;100129;311.88;10;10319448865;B
20240510;100129;311.88;70;10319448866;B
20240510;100129;311.87;2000;10319448867;S
20240510;100129;311.87;1000;10319448868;S
20240510;100129;311.87;310;10319448869;S
20240510;100129;311.77;460;10319448875;S
20240510;100129;311.77;540;10319448876;S
20240510;100129;311.77;1460;10319448877;S
20240510;100129;311.77;400;10319448878;S
20240510;100129;311.77;140;10319448879;S
20240510;100129;311.77;1000;10319448880;S
20240510;100129;311.77;860;10319448881;S
20240510;100129;311.77;860;10319448882;S
20240510;100129;311.77;280;10319448883;S
20240510;100129;311.77;180;10319448884;S
20240510;100129;311.77;400;10319448885;S
20240510;100129;311.77;420;10319448886;S
20240510;100129;311.77;1580;10319448887;S
20240510;100129;311.77;420;10319448888;S
20240510;100129;311.77;1000;10319448889;S
20240510;100129;311.77;580;10319448890;S
20240510;100129;311.77;400;10319448891;S
20240510;100129;311.77;460;10319448892;S
20240510;100129;311.77;250;10319448893;S
20240510;100129;311.77;1000;10319448894;S
20240510;100129;311.77;750;10319448895;S
20240510;100129;311.77;400;10319448896;S
20240510;100129;311.77;460;10319448897;S
20240510;100129;311.77;390;10319448898;S
20240510;100129;311.86;50;10319448903;B
20240510;100129;311.88;750;10319448924;B
20240510;100129;311.85;100;10319448940;B
20240510;100129;311.85;70;10319448942;B
20240510;100129;311.85;200;10319448943;B
20240510;100129;311.85;130;10319448944;B
20240510;100129;311.88;400;10319448945;B
20240510;100129;311.89;10;10319448946;B
20240510;100129;311.89;100;10319448947;B
20240510;100129;311.89;100;10319448948;B
20240510;100129;311.9;10;10319448949;B
20240510;100129;311.9;1000;10319448950;B
20240510;100129;311.9;10;10319448951;B
20240510;100129;311.9;500;10319448952;B
20240510;100129;311.9;10;10319448953;B
20240510;100129;311.9;1000;10319448954;B
20240510;100129;311.91;10;10319448955;B
20240510;100129;311.91;750;10319448956;B
20240510;100129;311.91;50;10319448957;B
20240510;100129;311.91;620;10319448958;B
20240510;100129;311.91;460;10319448959;B
20240510;100129;311.92;10;10319448960;B
20240510;100129;311.92;460;10319448961;B
20240510;100129;311.93;100;10319448962;B
20240510;100129;311.93;10;10319448963;B
20240510;100129;311.93;10;10319448964;B
20240510;100129;311.93;460;10319448965;B
20240510;100129;311.93;860;10319448966;B
20240510;100129;311.94;10;10319448967;B
20240510;100129;311.94;10;10319448968;B
20240510;100129;311.94;50;10319448969;B
20240510;100129;311.94;120;10319448970;B
20240510;100129;311.94;500;10319448971;B
20240510;100129;311.94;120;10319448972;B
20240510;100129;311.94;460;10319448973;B
20240510;100129;311.94;3000;10319448974;B
20240510;100129;311.95;1000;10319448975;B
20240510;100129;311.95;100;10319448976;B
20240510;100129;311.95;460;10319448977;B
20240510;100129;311.96;50;10319448978;B
20240510;100129;311.96;10;10319448979;B
20240510;100129;311.96;10;10319448980;B
20240510;100129;311.96;260;10319448981;B
20240510;100129;311.96;460;10319448982;B
20240510;100129;311.97;10;10319448983;B
20240510;100129;311.97;10;10319448984;B
20240510;100129;311.97;2000;10319448985;B
20240510;100129;311.97;460;10319448986;B
20240510;100129;311.98;20;10319448987;B
20240510;100129;311.98;10;10319448988;B
20240510;100129;311.98;20;10319448989;B
20240510;100129;311.98;50;10319448990;B
20240510;100129;311.98;10;10319448991;B
20240510;100129;311.98;10;10319448992;B
20240510;100129;311.98;200;10319448993;B
20240510;100129;311.98;460;10319448994;B
20240510;100129;311.99;10;10319448995;B
20240510;100129;311.99;100;10319448996;B
20240510;100129;311.99;10;10319448997;B
20240510;100129;311.99;50;10319448998;B
20240510;100129;311.99;20;10319448999;B
20240510;100129;311.99;50;10319449000;B
20240510;100129;311.99;40;10319449001;B
20240510;100129;311.99;100;10319449002;B
20240510;100129;311.99;100;10319449003;B
20240510;100129;311.99;330;10319449004;B
20240510;100129;311.99;300;10319449005;B
20240510;100129;311.99;10;10319449006;B
20240510;100129;311.99;2000;10319449007;B
20240510;100129;311.99;460;10319449008;B
20240510;100129;311.99;2000;10319449009;B
20240510;100129;312;1100;10319449010;B
20240510;100129;312;190;10319449011;B
20240510;100129;312;100;10319449012;B
20240510;100129;312;100;10319449013;B
20240510;100129;312;20;10319449014;B
20240510;100129;312;650;10319449015;B
20240510;100129;312;30;10319449016;B
20240510;100129;312;3000;10319449017;B
20240510;100129;312;20;10319449018;B
20240510;100129;312;10;10319449019;B
20240510;100129;312;10;10319449020;B
20240510;100129;312;180;10319449021;B
20240510;100129;312;10;10319449022;B
20240510;100129;312;10;10319449023;B
20240510;100129;312;20;10319449024;B
20240510;100129;312;10;10319449025;B
20240510;100129;312;2000;10319449026;B
20240510;100129;312;10;10319449027;B
20240510;100129;312;140;10319449028;B
20240510;100129;312;10;10319449029;B
20240510;100129;312;10;10319449030;B
20240510;100129;312;320;10319449031;B
20240510;100129;312;30;10319449032;B
20240510;100129;312;250;10319449033;B
20240510;100129;312;100;10319449034;B
20240510;100129;312;1110;10319449035;B
20240510;100129;312;10;10319449036;B
20240510;100129;312;110;10319449037;B
20240510;100129;312;20;10319449038;B
20240510;100129;312;200;10319449039;B
20240510;100129;312;70;10319449040;B
20240510;100129;312;100;10319449041;B
20240510;100129;312;340;10319449042;B
20240510;100129;312;100;10319449043;B
20240510;100129;312;10000;10319449044;B
20240510;100129;312;20;10319449045;B
20240510;100129;312;1000;10319449046;B
20240510;100129;312;10;10319449047;B
20240510;100129;312;2000;10319449048;B
20240510;100129;312;170;10319449049;B
20240510;100129;312;20;10319449050;B
20240510;100129;312;2000;10319449051;B
20240510;100129;312;10;10319449052;B
20240510;100129;312;10;10319449053;B
20240510;100129;312;10;10319449054;B
20240510;100129;312;1520;10319449055;B
20240510;100129;312;150;10319449056;B
20240510;100129;312;1500;10319449057;B
20240510;100129;312;100;10319449058;B
20240510;100129;312;2000;10319449059;B
20240510;100129;312;30;10319449060;B
20240510;100129;312;50;10319449061;B
20240510;100129;312;700;10319449062;B
20240510;100129;312;100;10319449063;B
20240510;100129;312;1500;10319449064;B
20240510;100129;312;44180;10319449065;B
20240510;100129;311.83;400;10319449069;S
20240510;100129;311.83;460;10319449070;S
20240510;100129;311.83;620;10319449071;S
20240510;100129;311.82;400;10319449072;B
20240510;100129;311.82;120;10319449073;B
20240510;100129;311.82;340;10319449074;S
20240510;100129;311.82;860;10319449075;S
20240510;100129;311.81;620;10319449076;S
20240510;100129;311.81;180;10319449077;S
20240510;100129;311.86;10;10319449079;B
20240510;100129;311.92;190;10319449080;B
20240510;100129;311.83;50;10319449081;S
20240510;100129;311.83;350;10319449082;S
20240510;100129;311.83;460;10319449083;S
20240510;100129;311.81;460;10319449085;S
20240510;100129;311.81;1940;10319449086;S
20240510;100129;311.82;50;10319449092;B
20240510;100129;311.83;300;10319449093;B
20240510;100129;311.83;20;10319449094;B
20240510;100129;311.83;870;10319449095;B
20240510;100129;311.88;400;10319449096;B
20240510;100129;311.94;860;10319449097;B
20240510;100129;311.94;50;10319449098;B
20240510;100129;311.95;460;10319449099;B
20240510;100129;311.96;360;10319449100;B
20240510;100129;311.96;400;10319449104;B
20240510;100129;311.97;1000;10319449105;B
20240510;100129;311.98;460;10319449106;B
20240510;100129;311.99;460;10319449107;B
20240510;100129;311.99;2680;10319449108;B
20240510;100129;311.98;420;10319449110;B
20240510;100129;311.98;40;10319449113;B
20240510;100129;311.86;10;10319449118;S
20240510;100129;311.98;360;10319449119;B
20240510;100129;311.99;20;10319449120;B
20240510;100129;311.99;460;10319449121;B
20240510;100129;312;2160;10319449122;B
20240510;100129;311.87;490;10319449123;S
20240510;100129;311.88;460;10319449124;S
20240510;100129;311.87;640;10319449125;S
20240510;100129;311.85;270;10319449126;S
20240510;100129;311.9;100;10319449127;B
20240510;100129;311.84;10;10319449128;S
20240510;100129;311.9;150;10319449130;B
20240510;100129;311.98;200;10319449131;B
20240510;100130;311.91;400;10319449132;S
20240510;100130;311.9;10;10319449133;S
20240510;100130;311.99;50;10319449140;B
20240510;100130;311.87;50;10319449141;S
20240510;100130;311.99;100;10319449142;B
20240510;100130;311.87;10;10319449145;S
20240510;100130;311.99;150;10319449152;B
20240510;100130;311.99;100;10319449158;B
20240510;100130;311.98;290;10319449161;B
20240510;100130;311.95;500;10319449162;S
20240510;100130;311.89;460;10319449163;S
20240510;100130;311.89;400;10319449164;S
20240510;100130;311.89;200;10319449171;B
20240510;100130;311.89;100;10319449185;B
20240510;100130;311.89;30;10319449186;B
20240510;100130;311.88;20;10319449188;S
20240510;100130;311.89;60;10319449190;B
20240510;100130;311.89;250;10319449192;B
20240510;100130;311.9;250;10319449193;B
20240510;100130;311.92;10;10319449195;B
20240510;100130;311.9;660;10319449197;S
20240510;100130;311.9;340;10319449198;S
20240510;100130;311.83;60;10319449207;S
20240510;100130;311.87;50;10319449208;B
20240510;100130;311.87;80;10319449209;B
20240510;100130;311.92;120;10319449210;B
20240510;100130;311.83;30;10319449213;S
20240510;100130;311.91;100;10319449216;B
20240510;100130;311.86;20;10319449221;B
20240510;100130;311.91;30;10319449222;B
20240510;100130;311.9;10;10319449225;B
20240510;100130;311.91;500;10319449226;B
20240510;100130;311.85;100;10319449234;S
20240510;100130;311.85;300;10319449235;S
20240510;100130;311.85;20;10319449236;S
20240510;100130;311.85;10;10319449238;S
20240510;100130;311.85;30;10319449239;S
20240510;100130;311.89;30;10319449246;B
20240510;100130;311.89;470;10319449247;B
20240510;100130;311.9;530;10319449248;B
20240510;100130;311.9;100;10319449249;B
20240510;100130;311.9;40;10319449250;B
20240510;100130;311.85;400;10319449253;S
20240510;100130;311.85;50;10319449254;S
20240510;100130;311.85;200;10319449256;S
20240510;100130;311.9;330;10319449257;B
20240510;100130;311.92;170;10319449258;B
20240510;100130;311.85;10;10319449259;S
20240510;100130;311.92;50;10319449263;B
20240510;100130;311.85;10;10319449265;S
20240510;100130;311.85;10;10319449266;S
20240510;100130;311.85;20;10319449267;S
20240510;100130;311.92;30;10319449271;B
20240510;100130;311.92;300;10319449277;B
20240510;100131;311.92;200;10319449303;B
20240510;100131;311.92;30;10319449309;B
20240510;100131;311.92;30;10319449322;B
20240510;100131;311.92;60;10319449337;B
20240510;100131;311.94;660;10319449338;B
20240510;100131;311.89;10;10319449342;S
20240510;100131;311.94;20;10319449349;B
20240510;100131;311.91;30;10319449356;S
20240510;100131;311.94;10;10319449371;B
20240510;100132;311.95;90;10319449512;B
20240510;100132;311.95;370;10319449525;B
20240510;100133;311.95;20;10319449573;B
20240510;100133;311.95;130;10319449575;B
20240510;100133;311.94;10;10319449623;S
20240510;100133;311.95;10;10319449697;B
20240510;100134;311.95;640;10319449742;B
20240510;100134;311.95;460;10319449854;B
20240510;100135;311.95;10;10319449908;B
20240510;100135;311.94;100;10319449918;S
20240510;100135;311.95;150;10319449968;B
20240510;100135;311.95;10;10319450027;B
20240510;100138;311.95;1110;10319450560;B
20240510;100138;311.95;10;10319450561;B
20240510;100138;311.95;50;10319450562;B
20240510;100138;311.95;50;10319450563;B
20240510;100138;311.95;50;10319450564;B
20240510;100138;311.95;50;10319450565;B
20240510;100138;311.95;90;10319450566;B
20240510;100139;311.95;10;10319450898;B
20240510;100139;311.95;1950;10319450904;B
20240510;100139;311.95;50;10319450905;B
20240510;100139;311.96;10;10319450906;B
20240510;100141;311.95;20;10319451298;S
20240510;100142;311.95;170;10319451456;S
20240510;100142;311.96;140;10319451471;B
20240510;100142;311.95;100;10319451480;S
20240510;100142;311.95;10;10319451564;S
20240510;100143;311.95;50;10319451697;S
20240510;100143;311.96;10;10319451714;B
20240510;100143;311.96;100;10319451828;B
20240510;100144;311.96;140;10319451931;B
20240510;100144;311.96;50;10319451932;B
20240510;100144;311.96;50;10319451933;B
20240510;100144;311.96;50;10319451934;B
20240510;100144;311.96;10;10319451935;B
20240510;100144;311.97;700;10319451936;B
20240510;100144;311.96;100;10319451948;S
20240510;100144;311.96;100;10319451987;S
20240510;100145;311.97;320;10319452004;B
20240510;100145;311.96;280;10319452025;S
20240510;100145;311.97;240;10319452181;B
20240510;100145;311.97;10;10319452192;B
20240510;100146;311.96;10;10319452213;S
20240510;100146;311.96;10;10319452321;S
20240510;100147;311.97;2000;10319452367;B
20240510;100147;311.96;100;10319452374;S
20240510;100147;311.96;500;10319452420;S
20240510;100147;311.96;10;10319452481;S
20240510;100148;311.97;10;10319452571;B
20240510;100148;311.97;100;10319452578;B
20240510;100148;311.97;130;10319452608;B
20240510;100148;311.97;20;10319452609;B
20240510;100148;311.97;1470;10319452632;B
20240510;100148;311.97;30;10319452633;B
20240510;100148;311.97;20;10319452634;B
20240510;100148;311.97;50;10319452635;B
20240510;100148;311.99;10;10319452643;B
20240510;100149;311.99;10;10319452663;B
20240510;100149;311.99;180;10319452699;B
20240510;100149;311.99;10;10319452700;B
20240510;100149;311.99;20;10319452701;B
20240510;100149;311.99;100;10319452702;B
20240510;100149;311.99;20;10319452703;B
20240510;100149;311.98;10;10319452723;S
20240510;100149;311.99;10;10319452737;B
20240510;100150;311.99;70;10319452840;B
20240510;100150;311.99;100;10319452841;B
20240510;100150;311.99;10;10319452842;B
20240510;100150;311.99;10;10319452843;B
20240510;100150;312;210;10319452844;B
20240510;100150;312;300;10319452860;B
20240510;100150;312;2200;10319452904;B
20240510;100150;312;3000;10319452963;B
20240510;100150;311.99;100;10319452973;S
20240510;100151;312;22250;10319453002;B
20240510;100151;312;2000;10319453004;B
20240510;100151;312;4000;10319453051;B
20240510;100151;312;600;10319453058;B
20240510;100151;312;500;10319453061;B
20240510;100151;312;20000;10319453089;B
20240510;100152;311.99;10;10319453091;S
20240510;100152;312;10;10319453110;B
20240510;100152;312;10;10319453113;B
20240510;100152;312;55180;10319453183;B
20240510;100152;312;60;10319453184;B
20240510;100152;312;10;10319453185;B
20240510;100152;312;80;10319453186;B
20240510;100152;312;20;10319453187;B
20240510;100152;312;10;10319453188;B
20240510;100152;312;10;10319453189;B
20240510;100152;312;10;10319453190;B
20240510;100152;312;40;10319453191;B
20240510;100152;312;20;10319453192;B
20240510;100152;312;120;10319453193;B
20240510;100152;312;10;10319453194;B
20240510;100152;312;100;10319453195;B
20240510;100152;312;90;10319453196;B
20240510;100152;312;190;10319453197;B
20240510;100152;312;20;10319453198;B
20240510;100152;312;2000;10319453199;B
20240510;100152;312;20;10319453200;B
20240510;100152;312;50;10319453201;B
20240510;100152;312;1000;10319453202;B
20240510;100152;312;20;10319453203;B
20240510;100152;312;30;10319453204;B
20240510;100152;312;10;10319453205;B
20240510;100152;312;10;10319453206;B
20240510;100152;312;400;10319453207;B
20240510;100152;312;110;10319453208;B
20240510;100152;312;240;10319453209;B
20240510;100152;312;200;10319453210;B
20240510;100152;312;10;10319453211;B
20240510;100152;312;10;10319453212;B
20240510;100152;312;10;10319453213;B
20240510;100152;312;20;10319453214;B
20240510;100152;312;30;10319453215;B
20240510;100152;312;60;10319453216;B
20240510;100152;312;1000;10319453217;B
20240510;100152;312;10;10319453218;B
20240510;100152;312;200;10319453219;B
20240510;100152;312;1750;10319453220;B
20240510;100152;312;50;10319453221;B
20240510;100152;312;40;10319453222;B
20240510;100152;312;20;10319453223;B
20240510;100152;312;70;10319453224;B
20240510;100152;312;10;10319453225;B
20240510;100152;312;10;10319453226;B
20240510;100152;312;10;10319453227;B
20240510;100152;312;20;10319453228;B
20240510;100152;312;100;10319453229;B
20240510;100152;312;20;10319453230;B
20240510;100152;312;1490;10319453231;B
20240510;100152;312;1240;10319453235;B
20240510;100152;311.99;250;10319453274;S
20240510;100152;312;1700;10319453306;B
20240510;100152;311.99;10;10319453307;S
20240510;100153;312;70;10319453321;B
20240510;100153;312;220;10319453335;B
20240510;100153;312;1500;10319453342;B
20240510;100153;312;2500;10319453351;B
20240510;100153;312;5170;10319453352;B
20240510;100153;312;9200;10319453353;B
20240510;100153;312.01;50;10319453364;B
20240510;100153;312.01;80;10319453370;B
20240510;100153;312.01;40;10319453380;B
20240510;100153;312.01;200;10319453386;B
20240510;100153;312.01;380;10319453390;B
20240510;100153;312.01;10;10319453391;B
20240510;100153;312.01;610;10319453392;B
20240510;100153;312.01;3000;10319453418;B
20240510;100153;312.01;10;10319453440;B
20240510;100153;312.01;450;10319453446;B
20240510;100153;312;30;10319453447;S
20240510;100154;312.01;50;10319453454;B
20240510;100154;312.01;490;10319453464;B
20240510;100154;312;20;10319453476;S
20240510;100154;312.01;370;10319453480;B
20240510;100154;312.01;1000;10319453484;B
20240510;100154;312;100;10319453521;S
20240510;100154;312.01;3000;10319453523;B
20240510;100154;312.01;10;10319453539;B
20240510;100154;312.01;50;10319453550;B
20240510;100155;312;10;10319453632;S
20240510;100155;312.01;300;10319453668;B
20240510;100156;312.01;10;10319453841;B
20240510;100156;312.01;40;10319453845;B
20240510;100156;312.01;200;10319453868;B
20240510;100156;312.01;350;10319453877;B
20240510;100156;312.01;220;10319453894;B
20240510;100157;312.01;320;10319454005;B
20240510;100157;312.01;14520;10319454046;B
20240510;100157;312.01;20;10319454047;B
20240510;100157;312.01;10;10319454048;B
20240510;100157;312.01;10;10319454072;S
20240510;100157;312.02;10;10319454084;B
20240510;100157;312.02;10;10319454085;B
20240510;100157;312.01;10;10319454116;S
20240510;100158;312.02;40;10319454130;B
20240510;100158;312.05;10;10319454212;B
20240510;100158;312.05;10;10319454213;B
20240510;100158;312.06;10;10319454214;B
20240510;100158;312.07;20;10319454215;B
20240510;100158;312.07;50;10319454243;B
20240510;100158;312.06;180;10319454264;S
20240510;100159;312.07;30;10319454283;B
20240510;100159;312.07;20;10319454284;B
20240510;100159;312.06;30;10319454318;S
20240510;100159;312.07;50;10319454319;B
20240510;100159;312.07;10;10319454325;B
20240510;100159;312.07;50;10319454328;B
20240510;100159;312.07;320;10319454363;B
20240510;100159;312.07;50;10319454364;B
20240510;100159;312.07;10;10319454371;B
20240510;100159;312.06;170;10319454404;S
20240510;100159;312.07;10;10319454405;B
20240510;100200;312.07;130;10319454473;B
20240510;100200;312.06;100;10319454505;S
20240510;100200;312.07;800;10319454531;B
20240510;100200;312.07;30;10319454561;B
20240510;100201;312.07;10;10319454684;B
20240510;100201;312.06;10;10319454737;S
20240510;100201;312.07;10;10319454786;B
20240510;100201;312.07;10;10319454805;B
20240510;100201;312.07;10;10319454832;B
20240510;100201;312.07;190;10319454833;B
20240510;100201;312.07;10;10319454838;B
20240510;100201;312.07;170;10319454841;B
20240510;100201;312.08;10;10319454842;B
20240510;100201;312.09;10;10319454843;B
20240510;100201;312.1;130;10319454844;B
20240510;100201;312.1;120;10319454846;B
20240510;100201;312.1;20;10319454847;B
20240510;100201;312.1;50;10319454848;B
20240510;100201;312.11;750;10319454849;B
20240510;100201;312.12;510;10319454850;B
20240510;100202;312.11;10;10319454900;S
20240510;100202;312.11;10;10319454905;S
20240510;100202;312.11;10;10319454908;S
20240510;100202;312.11;60;10319454913;S
20240510;100202;312.12;400;10319454914;B
20240510;100202;312.12;260;10319454915;B
20240510;100202;312.12;100;10319454916;B
20240510;100202;312.11;20;10319454917;S
20240510;100202;312.11;10;10319454924;S
20240510;100202;312.11;60;10319454944;S
20240510;100202;312.12;730;10319454950;B
20240510;100202;312.14;10;10319454951;B
20240510;100202;312.15;30;10319454952;B
20240510;100202;312.16;20;10319454953;B
20240510;100202;312.16;500;10319454954;B
20240510;100202;312.17;100;10319454955;B
20240510;100202;312.17;100;10319454956;B
20240510;100202;312.18;50;10319454957;B
20240510;100202;312.18;10;10319454958;B
20240510;100202;312.18;200;10319454959;B
20240510;100202;312.18;500;10319454960;B
20240510;100202;312.19;10;10319454961;B
20240510;100202;312.2;10;10319454962;B
20240510;100202;312.2;10;10319454963;B
20240510;100202;312.2;10;10319454964;B
20240510;100202;312.2;50;10319454965;B
20240510;100202;312.2;10;10319454966;B
20240510;100202;312.21;750;10319454967;B
20240510;100202;312.21;400;10319454968;B
20240510;100202;312.22;50;10319454969;B
20240510;100202;312.23;3000;10319454970;B
20240510;100202;312.23;1000;10319454971;B
20240510;100202;312.23;500;10319454972;B
20240510;100202;312.23;500;10319454973;B
20240510;100202;312.23;1920;10319454974;S
20240510;100202;312.23;80;10319454977;B
20240510;100202;312.23;380;10319454978;S
20240510;100202;312.19;460;10319454980;S
20240510;100202;312.18;30;10319454981;S
20240510;100202;312.18;460;10319454982;S
20240510;100202;312.18;150;10319454984;B
20240510;100202;312.17;460;10319454985;S
20240510;100202;312.17;1160;10319454987;B
20240510;100202;312.2;100;10319455019;S
20240510;100202;312.22;20;10319455045;B
20240510;100202;312.22;200;10319455085;B
20240510;100202;312.21;10;10319455087;S
20240510;100202;312.21;10;10319455090;S
20240510;100203;312.21;20;10319455092;S
20240510;100203;312.22;20;10319455097;B
20240510;100203;312.21;30;10319455098;S
20240510;100203;312.22;10;10319455100;B
20240510;100203;312.21;20;10319455113;S
20240510;100203;312.21;210;10319455124;S
20240510;100203;312.21;460;10319455125;S
20240510;100203;312.2;330;10319455126;S
20240510;100203;312.2;10;10319455127;S
20240510;100203;312.2;20;10319455133;S
20240510;100203;312.19;140;10319455134;S
20240510;100203;312.2;460;10319455136;S
20240510;100203;312.2;250;10319455138;B
20240510;100203;312.2;50;10319455148;B
20240510;100203;312.19;10;10319455192;S
20240510;100203;312.2;70;10319455223;B
20240510;100203;312.2;800;10319455230;B
20240510;100204;312.2;170;10319455302;B
20240510;100204;312.2;10;10319455341;B
20240510;100204;312.2;100;10319455342;B
20240510;100204;312.22;400;10319455343;B
20240510;100204;312.23;6090;10319455344;B
20240510;100204;312.23;10;10319455345;B
20240510;100204;312.24;10;10319455349;B
20240510;100204;312.24;10;10319455350;B
20240510;100204;312.24;360;10319455351;B
20240510;100204;312.24;1250;10319455352;B
20240510;100204;312.23;130;10319455354;S
20240510;100204;312.24;320;10319455382;B
20240510;100204;312.23;100;10319455438;S
20240510;100205;312.24;10;10319455470;B
20240510;100205;312.24;60;10319455481;B
20240510;100205;312.24;450;10319455482;B
20240510;100205;312.24;10;10319455483;B
20240510;100205;312.25;10;10319455484;B
20240510;100205;312.26;10;10319455485;B
20240510;100205;312.26;460;10319455486;B
20240510;100205;312.26;10;10319455495;B
20240510;100205;312.26;500;10319455530;B
20240510;100205;312.25;400;10319455535;S
20240510;100205;312.24;10;10319455550;S
20240510;100205;312.25;600;10319455556;B
20240510;100205;312.25;100;10319455557;B
20240510;100205;312.26;30;10319455558;B
20240510;100205;312.26;1000;10319455559;B
20240510;100205;312.26;10;10319455560;B
20240510;100205;312.27;70;10319455561;B
20240510;100205;312.27;100;10319455562;B
20240510;100205;312.27;90;10319455563;B
20240510;100206;312.25;10;10319455609;S
20240510;100206;312.25;190;10319455628;S
20240510;100206;312.27;10;10319455656;B
20240510;100206;312.25;100;10319455662;S
20240510;100206;312.25;200;10319455677;S
20240510;100206;312.27;1500;10319455746;B
20240510;100206;312.27;10;10319455747;B
20240510;100206;312.27;10;10319455748;B
20240510;100206;312.27;10;10319455749;B
20240510;100206;312.27;170;10319455750;B
20240510;100206;312.28;10;10319455751;B
20240510;100206;312.28;20;10319455752;B
20240510;100206;312.28;1000;10319455753;B
20240510;100206;312.29;10;10319455754;B
20240510;100206;312.29;20;10319455755;B
20240510;100206;312.29;10;10319455756;B
20240510;100206;312.31;750;10319455757;B
20240510;100206;312.31;100;10319455758;B
20240510;100206;312.32;400;10319455759;B
20240510;100206;312.34;10;10319455760;B
20240510;100206;312.34;460;10319455761;B
20240510;100206;312.34;10;10319455762;B
20240510;100206;312.35;460;10319455763;B
20240510;100206;312.35;10;10319455764;B
20240510;100206;312.36;460;10319455765;B
20240510;100206;312.37;460;10319455766;B
20240510;100206;312.38;10;10319455767;B
20240510;100206;312.38;10;10319455768;B
20240510;100206;312.38;460;10319455769;B
20240510;100206;312.38;10;10319455770;B
20240510;100206;312.38;10;10319455771;B
20240510;100206;312.39;10;10319455772;B
20240510;100206;312.39;10;10319455773;B
20240510;100206;312.39;1000;10319455774;B
20240510;100206;312.39;460;10319455775;B
20240510;100206;312.4;30;10319455776;B
20240510;100206;312.4;600;10319455777;B
20240510;100206;312.4;70;10319455778;B
20240510;100206;312.4;10;10319455779;B
20240510;100206;312.4;20;10319455780;B
20240510;100206;312.4;10;10319455781;B
20240510;100206;312.4;10;10319455782;B
20240510;100206;312.4;330;10319455783;B
20240510;100206;312.4;1000;10319455784;B
20240510;100206;312.4;460;10319455785;B
20240510;100206;312.4;620;10319455786;B
20240510;100206;312.41;750;10319455787;B
20240510;100206;312.41;460;10319455788;B
20240510;100206;312.42;30;10319455789;B
20240510;100206;312.42;2000;10319455790;B
20240510;100206;312.42;460;10319455791;B
20240510;100206;312.42;800;10319455792;B
20240510;100206;312.42;860;10319455793;B
20240510;100206;312.43;10;10319455794;B
20240510;100206;312.43;460;10319455795;B
20240510;100206;312.43;330;10319455796;B
20240510;100206;312.43;2000;10319455797;B
20240510;100206;312.44;10;10319455798;B
20240510;100206;312.44;490;10319455799;B
20240510;100206;312.44;8000;10319455800;B
20240510;100206;312.45;10;10319455801;B
20240510;100206;312.45;2000;10319455802;B
20240510;100206;312.46;500;10319455803;B
20240510;100206;312.46;3000;10319455804;B
20240510;100206;312.47;700;10319455805;B
20240510;100206;312.47;1400;10319455806;B
20240510;100206;312.47;500;10319455807;B
20240510;100206;312.47;100;10319455808;B
20240510;100206;312.47;100;10319455809;B
20240510;100206;312.47;1500;10319455810;B
20240510;100206;312.47;300;10319455811;B
20240510;100206;312.47;8000;10319455812;B
20240510;100206;312.48;10;10319455813;B
20240510;100206;312.48;30;10319455814;B
20240510;100206;312.48;20000;10319455815;B
20240510;100206;312.48;2000;10319455816;B
20240510;100206;312.49;10;10319455817;B
20240510;100206;312.49;500;10319455818;B
20240510;100206;312.49;27000;10319455819;B
20240510;100206;312.49;100;10319455820;B
20240510;100206;312.5;10;10319455821;B
20240510;100206;312.5;10;10319455822;B
20240510;100206;312.5;300;10319455823;B
20240510;100206;312.5;10;10319455824;B
20240510;100206;312.5;500;10319455825;B
20240510;100206;312.5;30;10319455826;B
20240510;100206;312.5;20;10319455827;B
20240510;100206;312.5;10;10319455828;B
20240510;100206;312.5;500;10319455829;B
20240510;100206;312.5;2000;10319455830;B
20240510;100206;312.51;750;10319455831;B
20240510;100206;312.51;2000;10319455832;B
20240510;100206;312.53;2000;10319455833;B
20240510;100206;312.54;10;10319455834;B
20240510;100206;312.55;1600;10319455835;B
20240510;100206;312.57;10;10319455836;B
20240510;100206;312.57;2000;10319455837;B
20240510;100206;312.58;10;10319455838;B
20240510;100206;312.59;10;10319455839;B
20240510;100206;312.59;30;10319455840;B
20240510;100206;312.6;10;10319455841;B
20240510;100206;312.61;750;10319455842;B
20240510;100206;312.64;10;10319455843;B
20240510;100206;312.66;50;10319455844;B
20240510;100206;312.66;970;10319455845;B
20240510;100206;312.66;870;10319455846;B
20240510;100206;312.67;100;10319455847;B
20240510;100206;312.67;1000;10319455848;B
20240510;100206;312.67;50;10319455849;B
20240510;100206;312.68;10;10319455850;B
20240510;100206;312.69;10;10319455851;B
20240510;100206;312.69;4400;10319455852;B
20240510;100206;312.69;310;10319455853;B
20240510;100206;312.7;20;10319455854;B
20240510;100206;312.7;10000;10319455855;B
20240510;100206;312.71;750;10319455856;B
20240510;100206;312.72;50;10319455857;B
20240510;100206;312.72;1000;10319455858;B
20240510;100206;312.73;500;10319455859;B
20240510;100206;312.74;10;10319455860;B
20240510;100206;312.74;10;10319455861;B
20240510;100206;312.75;10;10319455862;B
20240510;100206;312.75;100;10319455863;B
20240510;100206;312.75;100;10319455864;B
20240510;100206;312.76;10;10319455865;B
20240510;100206;312.78;50;10319455866;B
20240510;100206;312.78;10;10319455867;B
20240510;100206;312.78;700;10319455868;B
20240510;100206;312.78;10040;10319455869;B
20240510;100206;312.65;400;10319455880;B
20240510;100206;312.65;460;10319455881;B
20240510;100206;312.65;860;10319455882;B
20240510;100206;312.65;1000;10319455883;B
20240510;100206;312.65;2000;10319455884;B
20240510;100206;312.65;2000;10319455885;B
20240510;100206;312.65;1280;10319455886;B
20240510;100206;312.61;400;10319455892;B
20240510;100206;312.49;860;10319455901;S
20240510;100206;312.48;140;10319455902;S
20240510;100206;312.61;30;10319455905;B
20240510;100206;312.49;1100;10319455906;S
20240510;100206;312.49;100;10319455908;S
20240510;100206;312.6;100;10319455909;B
20240510;100206;312.6;100;10319455910;B
20240510;100206;312.44;400;10319455923;S
20240510;100206;312.44;460;10319455924;S
20240510;100206;312.44;860;10319455925;S
20240510;100206;312.43;280;10319455926;S
20240510;100206;312.43;850;10319455927;S
20240510;100206;312.43;150;10319455928;S
20240510;100206;312.42;2000;10319455929;S
20240510;100206;312.42;900;10319455930;S
20240510;100206;312.42;100;10319455931;B
20240510;100206;312.43;1150;10319455933;S
20240510;100206;312.43;400;10319455934;S
20240510;100206;312.43;450;10319455935;S
20240510;100206;312.43;10;10319455936;S
20240510;100206;312.42;460;10319455937;S
20240510;100206;312.35;330;10319455941;S
20240510;100206;312.34;1670;10319455942;S
20240510;100206;312.36;460;10319455943;S
20240510;100206;312.36;540;10319455944;S
20240510;100206;312.36;320;10319455945;S
20240510;100206;312.35;460;10319455946;S
20240510;100207;312.3;460;10319455953;S
20240510;100207;312.3;760;10319455954;S
20240510;100207;312.28;530;10319455955;S
20240510;100207;312.28;1000;10319455956;S
20240510;100207;312.44;400;10319455960;B
20240510;100207;312.45;600;10319455961;B
20240510;100207;312.45;1000;10319455962;B
20240510;100207;312.47;400;10319455987;S
20240510;100207;312.57;400;10319455999;B
20240510;100207;312.57;460;10319456000;B
20240510;100207;312.57;860;10319456001;B
20240510;100207;312.58;280;10319456002;B
20240510;100207;312.58;50;10319456020;B
20240510;100207;312.49;20;10319456021;S
20240510;100207;312.49;10;10319456022;S
20240510;100207;312.49;40;10319456024;S
20240510;100207;312.49;10;10319456025;S
20240510;100207;312.49;1000;10319456026;S
20240510;100207;312.56;600;10319456030;B
20240510;100207;312.56;600;10319456031;B
20240510;100207;312.51;10;10319456035;S
20240510;100207;312.51;160;10319456036;S
20240510;100207;312.56;870;10319456037;B
20240510;100207;312.56;970;10319456038;B
20240510;100207;312.56;400;10319456039;B
20240510;100207;312.57;500;10319456040;B
20240510;100207;312.57;460;10319456041;B
20240510;100207;312.58;30;10319456042;B
20240510;100207;312.51;150;10319456043;S
20240510;100207;312.51;20;10319456044;S
20240510;100207;312.5;230;10319456045;S
20240510;100207;312.5;400;10319456046;S
20240510;100207;312.49;920;10319456047;S
20240510;100207;312.49;450;10319456048;S
20240510;100207;312.5;400;10319456050;S
20240510;100207;312.5;460;10319456051;S
20240510;100207;312.49;140;10319456052;S
20240510;100207;312.5;460;10319456053;S
20240510;100207;312.5;40;10319456054;S
20240510;100207;312.5;170;10319456055;S
20240510;100207;312.54;20;10319456057;B
20240510;100207;312.57;40;10319456062;B
20240510;100207;312.55;10;10319456083;S
20240510;100207;312.55;10;10319456084;S
20240510;100207;312.55;10;10319456087;S
20240510;100207;312.55;430;10319456089;S
20240510;100207;312.55;860;10319456090;S
20240510;100207;312.54;1980;10319456091;S
20240510;100207;312.54;460;10319456092;S
20240510;100207;312.53;460;10319456093;S
20240510;100207;312.53;810;10319456094;S
20240510;100207;312.57;620;10319456097;B
20240510;100207;312.58;200;10319456100;S
20240510;100207;312.58;10;10319456101;S
20240510;100207;312.58;70;10319456105;S
20240510;100207;312.58;10;10319456106;S
20240510;100207;312.58;800;10319456115;B
20240510;100207;312.55;100;10319456121;S
20240510;100207;312.55;50;10319456123;S
20240510;100207;312.58;500;10319456124;B
20240510;100207;312.59;100;10319456125;B
20240510;100207;312.55;10;10319456130;S
20240510;100207;312.55;50;10319456141;S
20240510;100207;312.55;10;10319456142;S
20240510;100207;312.58;500;10319456143;B
20240510;100207;312.59;2900;10319456144;B
20240510;100207;312.6;20;10319456145;B
20240510;100207;312.61;1070;10319456146;B
20240510;100207;312.61;2400;10319456147;B
20240510;100207;312.62;50;10319456148;B
20240510;100207;312.62;10;10319456149;B
20240510;100207;312.62;50;10319456150;B
20240510;100207;312.62;100;10319456153;B
20240510;100207;312.62;100;10319456154;B
20240510;100207;312.63;10;10319456155;B
20240510;100207;312.64;20;10319456156;B
20240510;100207;312.64;20;10319456157;B
20240510;100207;312.64;20;10319456158;B
20240510;100207;312.64;20;10319456159;B
20240510;100207;312.64;20;10319456160;B
20240510;100207;312.66;500;10319456161;B
20240510;100207;312.67;190;10319456162;B
20240510;100207;312.67;30;10319456163;B
20240510;100207;312.61;10;10319456169;S
20240510;100207;312.61;10;10319456178;S
20240510;100207;312.61;440;10319456207;S
20240510;100207;312.61;110;10319456208;S
20240510;100207;312.62;460;10319456215;S
20240510;100207;312.61;690;10319456216;S
20240510;100207;312.61;110;10319456217;S
20240510;100207;312.61;460;10319456218;S
20240510;100207;312.6;8000;10319456219;S
20240510;100207;312.6;460;10319456220;S
20240510;100207;312.6;2000;10319456221;S
20240510;100207;312.6;600;10319456222;B
20240510;100207;312.59;10;10319456225;S
20240510;100207;312.59;200;10319456251;S
20240510;100207;312.59;10;10319456256;S
20240510;100207;312.59;100;10319456257;S
20240510;100207;312.59;50;10319456261;S
20240510;100207;312.59;30;10319456262;S
20240510;100208;312.59;200;10319456270;S
20240510;100208;312.6;500;10319456276;B
20240510;100208;312.6;200;10319456277;B
20240510;100208;312.59;100;10319456279;S
20240510;100208;312.6;20220;10319456280;B
20240510;100208;312.6;620;10319456281;B
20240510;100208;312.6;400;10319456282;B
20240510;100208;312.6;970;10319456283;B
20240510;100208;312.62;10;10319456284;B
20240510;100208;312.64;400;10319456285;B
20240510;100208;312.67;10;10319456286;B
20240510;100208;312.69;460;10319456287;B
20240510;100208;312.69;860;10319456288;B
20240510;100208;312.7;10;10319456289;B
20240510;100208;312.7;460;10319456290;B
20240510;100208;312.71;460;10319456291;B
20240510;100208;312.72;460;10319456292;B
20240510;100208;312.72;660;10319456293;B
20240510;100208;312.6;100;10319456295;S
20240510;100208;312.66;10;10319456297;B
20240510;100208;312.62;10;10319456298;B
20240510;100208;312.66;490;10319456299;B
20240510;100208;312.66;120;10319456304;B
20240510;100208;312.71;80;10319456305;B
20240510;100208;312.6;30;10319456312;S
20240510;100208;312.6;330;10319456315;S
20240510;100208;312.6;160;10319456316;S
20240510;100208;312.61;20;10319456327;S
20240510;100208;312.61;200;10319456337;S
20240510;100208;312.63;10;10319456348;S
20240510;100208;312.63;10;10319456377;S
20240510;100208;312.63;10;10319456384;S
20240510;100208;312.63;250;10319456395;S
20240510;100208;312.63;180;10319456396;S
20240510;100208;312.62;60;10319456397;S
20240510;100208;312.62;260;10319456398;S
20240510;100208;312.67;200;10319456400;B
20240510;100208;312.62;200;10319456404;S
20240510;100208;312.62;10;10319456411;S
20240510;100208;312.62;100;10319456414;S
20240510;100208;312.62;10;10319456423;S
20240510;100208;312.62;10;10319456448;S
20240510;100208;312.62;10;10319456458;S
20240510;100208;312.64;460;10319456460;S
20240510;100208;312.63;30;10319456461;S
20240510;100208;312.63;460;10319456462;S
20240510;100208;312.62;650;10319456463;S
20240510;100208;312.62;200;10319456464;S
20240510;100208;312.66;10;10319456508;B
20240510;100208;312.67;10;10319456535;B
20240510;100208;312.67;200;10319456538;B
20240510;100209;312.67;200;10319456592;B
20240510;100209;312.63;10;10319456657;S
20240510;100209;312.66;10;10319456747;B
20240510;100209;312.65;500;10319456760;B
20240510;100209;312.66;390;10319456761;B
20240510;100209;312.67;10;10319456762;B
20240510;100209;312.68;10;10319456763;B
20240510;100209;312.7;50;10319456764;B
20240510;100210;312.63;10;10319456805;S
20240510;100210;312.63;400;10319456806;S
20240510;100210;312.62;1010;10319456807;S
20240510;100210;312.61;240;10319456808;S
20240510;100210;312.61;860;10319456809;S
20240510;100210;312.6;460;10319456810;S
20240510;100210;312.59;7020;10319456811;S
20240510;100210;312.63;400;10319456837;B
20240510;100210;312.64;10;10319456838;B
20240510;100210;312.64;90;10319456839;B
20240510;100210;312.63;400;10319456840;B
20240510;100210;312.64;850;10319456841;B
20240510;100210;312.66;310;10319456858;B
20240510;100210;312.65;200;10319456925;B
20240510;100210;312.67;100;10319456926;B
20240510;100211;312.6;10;10319457004;S
20240510;100211;312.63;160;10319457033;B
20240510;100211;312.63;10;10319457042;B
20240510;100211;312.63;190;10319457057;B
20240510;100211;312.61;400;10319457128;B
20240510;100211;312.62;50;10319457129;B
20240510;100211;312.62;300;10319457130;B
20240510;100211;312.63;650;10319457131;B
20240510;100212;312.61;10;10319457161;B
20240510;100212;312.61;100;10319457162;B
20240510;100212;312.62;50;10319457163;B
20240510;100212;312.64;50;10319457164;B
20240510;100212;312.64;50;10319457165;B
20240510;100212;312.64;400;10319457166;B
20240510;100212;312.67;340;10319457167;B
20240510;100212;312.6;500;10319457170;S
20240510;100212;312.58;460;10319457171;S
20240510;100212;312.57;40;10319457172;S
20240510;100212;312.59;10;10319457179;S
20240510;100212;312.54;50;10319457268;S
20240510;100212;312.63;10;10319457277;B
20240510;100212;312.54;100;10319457281;S
20240510;100213;312.54;100;10319457344;S
20240510;100213;312.54;50;10319457346;S
20240510;100213;312.54;100;10319457353;S
20240510;100213;312.54;60;10319457362;S
20240510;100213;312.54;40;10319457363;S
20240510;100213;312.63;330;10319457366;B
20240510;100213;312.63;370;10319457367;B
20240510;100213;312.54;100;10319457391;S
20240510;100213;312.54;30;10319457410;S
20240510;100213;312.61;100;10319457448;B
20240510;100214;312.61;10;10319457552;B
20240510;100214;312.61;90;10319457655;B
20240510;100214;312.62;10;10319457656;B
20240510;100214;312.63;10;10319457657;B
20240510;100214;312.65;390;10319457658;B
20240510;100215;312.63;10;10319457701;B
20240510;100215;312.63;490;10319457707;B
20240510;100215;312.63;970;10319457708;B
20240510;100215;312.64;330;10319457709;B
20240510;100215;312.64;210;10319457710;B
20240510;100215;312.64;30;10319457716;B
20240510;100215;312.54;100;10319457736;S
20240510;100215;312.54;10;10319457817;S
20240510;100215;312.6;180;10319457855;B
20240510;100215;312.6;970;10319457870;B
20240510;100215;312.6;30;10319457871;B
20240510;100215;312.54;520;10319457878;S
20240510;100216;312.6;30;10319457911;B
20240510;100216;312.6;810;10319458003;B
20240510;100216;312.6;560;10319458004;B
20240510;100216;312.6;200;10319458055;B
20240510;100217;312.6;10;10319458099;B
20240510;100217;312.58;40;10319458143;B
20240510;100217;312.58;10;10319458171;B
20240510;100217;312.6;350;10319458172;B
20240510;100217;312.55;50;10319458174;S
20240510;100217;312.6;10;10319458175;B
20240510;100217;312.6;10;10319458208;B
20240510;100217;312.6;100;10319458216;B
20240510;100217;312.6;10;10319458303;B
20240510;100217;312.55;20;10319458318;S
20240510;100217;312.6;30;10319458333;B
20240510;100218;312.55;100;10319458353;S
20240510;100218;312.6;300;10319458368;B
20240510;100218;312.55;100;10319458369;S
20240510;100218;312.55;100;10319458379;S
20240510;100218;312.54;100;10319458410;S
20240510;100218;312.54;500;10319458413;S
20240510;100218;312.49;80;10319458445;S
20240510;100218;312.57;700;10319458449;B
20240510;100218;312.57;100;10319458450;B
20240510;100218;312.49;10;10319458451;S
20240510;100219;312.49;100;10319458540;S
20240510;100219;312.49;100;10319458546;S
20240510;100219;312.49;100;10319458553;S
20240510;100219;312.49;100;10319458573;S
20240510;100219;312.57;330;10319458576;B
20240510;100219;312.57;500;10319458577;B
20240510;100219;312.57;400;10319458578;B
20240510;100219;312.59;370;10319458579;B
20240510;100219;312.49;80;10319458597;S
20240510;100220;312.49;100;10319458692;S
20240510;100220;312.49;100;10319458698;S
20240510;100220;312.49;100;10319458718;S
20240510;100220;312.49;40;10319458722;S
20240510;100220;312.49;20;10319458732;S
20240510;100221;312.46;50;10319458884;S
20240510;100221;312.43;10;10319458900;S
20240510;100221;312.43;10;10319458965;S
20240510;100221;312.51;140;10319458970;B
20240510;100222;312.5;10;10319459024;B
20240510;100222;312.43;70;10319459055;S
20240510;100222;312.49;20;10319459155;B
20240510;100222;312.49;80;10319459156;B
20240510;100223;312.43;370;10319459193;S
20240510;100223;312.42;20;10319459194;S
20240510;100223;312.42;110;10319459195;S
20240510;100223;312.48;10;10319459302;B
20240510;100223;312.48;10;10319459321;B
20240510;100223;312.4;10;10319459328;S
20240510;100224;312.47;100;10319459380;B
20240510;100224;312.5;20;10319459381;B
20240510;100224;312.5;330;10319459382;B
20240510;100224;312.51;10;10319459383;B
20240510;100224;312.51;40;10319459384;B
20240510;100224;312.4;50;10319459404;S
20240510;100225;312.4;280;10319459513;S
20240510;100225;312.46;10;10319459581;B
20240510;100225;312.47;80;10319459582;B
20240510;100225;312.47;220;10319459622;B
20240510;100225;312.4;30;10319459630;S
20240510;100225;312.47;20;10319459664;B
20240510;100226;312.4;30;10319459683;S
20240510;100226;312.4;80;10319459684;S
20240510;100226;312.47;200;10319459740;B
20240510;100227;312.4;380;10319459857;S
20240510;100227;312.4;120;10319459858;S
20240510;100227;312.41;400;10319459872;S
20240510;100227;312.41;460;10319459873;S
20240510;100227;312.4;1020;10319459874;S
20240510;100227;312.46;10;10319459876;B
20240510;100227;312.47;130;10319459877;B
20240510;100227;312.47;10;10319459922;B
20240510;100227;312.4;150;10319459958;S
20240510;100228;312.47;330;10319460005;B
20240510;100228;312.47;400;10319460006;B
20240510;100228;312.49;500;10319460007;B
20240510;100228;312.49;970;10319460008;B
20240510;100228;312.5;870;10319460009;B
20240510;100228;312.5;460;10319460010;B
20240510;100228;312.51;460;10319460011;B
20240510;100228;312.52;240;10319460012;B
20240510;100228;312.41;50;10319460110;S
20240510;100229;312.49;970;10319460222;B
20240510;100229;312.5;30;10319460223;B
20240510;100229;312.43;400;10319460225;S
20240510;100229;312.43;460;10319460226;S
