<DATE>;<TIME>;<LAST>;<VOL>;<ID>;<OPER>
20241023;095945;1363;1;11328175119;S
20241023;095945;1363;1;11328175120;S
20241023;095945;1363;14;11328175121;S
20241023;100000;1362.8;1;11328177524;S
20241023;100004;1363.2;1;11328180534;B
20241023;100004;1364;1;11328180535;B
20241023;100005;1364.8;5;11328182293;B
20241023;100005;1364.8;1;11328182296;B
20241023;100005;1362.4;2;11328182328;S
20241023;100005;1362.4;11;11328182329;S
20241023;100005;1362.4;3;11328182330;S
20241023;100005;1362.4;1;11328182331;S
20241023;100005;1363.8;1;11328183021;B
20241023;100005;1362;1;11328183023;S
20241023;100005;1362;2;11328183361;S
20241023;100005;1362;5;11328183362;S
20241023;100006;1362.6;1;11328184873;B
20241023;100007;1360.4;6;11328185283;S
20241023;100007;1360.2;11;11328185284;S
20241023;100007;1360.8;1;11328185291;B
20241023;100007;1360;3;11328185304;S
20241023;100007;1360.4;2;11328185367;B
20241023;100007;1359;1;11328185376;S
20241023;100007;1358;1;11328185377;S
20241023;100007;1356.2;17;11328185378;S
20241023;100007;1356;10;11328185379;S
20241023;100007;1355.8;1;11328185380;S
20241023;100007;1354.6;38;11328185381;S
20241023;100007;1354.4;30;11328185382;S
20241023;100007;1354.2;56;11328185383;S
20241023;100007;1354;20;11328185384;S
20241023;100007;1353;5;11328185385;S
20241023;100007;1352.8;74;11328185386;S
20241023;100007;1352.6;30;11328185387;S
20241023;100007;1352.4;10;11328185388;S
20241023;100007;1352.2;7;11328185389;S
20241023;100007;1357.2;1;11328185462;B
20241023;100007;1357;1;11328185483;B
20241023;100008;1356.6;1;11328185557;B
20241023;100008;1356;1;11328185687;S
20241023;100009;1356;1;11328185699;B
20241023;100009;1357.8;1;11328185821;B
20241023;100009;1357.4;1;11328185851;B
20241023;100010;1357;1;11328186032;B
20241023;100010;1356.8;4;11328186133;B
20241023;100010;1356.8;8;11328186134;B
20241023;100010;1359.6;1;11328186138;B
20241023;100011;1358;1;11328186217;B
20241023;100011;1359.2;1;11328186301;B
20241023;100011;1358.2;30;11328186325;B
20241023;100011;1358.2;44;11328186326;B
20241023;100012;1360;1;11328186341;B
20241023;100012;1358.4;1;11328186478;B
20241023;100013;1358.4;1;11328186601;B
20241023;100013;1359.4;1;11328186688;B
20241023;100014;1358.6;1;11328186737;B
20241023;100014;1359.8;1;11328186865;B
20241023;100014;1358.6;1;11328186952;B
20241023;100015;1360.2;1;11328187001;B
20241023;100015;1358.4;1;11328187064;B
20241023;100016;1358;1;11328187115;B
20241023;100016;1358.4;1;11328187220;B
20241023;100017;1357.6;1;11328187283;B
20241023;100017;1357.6;1;11328187345;B
20241023;100018;1357.8;1;11328187505;B
20241023;100018;1357.4;1;11328187544;B
20241023;100019;1358.2;1;11328187702;B
20241023;100019;1359.6;1;11328187756;B
20241023;100019;1358.4;1;11328187858;B
20241023;100020;1357.2;2;11328188144;S
20241023;100020;1356.2;1;11328188145;S
20241023;100020;1356;1;11328188146;S
20241023;100020;1355.8;8;11328188147;S
20241023;100020;1355.6;1;11328188148;S
20241023;100020;1355.2;2;11328188149;S
20241023;100020;1355.2;6;11328188150;S
20241023;100020;1355;32;11328188151;S
20241023;100020;1354.4;14;11328188152;S
20241023;100021;1356.8;1;11328188271;B
20241023;100022;1356.6;1;11328188424;B
20241023;100022;1357.6;1;11328188489;B
20241023;100022;1357.2;1;11328188643;B
20241023;100023;1357.2;1;11328188684;B
20241023;100023;1357.2;1;11328188734;B
20241023;100024;1359.2;1;11328188841;B
20241023;100024;1357.4;1;11328189005;B
20241023;100025;1357.4;1;11328189092;B
20241023;100025;1358.4;1;11328189171;B
20241023;100026;1358;1;11328189368;B
20241023;100026;1357.6;1;11328189450;B
20241023;100026;1358.4;1;11328189634;B
20241023;100027;1358.6;1;11328189668;B
20241023;100027;1358.2;1;11328189672;B
20241023;100027;1357.8;1;11328189771;B
20241023;100028;1358.4;1;11328189870;B
20241023;100028;1357.8;1;11328190133;B
20241023;100031;1356.8;2;11328191290;B
20241023;100037;1355.4;6;11328192959;S
20241023;100043;1355.4;26;11328194211;S
20241023;100044;1356.8;9;11328194526;B
20241023;100049;1357;4;11328195857;B
20241023;100049;1357;1;11328195887;B
20241023;100049;1356.8;1;11328196017;B
20241023;100050;1356.8;1;11328196209;B
20241023;100056;1356;30;11328197396;S
20241023;100056;1356;30;11328197397;S
20241023;100056;1356;1;11328197398;S
20241023;100057;1356;5;11328197591;B
20241023;100057;1356;12;11328197592;B
20241023;100057;1356;20;11328197593;B
20241023;100057;1356.8;30;11328197594;B
20241023;100057;1356.8;30;11328197615;S
20241023;100057;1356.8;3;11328197616;S
20241023;100057;1355.4;4;11328197623;S
20241023;100057;1355.4;5;11328197624;S
20241023;100108;1357;5;11328200417;B
20241023;100110;1357.4;1;11328200753;B
20241023;100110;1357.4;14;11328200764;B
20241023;100110;1357.4;1;11328200765;B
20241023;100115;1357.4;2;11328201536;S
20241023;100126;1359.6;2;11328203306;B
20241023;100126;1360;3;11328203307;B
20241023;100137;1358.4;2;11328204982;S
20241023;100137;1360.2;11;11328204983;B
20241023;100138;1360.2;1;11328205240;B
20241023;100138;1360.2;1;11328205310;B
20241023;100139;1360.2;1;11328205356;B
20241023;100139;1360.2;1;11328205452;B
20241023;100140;1360.2;1;11328205572;B
20241023;100141;1360;4;11328205867;B
20241023;100154;1359.8;1;11328208558;B
20241023;100156;1360;8;11328208973;B
20241023;100206;1360;4;11328210918;B
20241023;100206;1360;13;11328210929;B
20241023;100208;1360;5;11328211345;B
20241023;100208;1360.2;10;11328211346;B
20241023;100213;1362.8;2;11328212361;B
20241023;100227;1363.2;2;11328215079;B
20241023;100227;1363.8;3;11328215080;B
20241023;100231;1363.6;2;11328215874;B
20241023;100254;1362.6;37;11328219786;B
20241023;100254;1362.8;17;11328219787;B
20241023;100255;1361.4;15;11328219954;S
20241023;100305;1361.2;1;11328221711;B
20241023;100308;1360.8;2;11328222124;S
20241023;100319;1360.6;5;11328224117;S
20241023;100321;1361;2;11328224656;B
20241023;100326;1361;2;11328225607;B
20241023;100327;1361;1;11328225873;B
20241023;100329;1361;200;11328226391;B
20241023;100357;1360.8;1;11328230821;B
20241023;100409;1360.6;1;11328232565;S
20241023;100409;1360.2;1;11328232566;S
20241023;100412;1361;1;11328233054;B
20241023;100422;1360;3;11328234251;S
20241023;100427;1360;1;11328234918;B
20241023;100434;1360;3;11328236027;B
20241023;100434;1360;1;11328236028;B
20241023;100434;1361;16;11328236029;B
20241023;100437;1361;1;11328236679;B
20241023;100441;1360;20;11328237233;S
20241023;100441;1359.2;6;11328237234;S
20241023;100441;1359.2;7;11328237235;S
20241023;100441;1359.2;8;11328237236;S
20241023;100441;1359;195;11328237237;S
20241023;100501;1359;26;11328240417;S
20241023;100501;1358.8;11;11328240418;S
20241023;100501;1358.4;40;11328240419;S
20241023;100501;1358.4;1;11328240420;S
20241023;100501;1358.2;30;11328240421;S
20241023;100501;1357.6;60;11328240422;S
20241023;100501;1357.4;30;11328240423;S
20241023;100501;1357;30;11328240424;S
20241023;100501;1357;6;11328240425;S
20241023;100502;1357.4;3;11328240656;S
20241023;100503;1357.4;1;11328240820;S
20241023;100503;1357.6;30;11328240936;S
20241023;100503;1357.4;31;11328240937;S
20241023;100503;1357;32;11328240938;S
20241023;100503;1357;35;11328240939;S
20241023;100503;1357;18;11328240940;S
20241023;100503;1357;3;11328240941;S
20241023;100503;1357;5;11328240942;S
20241023;100503;1357;1;11328240943;S
20241023;100503;1355.4;2;11328240944;S
20241023;100503;1355.2;1;11328240945;S
20241023;100503;1355.2;30;11328240946;S
20241023;100503;1355;4;11328240947;S
20241023;100503;1355;2;11328240948;S
20241023;100503;1354.6;34;11328240949;S
20241023;100504;1356.4;30;11328241059;S
20241023;100504;1356.2;74;11328241060;S
20241023;100504;1356.2;96;11328241061;S
20241023;100505;1357.8;4;11328241219;B
20241023;100505;1357.8;1;11328241268;B
20241023;100533;1356.8;1;11328246674;S
20241023;100538;1356.8;22;11328247585;S
20241023;100558;1358.4;4;11328252261;B
20241023;100558;1358.4;2;11328252266;B
20241023;100601;1358.6;12;11328252882;B
20241023;100602;1357;1;11328253081;S
20241023;100602;1356.8;1;11328253082;S
20241023;100606;1358.8;1;11328254050;B
20241023;100612;1359.4;1;11328255709;B
20241023;100615;1358.6;1;11328256469;S
20241023;100617;1358.6;7;11328256815;B
20241023;100623;1358.4;1;11328258305;B
20241023;100626;1356.8;1;11328259368;S
20241023;100629;1358.4;2;11328260200;B
20241023;100629;1358.4;1;11328260203;B
20241023;100629;1358.8;1;11328260241;B
20241023;100629;1358.4;1;11328260327;B
20241023;100630;1358.2;1;11328260360;B
20241023;100630;1358.2;1;11328260460;B
20241023;100631;1358.2;1;11328260614;B
20241023;100631;1358.4;1;11328260657;B
20241023;100632;1358.4;1;11328260775;B
20241023;100632;1358.4;1;11328260860;B
20241023;100632;1358.6;1;11328261047;B
20241023;100633;1358.6;1;11328261150;B
20241023;100640;1358.4;1;11328262834;B
20241023;100651;1358.8;1;11328264529;B
20241023;100656;1357;21;11328265253;S
20241023;100659;1358.2;1;11328265757;B
20241023;100659;1358.8;1;11328265853;B
20241023;100700;1358.6;1;11328266028;B
20241023;100700;1357;15;11328266083;S
20241023;100700;1358.6;1;11328266102;B
20241023;100701;1358.4;1;11328266189;B
20241023;100701;1359;1;11328266348;B
20241023;100704;1359;1;11328266715;B
20241023;100706;1358.8;1;11328266996;B
20241023;100706;1359;5;11328267068;B
20241023;100707;1359;1;11328267250;B
20241023;100708;1358.8;1;11328267488;B
20241023;100725;1357;10;11328270787;S
20241023;100733;1357;3;11328273028;S
20241023;100734;1358.4;4;11328273085;B
20241023;100751;1357.6;20;11328276734;S
20241023;100751;1357.6;10;11328276735;S
20241023;100751;1357.4;10;11328276736;S
20241023;100751;1357.4;10;11328276737;S
20241023;100758;1357.6;2;11328278042;B
20241023;100801;1357.6;3;11328278665;B
20241023;100821;1357.4;29;11328282892;S
20241023;100821;1357.4;6;11328283039;S
20241023;100831;1357;5;11328284729;S
20241023;100835;1357;20;11328285228;S
20241023;100843;1357.4;1;11328286691;B
20241023;100843;1358.4;8;11328286692;B
20241023;100844;1358.6;5;11328286957;B
20241023;100854;1358;3;11328288713;B
20241023;100856;1357;1;11328289030;S
20241023;100858;1356.8;2;11328289209;S
20241023;100858;1356.8;1;11328289210;S
20241023;100858;1356.4;14;11328289211;S
20241023;100858;1356;1;11328289212;S
20241023;100858;1354.8;2;11328289213;S
20241023;100907;1357;4;11328291475;B
20241023;100912;1355.8;3;11328292985;S
20241023;100912;1355.4;6;11328292986;S
20241023;100912;1355.4;23;11328292987;S
20241023;100913;1354.8;18;11328293519;B
20241023;100914;1357;1;11328294378;B
20241023;100936;1357;1;11328299370;B
20241023;100936;1354.2;1;11328299423;S
20241023;100937;1357;5;11328299665;B
20241023;100947;1354.8;2;11328302037;S
20241023;100950;1356.8;1;11328302727;B
20241023;100952;1354.8;5;11328303270;S
20241023;100952;1354;30;11328303271;S
20241023;100952;1353.8;5;11328303272;S
20241023;100952;1353.8;60;11328303273;S
20241023;101005;1354.2;1;11328306458;S
20241023;101009;1354.2;30;11328307895;S
20241023;101009;1354.2;351;11328307896;S
20241023;101016;1355.4;3;11328309686;B
20241023;101018;1354.2;1;11328310013;S
20241023;101020;1353.6;5;11328310353;S
20241023;101020;1353.4;5;11328310354;S
20241023;101020;1353.2;60;11328310355;S
20241023;101020;1353.2;8;11328310421;S
20241023;101023;1353.2;12;11328311008;S
20241023;101024;1353.2;2;11328311107;S
20241023;101025;1353.2;11;11328311273;S
20241023;101027;1355;1;11328311601;B
20241023;101034;1355;1;11328312665;B
20241023;101034;1355;6;11328312666;B
20241023;101034;1355.2;1;11328312667;B
20241023;101034;1355.2;1;11328312668;B
20241023;101037;1353.2;3;11328313362;S
20241023;101100;1353.8;20;11328317955;S
20241023;101100;1353.6;1;11328317956;S
20241023;101100;1353.4;9;11328317957;S
20241023;101109;1355.2;1;11328319731;B
20241023;101109;1355.2;1;11328319732;B
20241023;101120;1355;1;11328321291;B
20241023;101129;1356;1;11328322704;B
20241023;101147;1356.8;5;11328325601;B
20241023;101148;1356.8;5;11328325733;B
20241023;101150;1357;2;11328325960;B
20241023;101153;1357;16;11328326528;B
20241023;101153;1357;30;11328326529;B
20241023;101153;1357.4;48;11328326530;B
20241023;101155;1357.4;29;11328326764;S
20241023;101158;1358;1;11328327214;B
20241023;101158;1358.6;1;11328327292;B
20241023;101159;1358.6;1;11328327357;B
20241023;101216;1357.4;20;11328329677;S
20241023;101216;1357.4;7;11328329678;S
20241023;101216;1356.8;5;11328329679;S
20241023;101216;1356.8;5;11328329680;S
20241023;101216;1356.8;4;11328329681;S
20241023;101218;1356.8;3;11328330056;S
20241023;101225;1356.8;13;11328330978;S
20241023;101231;1356.8;1;11328331654;S
20241023;101232;1356.8;20;11328331878;S
20241023;101241;1356.8;3;11328332859;S
20241023;101254;1356.8;10;11328334675;S
20241023;101259;1357.2;2;11328335058;B
20241023;101300;1356.8;1;11328335158;S
20241023;101301;1355.6;9;11328335340;S
20241023;101301;1355.6;7;11328335341;S
20241023;101319;1357.2;1;11328338102;B
20241023;101319;1358;7;11328338103;B
20241023;101355;1357;1;11328343044;S
20241023;101400;1357;2;11328343545;B
20241023;101400;1358.2;5;11328343580;B
20241023;101440;1358.2;1;11328349131;B
20241023;101441;1358.8;21;11328349259;B
20241023;101452;1358.8;2;11328351067;B
20241023;101454;1358.2;1;11328351490;S
20241023;101528;1358.8;2;11328359938;B
20241023;101530;1358;1;11328360405;S
20241023;101530;1358;10;11328360406;S
20241023;101530;1356.8;6;11328360407;S
20241023;101533;1358;2;11328361403;B
20241023;101533;1358.2;2;11328361425;B
20241023;101535;1358.2;2;11328361745;B
20241023;101541;1356;1;11328363174;S
20241023;101554;1356;1;11328365940;S
20241023;101610;1356.2;7;11328368996;S
20241023;101610;1356;1;11328368997;S
20241023;101615;1358;1;11328369816;B
20241023;101615;1358.2;9;11328369817;B
20241023;101627;1358;10;11328371748;B
20241023;101627;1356.4;1;11328371787;S
20241023;101627;1356.4;1;11328371788;S
20241023;101627;1356.4;1;11328371789;S
20241023;101627;1356.4;1;11328371790;S
20241023;101627;1356.4;1;11328371791;S
20241023;101627;1356.4;1;11328371792;S
20241023;101627;1356.4;1;11328371793;S
20241023;101636;1356.4;2;11328373160;S
20241023;101637;1356.2;3;11328373265;S
20241023;101638;1357.4;1;11328373521;B
20241023;101638;1357.4;2;11328373522;B
20241023;101638;1357.6;1;11328373523;B
20241023;101638;1357.6;1;11328373524;B
20241023;101727;1356.4;1;11328380140;S
20241023;101727;1356.4;1;11328380141;S
20241023;101727;1356.2;3;11328380142;S
20241023;101730;1357.6;1;11328380708;B
20241023;101730;1357.6;1;11328380709;B
20241023;101730;1357.6;1;11328380710;B
20241023;101730;1357.8;1;11328380711;B
20241023;101730;1357.8;11;11328380712;B
20241023;101736;1357.6;1;11328381711;B
20241023;101752;1357.6;1;11328384229;B
20241023;101816;1357.6;2;11328387452;S
20241023;101816;1357.6;2;11328387453;S
20241023;101821;1357.6;1;11328388061;S
20241023;101842;1358.2;1;11328390534;B
20241023;101901;1358.2;1;11328393389;B
20241023;101903;1358.2;2;11328393562;B
20241023;101904;1358.2;4;11328393715;B
20241023;101908;1358.2;3;11328394728;B
20241023;101923;1358.2;1;11328397333;B
20241023;101931;1358;2;11328398722;S
20241023;101951;1357.6;9;11328403996;S
20241023;101951;1357.6;1;11328403997;S
20241023;102010;1357.8;1;11328407319;B
20241023;102010;1357.8;30;11328407320;B
20241023;102010;1358;18;11328407321;B
20241023;102011;1356.6;1;11328407483;S
20241023;102011;1356.4;1;11328407484;S
20241023;102011;1356.4;1;11328407485;S
20241023;102011;1356.4;1;11328407486;S
20241023;102011;1356.4;1;11328407487;S
20241023;102011;1356.4;1;11328407488;S
20241023;102011;1356.4;1;11328407489;S
20241023;102011;1356.2;1;11328407490;S
20241023;102011;1356;1;11328407491;S
20241023;102011;1356;5;11328407492;S
20241023;102011;1356;6;11328407493;S
20241023;102011;1355.8;8;11328407494;S
20241023;102011;1355.8;3;11328407495;S
20241023;102011;1355.2;3;11328407496;S
20241023;102011;1355;80;11328407497;S
20241023;102011;1355;4;11328407498;S
20241023;102011;1355;30;11328407499;S
20241023;102011;1355;10;11328407500;S
20241023;102011;1355;1;11328407501;S
20241023;102011;1354;30;11328407502;S
20241023;102011;1353.8;60;11328407503;S
20241023;102011;1353.6;30;11328407504;S
20241023;102011;1353.4;1;11328407505;S
20241023;102011;1353.4;128;11328407506;S
20241023;102011;1353.2;30;11328407507;S
20241023;102011;1353.2;16;11328407508;S
20241023;102011;1353;21;11328407509;S
20241023;102011;1353.6;1;11328407564;S
20241023;102035;1353.2;3;11328418043;S
20241023;102041;1355;10;11328421827;B
20241023;102042;1355.2;1;11328422401;B
20241023;102047;1353.2;1;11328425425;S
20241023;102047;1353.2;1;11328425426;S
20241023;102047;1353.2;11;11328425427;S
20241023;102112;1353.2;1;11328438133;S
20241023;102115;1354.2;3;11328439782;B
20241023;102115;1354.4;1;11328439783;B
20241023;102115;1354.4;1;11328439784;B
20241023;102115;1354.6;25;11328439785;B
20241023;102125;1354.8;1;11328444140;B
20241023;102139;1353.4;1;11328446298;S
20241023;102139;1353.2;1;11328446299;S
20241023;102141;1353.2;5;11328446505;S
20241023;102143;1354.6;1;11328446795;B
20241023;102143;1354.8;4;11328446796;B
20241023;102144;1355;1;11328447025;B
20241023;102145;1354.8;1;11328447168;B
20241023;102204;1353.4;1;11328450527;S
20241023;102204;1353.2;1;11328450528;S
20241023;102231;1355.4;2;11328454491;B
20241023;102235;1355.2;4;11328454964;B
20241023;102242;1353.8;5;11328455796;S
20241023;102247;1353.6;4;11328456335;S
20241023;102247;1353.4;2;11328456336;S
20241023;102247;1353.4;1;11328456337;S
20241023;102247;1353.4;3;11328456338;B
20241023;102254;1353.2;12;11328457073;S
20241023;102256;1353.4;1;11328457348;B
20241023;102308;1353.4;20;11328459551;B
20241023;102316;1353.2;1;11328460708;S
20241023;102319;1353.4;2;11328461424;B
20241023;102320;1353.2;18;11328461533;S
20241023;102320;1353.2;32;11328461534;S
20241023;102323;1353.4;30;11328462043;B
20241023;102346;1353.2;1;11328465803;S
20241023;102353;1353.2;4;11328466497;S
20241023;102355;1353.4;1;11328466872;B
20241023;102403;1353.2;5;11328467613;S
20241023;102404;1353.2;8;11328467664;S
20241023;102405;1353.2;5;11328467724;B
20241023;102405;1353.4;14;11328467725;B
20241023;102407;1353.2;1;11328467961;B
20241023;102407;1353.4;4;11328467962;B
20241023;102432;1353.2;2;11328471619;B
20241023;102432;1353.4;18;11328471620;B
20241023;102437;1353;9;11328472587;S
20241023;102437;1353;1;11328472588;S
20241023;102437;1353;2;11328472589;S
20241023;102437;1353;1;11328472590;S
20241023;102437;1353;1;11328472591;S
20241023;102437;1353;66;11328472592;S
20241023;102442;1353.4;1;11328473599;B
20241023;102455;1353.4;150;11328475609;B
20241023;102455;1353;1;11328475623;S
20241023;102458;1353.4;10;11328476107;B
20241023;102458;1353.4;50;11328476114;B
20241023;102503;1353.4;9;11328476874;B
20241023;102503;1353.4;30;11328476944;B
20241023;102504;1353.4;5;11328477058;B
20241023;102521;1353;3;11328480100;S
20241023;102527;1353.2;5;11328480818;B
20241023;102527;1353.4;9;11328480819;B
20241023;102534;1353.4;1;11328481899;B
20241023;102541;1353.4;10;11328482956;B
20241023;102545;1353.4;1;11328483615;B
20241023;102545;1353.4;1;11328483627;B
20241023;102556;1353.2;2;11328485344;S
20241023;102604;1353.4;11;11328486426;B
20241023;102610;1353.4;20;11328487194;B
20241023;102613;1353.4;1;11328487720;B
20241023;102617;1353.4;28;11328488287;B
20241023;102617;1353.4;1;11328488288;B
20241023;102617;1353.4;1;11328488289;B
20241023;102621;1354;1;11328489060;B
20241023;102629;1354.4;1;11328490236;B
20241023;102632;1353.8;10;11328490627;S
20241023;102638;1353.8;2;11328491450;S
20241023;102643;1354.4;1;11328492247;B
20241023;102643;1354.8;3;11328492248;B
20241023;102648;1355;1;11328492677;B
20241023;102650;1354;2;11328492921;S
20241023;102650;1354;16;11328492922;S
20241023;102652;1354;1;11328493142;S
20241023;102717;1354;1;11328496463;S
20241023;102744;1354.6;2;11328500403;B
20241023;102744;1355;26;11328500404;B
20241023;102746;1354.8;5;11328500727;B
20241023;102746;1355;5;11328500728;B
20241023;102748;1355;30;11328501033;B
20241023;102750;1355;5;11328501366;B
20241023;102752;1355;10;11328501643;B
20241023;102802;1355;3;11328503381;B
20241023;102807;1356;5;11328504087;B
20241023;102813;1356;5;11328504854;B
20241023;102826;1356;43;11328506371;B
20241023;102836;1357;1;11328507599;B
20241023;102837;1357;10;11328507739;B
20241023;102906;1356;1;11328511815;S
20241023;102906;1356;1;11328511816;S
20241023;102906;1356;1;11328511818;S
20241023;102906;1356;1;11328511819;S
20241023;102906;1356;1;11328511821;S
20241023;102906;1355.4;1;11328511827;S
20241023;102906;1355.4;1;11328511828;S
20241023;102906;1355.4;1;11328511829;S
20241023;102906;1355.4;1;11328511837;S
20241023;102906;1355.2;1;11328511839;S
20241023;102906;1355;1;11328511840;S
20241023;102906;1355;1;11328511851;S
20241023;102906;1355;1;11328511857;S
20241023;102906;1355;1;11328511890;S
20241023;102906;1355;1;11328511911;S
20241023;102908;1355;20;11328512055;S
20241023;102914;1355;1;11328513006;S
20241023;102919;1356.2;1;11328513842;B
20241023;102919;1356.4;1;11328513843;B
20241023;102937;1356.8;1;11328515851;B
20241023;102950;1357.4;2;11328517166;B
20241023;103015;1356.8;1;11328520634;B
20241023;103015;1356.4;1;11328520742;S
20241023;103020;1356.4;1;11328521335;S
20241023;103121;1356.6;1;11328528396;B
20241023;103121;1356.6;19;11328528397;B
20241023;103204;1356.4;8;11328534121;S
20241023;103204;1356;1;11328534123;S
20241023;103204;1356;1;11328534124;S
20241023;103204;1355.4;1;11328534125;S
20241023;103204;1355.4;2;11328534126;S
20241023;103204;1355.4;1;11328534127;S
20241023;103204;1355.4;5;11328534128;S
20241023;103204;1355.4;9;11328534129;S
20241023;103204;1355.2;1;11328534130;S
20241023;103204;1355.2;9;11328534131;S
20241023;103204;1355.2;21;11328534132;S
20241023;103204;1355;5;11328534133;S
20241023;103205;1355;5;11328534318;S
20241023;103224;1355.8;1;11328535963;B
20241023;103237;1356;1;11328536950;B
20241023;103248;1355;8;11328537811;S
20241023;103248;1355;3;11328537812;S
20241023;103248;1355;1;11328537813;S
20241023;103249;1354.6;2;11328538014;S
20241023;103249;1354.4;2;11328538015;S
20241023;103249;1354.4;1;11328538016;S
20241023;103250;1354.2;2;11328538145;S
20241023;103250;1354.2;1;11328538146;S
20241023;103250;1354.2;1;11328538147;S
20241023;103250;1354.2;6;11328538148;S
20241023;103250;1354;4;11328538150;S
20241023;103251;1354;1;11328538389;S
20241023;103254;1355.4;56;11328538793;B
20241023;103254;1355.6;30;11328538794;B
20241023;103254;1355.6;6;11328538795;B
20241023;103254;1355.8;74;11328538796;B
20241023;103254;1356;25;11328538797;B
20241023;103254;1356;30;11328538798;B
20241023;103254;1356.2;40;11328538799;B
20241023;103254;1356.2;60;11328538800;B
20241023;103254;1356.6;30;11328538801;B
20241023;103254;1356.8;2;11328538802;B
20241023;103254;1357.2;6;11328538803;B
20241023;103254;1357.4;30;11328538804;B
20241023;103254;1357.4;11;11328538805;B
20241023;103254;1357.6;47;11328538806;B
20241023;103254;1357.8;56;11328538807;B
20241023;103254;1358;1;11328538808;B
20241023;103254;1358;30;11328538809;B
20241023;103254;1358.2;1;11328538810;B
20241023;103254;1358.2;30;11328538811;B
20241023;103254;1358.4;1;11328538812;B
20241023;103254;1358.4;1;11328538813;B
20241023;103254;1358.4;300;11328538814;B
20241023;103254;1358.6;30;11328538815;B
20241023;103254;1359;2;11328538816;B
20241023;103254;1359;7;11328538817;B
20241023;103254;1359;30;11328538818;B
20241023;103254;1359;38;11328538819;B
20241023;103254;1359;35;11328538820;B
20241023;103254;1359;18;11328538821;B
20241023;103254;1359;3;11328538822;B
20241023;103254;1359;30;11328538823;B
20241023;103254;1359.6;1;11328538824;B
20241023;103254;1359.6;30;11328538825;B
20241023;103254;1359.8;1;11328538826;B
20241023;103254;1360;1;11328538827;B
20241023;103254;1360;1;11328538828;B
20241023;103254;1360;4;11328538829;B
20241023;103254;1360;1;11328538830;B
20241023;103254;1360;7;11328538831;B
20241023;103254;1360.2;1262;11328538832;B
20241023;103309;1358;2;11328541543;S
20241023;103330;1358.4;2;11328544678;B
20241023;103330;1358.4;1;11328544679;S
20241023;103355;1360;1;11328547562;B
20241023;103400;1359.4;20;11328548697;S
20241023;103400;1359.4;20;11328548699;S
20241023;103401;1359.4;10;11328548764;S
20241023;103426;1359.4;8;11328552385;S
20241023;103430;1360;1;11328552790;B
20241023;103430;1360;2;11328552791;B
20241023;103430;1360;17;11328552792;B
20241023;103431;1360;1;11328552930;B
20241023;103439;1360;1;11328554093;B
20241023;103459;1360;1;11328556811;B
20241023;103502;1360;2;11328557236;B
20241023;103502;1359.4;1;11328557244;S
20241023;103502;1359;1;11328557245;S
20241023;103502;1358.6;3;11328557246;S
20241023;103504;1359.8;1;11328557478;B
20241023;103520;1360;2;11328559621;B
20241023;103520;1360.6;1;11328559622;B
20241023;103534;1359.2;1;11328561383;S
20241023;103547;1359.2;8;11328562708;B
20241023;103552;1359;1;11328563482;S
20241023;103552;1359.2;1;11328563503;B
20241023;103624;1360;1;11328568256;B
20241023;103630;1360.2;1;11328568908;B
20241023;103630;1360.6;1;11328568909;B
20241023;103630;1360.6;4;11328568910;B
20241023;103630;1360.6;4;11328568911;B
20241023;103646;1359;1;11328570892;S
20241023;103649;1358.6;1;11328571133;S
20241023;103649;1358.4;3;11328571134;S
20241023;103654;1358;5;11328571835;S
20241023;103654;1357.6;1;11328571836;S
20241023;103654;1357;2;11328571837;S
20241023;103711;1358.6;1;11328574206;B
20241023;103718;1357.6;3;11328575107;S
20241023;103718;1357.2;1;11328575108;S
20241023;103718;1357.2;1;11328575109;S
20241023;103730;1358.6;1;11328577030;B
20241023;103752;1357.2;1;11328580110;S
20241023;103752;1357;1;11328580111;S
20241023;103813;1356.6;1;11328582579;S
20241023;103813;1356.4;5;11328582580;S
20241023;103813;1356.2;29;11328582581;S
20241023;103814;1358.2;1;11328582684;B
20241023;103823;1357.8;1;11328583767;B
20241023;103829;1358;5;11328584533;B
20241023;103831;1357.8;1;11328585195;B
20241023;103838;1356.4;1;11328586266;S
20241023;103838;1356.4;2;11328586267;S
20241023;103838;1356.2;56;11328586268;S
20241023;103838;1356;1;11328586269;S
20241023;103838;1356;30;11328586270;S
20241023;103838;1356;27;11328586271;S
20241023;103838;1355.8;2;11328586272;S
20241023;103838;1355.8;37;11328586273;S
20241023;103838;1355.2;30;11328586274;S
20241023;103838;1355.2;14;11328586275;S
20241023;103843;1356.8;1;11328587581;B
20241023;103844;1355.2;19;11328587691;S
20241023;103855;1355.2;1;11328589539;S
20241023;103913;1355;9;11328592091;S
20241023;103913;1355;11;11328592092;S
20241023;103930;1355;70;11328594301;S
20241023;103940;1354.6;1;11328595399;S
20241023;103940;1354.4;5;11328595400;S
20241023;103940;1354.4;3;11328595401;S
20241023;103947;1354.6;1;11328596141;S
20241023;103947;1354.4;30;11328596142;S
20241023;103947;1354.2;1;11328596143;S
20241023;103947;1354.2;6;11328596144;S
20241023;103947;1354.2;33;11328596145;S
20241023;103947;1354.2;20;11328596146;S
20241023;103947;1354.2;8;11328596147;S
20241023;104005;1354;9;11328598536;S
20241023;104005;1354;2;11328598537;S
20241023;104005;1354;7;11328598538;S
20241023;104006;1354;2;11328598619;B
20241023;104007;1354;2;11328598860;B
20241023;104011;1354;2;11328599753;B
20241023;104013;1354;40;11328600006;B
20241023;104048;1354;10;11328606883;B
20241023;104048;1354;73;11328607101;B
20241023;104058;1354;5;11328609221;B
20241023;104112;1353.8;1;11328611513;S
20241023;104125;1354;48;11328613509;B
20241023;104125;1354;1;11328613510;B
20241023;104125;1355;25;11328613511;B
20241023;104127;1353.8;1;11328613708;S
20241023;104141;1354;1;11328616544;S
20241023;104141;1354;1;11328616545;S
20241023;104141;1353.8;1;11328616546;S
20241023;104146;1354;90;11328617495;S
20241023;104146;1353.8;10;11328617496;S
20241023;104149;1355;1;11328617879;B
20241023;104200;1354;1;11328619408;S
20241023;104200;1353.8;22;11328619409;S
20241023;104202;1353.8;1;11328619764;B
20241023;104203;1353.8;26;11328619893;B
20241023;104203;1354.8;1;11328619894;B
20241023;104203;1355;4;11328619895;B
20241023;104203;1355;2;11328619896;B
20241023;104203;1355;41;11328619897;B
20241023;104205;1354.8;1;11328620337;B
20241023;104208;1354.8;1;11328621785;B
20241023;104213;1353.4;1;11328622540;S
20241023;104213;1353.4;2;11328622541;S
20241023;104213;1353.2;2;11328622542;S
20241023;104213;1353.2;2;11328622543;S
20241023;104213;1353;2;11328622544;S
20241023;104213;1353;20;11328622545;S
20241023;104214;1354.4;18;11328622834;B
20241023;104214;1354.6;1;11328622835;B
20241023;104214;1354.6;14;11328622836;B
20241023;104214;1354.8;5;11328622837;B
20241023;104214;1355;17;11328622838;B
20241023;104214;1355;30;11328622839;B
20241023;104214;1355.2;1;11328622840;B
20241023;104214;1355.2;9;11328622841;B
20241023;104218;1353.8;1;11328623307;S
20241023;104218;1353.4;1;11328623325;B
20241023;104234;1353.4;18;11328625659;B
20241023;104240;1353.4;60;11328626558;B
20241023;104240;1354.8;1;11328626559;B
20241023;104240;1355;2;11328626560;B
20241023;104240;1355;11;11328626561;B
20241023;104251;1355;1;11328628166;B
20241023;104251;1353.6;2;11328628240;S
20241023;104251;1353.6;20;11328628241;S
20241023;104251;1353.6;1;11328628242;S
20241023;104251;1353.4;17;11328628243;S
20241023;104307;1354.8;3;11328630203;B
20241023;104310;1353.6;5;11328630569;S
20241023;104310;1353.4;1;11328630570;S
20241023;104310;1353.4;4;11328630571;S
20241023;104310;1353.2;9;11328630572;S
20241023;104310;1353.2;5;11328630573;S
20241023;104310;1353;37;11328630574;S
20241023;104310;1353;2;11328630575;S
20241023;104310;1352.8;2;11328630576;S
20241023;104310;1352.8;9;11328630577;S
20241023;104310;1352.6;1;11328630578;S
20241023;104310;1352.6;1;11328630579;S
20241023;104310;1352.6;1;11328630580;S
20241023;104310;1352.6;30;11328630581;S
20241023;104310;1352.6;25;11328630582;S
20241023;104310;1352.4;2;11328630583;S
20241023;104310;1352.4;30;11328630584;S
20241023;104310;1352.2;3;11328630585;S
20241023;104310;1352.2;2;11328630586;S
20241023;104310;1352;1;11328630587;S
20241023;104310;1352;1;11328630588;S
20241023;104310;1352;2;11328630589;S
20241023;104310;1352;30;11328630590;S
20241023;104310;1351.8;4;11328630591;S
20241023;104310;1351.8;6;11328630592;S
20241023;104310;1351.8;74;11328630593;S
20241023;104310;1351.6;2;11328630594;S
20241023;104310;1351.6;153;11328630595;S
20241023;104310;1354.2;10;11328630607;S
20241023;104310;1352;63;11328630608;S
20241023;104313;1352.4;1;11328631253;S
20241023;104313;1352.4;1;11328631254;S
20241023;104313;1352.2;1;11328631255;S
20241023;104313;1352;2;11328631256;S
20241023;104313;1351.8;35;11328631257;S
20241023;104318;1353;6;11328631825;B
20241023;104318;1353.4;2;11328631826;B
20241023;104318;1353.6;8;11328631827;B
20241023;104318;1353.8;25;11328631828;B
20241023;104318;1354;1;11328631829;B
20241023;104318;1354;4;11328631830;B
20241023;104318;1354.4;22;11328631831;B
20241023;104318;1354.6;6;11328631832;B
20241023;104331;1354;1;11328633532;B
20241023;104356;1354;1;11328636732;B
20241023;104356;1354;1;11328636733;B
20241023;104356;1354;2;11328636734;B
20241023;104356;1354.2;1;11328636735;B
20241023;104356;1354.4;4;11328636736;B
20241023;104356;1354.6;65;11328636737;B
20241023;104405;1354.6;30;11328638195;B
20241023;104405;1353.4;6;11328638197;S
20241023;104432;1354;1;11328642084;S
20241023;104432;1354;5;11328642085;S
20241023;104432;1354;13;11328642086;S
20241023;104433;1354.6;5;11328642206;B
20241023;104433;1354.6;2;11328642207;B
20241023;104433;1355.4;1;11328642208;B
20241023;104433;1355.8;56;11328642209;B
20241023;104433;1356;5;11328642210;B
20241023;104433;1356;4;11328642211;B
20241023;104445;1356.4;30;11328643640;B
20241023;104445;1356.4;1;11328643641;B
20241023;104445;1356.6;2;11328643642;B
20241023;104445;1356.6;20;11328643643;B
20241023;104445;1357.2;5;11328643644;B
20241023;104445;1357.6;15;11328643645;B
20241023;104450;1356.8;1;11328644101;B
20241023;104450;1356.8;2;11328644102;B
20241023;104450;1357.4;1;11328644103;B
20241023;104450;1357.6;6;11328644104;B
20241023;104458;1357.4;2;11328645055;B
20241023;104502;1356.2;1;11328645498;S
20241023;104511;1356.4;1;11328646325;B
20241023;104511;1357.6;30;11328646326;B
20241023;104511;1357.6;25;11328646327;B
20241023;104511;1357.8;18;11328646328;B
20241023;104515;1356.4;1;11328646767;S
20241023;104515;1356.2;3;11328646768;S
20241023;104515;1356;5;11328646769;S
20241023;104515;1357.2;5;11328646793;S
20241023;104530;1357.6;1;11328648656;B
20241023;104540;1357.4;1;11328649873;B
20241023;104540;1357.6;3;11328649874;B
20241023;104543;1357.6;26;11328650181;B
20241023;104543;1357.8;12;11328650182;B
20241023;104543;1357.8;5;11328650183;B
20241023;104543;1358;56;11328650184;B
20241023;104543;1358.2;1;11328650185;B
20241023;104549;1358.2;30;11328651235;B
20241023;104549;1358.2;20;11328651236;B
20241023;104549;1358.4;24;11328651237;B
20241023;104550;1357.4;2;11328651493;S
20241023;104550;1357.2;3;11328651494;S
20241023;104553;1357.2;20;11328651827;S
20241023;104556;1357.4;1;11328652221;S
20241023;104604;1358;1;11328653986;B
20241023;104609;1358;1;11328654759;B
20241023;104609;1358;1;11328654760;B
20241023;104609;1358.2;98;11328654761;B
20241023;104609;1358.2;2;11328654766;B
20241023;104609;1358.4;76;11328654767;B
20241023;104611;1358.4;4;11328654979;S
20241023;104613;1358.4;2;11328655239;S
20241023;104622;1358.6;1;11328656207;B
20241023;104622;1358.6;6;11328656208;B
20241023;104622;1358.8;10;11328656209;B
20241023;104622;1359;583;11328656210;B
20241023;104626;1359;73;11328656654;B
20241023;104628;1359;100;11328656828;B
20241023;104628;1359;100;11328656856;B
20241023;104628;1359;120;11328656860;B
20241023;104628;1359;23;11328656861;B
20241023;104628;1359;30;11328656904;B
20241023;104629;1359;30;11328656991;B
20241023;104629;1359;40;11328657008;B
20241023;104629;1359.2;5;11328657009;S
20241023;104629;1359.8;5;11328657010;B
20241023;104629;1359.8;2;11328657034;B
20241023;104630;1359.8;3;11328657127;B
20241023;104630;1360;10;11328657128;B
20241023;104630;1360;30;11328657129;B
20241023;104630;1360;50;11328657130;B
20241023;104630;1360.2;7;11328657131;B
20241023;104643;1360;1;11328658778;B
20241023;104643;1360.2;1;11328658779;B
20241023;104700;1359;3;11328660556;S
20241023;104702;1360.2;2;11328660769;B
20241023;104704;1360.2;3;11328661022;B
20241023;104704;1360.4;30;11328661023;B
20241023;104704;1360.6;41;11328661024;B
20241023;104708;1360.6;100;11328661473;B
20241023;104709;1359.6;2;11328661551;S
20241023;104710;1359.2;1;11328661704;S
20241023;104717;1360.6;1;11328662537;B
20241023;104742;1360.4;1;11328666015;B
20241023;104742;1360.4;1;11328666016;B
20241023;104742;1360.6;8;11328666017;B
20241023;104742;1360.6;1;11328666018;B
20241023;104742;1361;4;11328666019;B
20241023;104742;1361.2;5;11328666020;B
20241023;104742;1361.2;3;11328666021;B
20241023;104742;1361.8;30;11328666022;B
20241023;104742;1362;1;11328666023;B
20241023;104742;1362;10;11328666024;B
20241023;104742;1362.6;3;11328666025;B
20241023;104742;1362.8;1;11328666026;B
20241023;104742;1363.2;1;11328666027;B
20241023;104742;1363.4;4;11328666028;B
20241023;104751;1362;5;11328666825;S
20241023;104752;1362;20;11328666910;S
20241023;104752;1362;20;11328666911;S
20241023;104752;1362;20;11328666914;S
20241023;104753;1362;20;11328666971;S
20241023;104753;1362;15;11328666976;S
20241023;104756;1361.6;6;11328667342;S
20241023;104756;1361.6;20;11328667344;S
20241023;104813;1361.2;16;11328668914;S
20241023;104819;1361.2;63;11328669481;B
20241023;104819;1362.8;1;11328669482;B
20241023;104819;1362.8;1;11328669483;B
20241023;104819;1363;2;11328669484;B
20241023;104819;1363.2;7;11328669485;B
20241023;104824;1362.2;1;11328669966;B
20241023;104846;1361;2;11328672679;S
20241023;104857;1362.8;2;11328673900;B
20241023;104857;1363.2;5;11328673901;B
20241023;104857;1363.2;26;11328673902;B
20241023;104857;1363.2;40;11328673903;B
20241023;104915;1362.2;4;11328675756;S
20241023;104920;1363.2;1;11328676244;B
20241023;104926;1363.6;1;11328676912;B
20241023;104933;1363.4;1;11328678315;B
20241023;104934;1363.4;1;11328678473;B
20241023;104935;1363.4;28;11328678637;B
20241023;104935;1363.6;45;11328678638;B
20241023;104943;1363.4;1;11328680023;B
20241023;104946;1363.2;10;11328680306;S
20241023;105012;1363.2;74;11328683192;B
20241023;105032;1363.4;2;11328685409;B
20241023;105032;1363.4;19;11328685424;B
20241023;105043;1363.2;1;11328686982;S
20241023;105043;1362.8;1;11328686983;S
20241023;105043;1362.4;1;11328686984;S
20241023;105043;1362.2;8;11328686985;S
20241023;105043;1362.2;1;11328686986;S
20241023;105043;1362;1;11328686987;S
20241023;105043;1362;1;11328686988;S
20241023;105043;1361.8;1;11328686989;S
20241023;105043;1361.8;8;11328686990;S
20241023;105043;1361.6;27;11328686991;S
20241023;105049;1361.4;20;11328687725;S
20241023;105049;1361;4;11328687726;S
20241023;105049;1361;46;11328687727;S
20241023;105050;1363;73;11328687863;B
20241023;105103;1361.4;1;11328689991;S
20241023;105103;1361.4;5;11328689992;S
20241023;105103;1361.4;5;11328689993;S
20241023;105103;1361.2;5;11328689994;S
20241023;105103;1361.2;5;11328689995;S
20241023;105103;1361;6;11328689996;S
20241023;105103;1361;5;11328689997;S
20241023;105103;1361;5;11328689998;S
20241023;105103;1360.8;1;11328689999;S
20241023;105103;1360.8;29;11328690000;S
20241023;105103;1360.8;6;11328690001;S
20241023;105104;1360.8;1;11328690140;S
20241023;105111;1360.6;1;11328691489;S
20241023;105111;1362;56;11328691572;B
20241023;105111;1362;17;11328691573;B
20241023;105120;1361;56;11328692586;S
20241023;105120;1360.8;33;11328692587;S
20241023;105120;1360.6;99;11328692588;S
20241023;105120;1360.2;4;11328692589;S
20241023;105120;1360.2;30;11328692590;S
20241023;105120;1360;1;11328692591;S
20241023;105120;1360;1;11328692592;S
20241023;105120;1360;60;11328692593;S
20241023;105120;1360;5;11328692594;B
20241023;105120;1360;8;11328692595;B
20241023;105120;1359.8;5;11328692603;S
20241023;105120;1359.6;25;11328692604;S
20241023;105121;1359;3;11328692617;S
20241023;105122;1359;1;11328692693;S
20241023;105127;1359.8;70;11328693389;B
20241023;105127;1359.8;4;11328693390;B
20241023;105133;1359.6;1;11328693981;B
20241023;105137;1360;17;11328694448;B
20241023;105141;1359.2;8;11328695042;S
20241023;105143;1359.8;2;11328695247;B
20241023;105145;1359.8;1;11328695469;B
20241023;105205;1359.8;2;11328697957;B
20241023;105205;1360;71;11328697958;B
20241023;105208;1360;100;11328698259;B
20241023;105209;1360;20;11328698398;B
20241023;105209;1360;60;11328698451;B
20241023;105210;1359.2;17;11328698467;S
20241023;105210;1359.2;4;11328698468;S
20241023;105210;1359;9;11328698469;S
20241023;105210;1360;100;11328698476;B
20241023;105210;1360;20;11328698484;B
20241023;105210;1360;50;11328698486;B
20241023;105210;1361.6;1;11328698559;B
20241023;105210;1361.6;1;11328698570;B
20241023;105211;1361.6;4;11328698605;B
20241023;105214;1360.4;2;11328699008;B
20241023;105224;1360.4;1;11328700224;B
20241023;105224;1360.4;9;11328700225;B
20241023;105224;1360.4;4;11328700226;B
20241023;105227;1361.4;4;11328700446;B
20241023;105227;1361.6;14;11328700447;B
20241023;105230;1361.8;1;11328700670;B
20241023;105230;1361.8;18;11328700682;B
20241023;105233;1361;3;11328700965;S
20241023;105236;1361.8;14;11328701509;B
20241023;105238;1361.8;10;11328701615;B
20241023;105239;1361.8;6;11328701777;B
20241023;105239;1362;10;11328701778;B
20241023;105241;1361;1;11328701925;S
20241023;105243;1361.8;2;11328702204;B
20241023;105243;1362;37;11328702205;B
20241023;105243;1362;4;11328702206;B
20241023;105243;1362.4;31;11328702207;B
20241023;105246;1362.8;1;11328702545;B
20241023;105248;1363.4;23;11328702692;B
20241023;105248;1363.4;20;11328702693;B
20241023;105248;1363.6;2;11328702694;B
20241023;105248;1363.6;5;11328702695;B
20241023;105306;1363;4;11328704627;B
20241023;105306;1363.2;1;11328704628;B
20241023;105320;1363.4;1;11328705989;B
20241023;105320;1363.4;3;11328705990;B
20241023;105320;1363.6;46;11328705991;B
20241023;105320;1363.8;23;11328705992;B
20241023;105321;1363.8;2;11328706016;B
20241023;105321;1363.8;30;11328706017;B
20241023;105321;1364;1;11328706018;B
20241023;105321;1364;10;11328706019;B
20241023;105321;1364;17;11328706020;B
20241023;105321;1364;3;11328706037;B
20241023;105321;1364;2;11328706038;B
20241023;105325;1364;7;11328706567;B
20241023;105325;1364;1;11328706568;B
20241023;105325;1364.8;10;11328706569;B
20241023;105325;1364.8;30;11328706570;B
20241023;105325;1365;2;11328706571;B
20241023;105332;1363.4;5;11328707087;S
20241023;105335;1365;12;11328707337;B
20241023;105339;1365;6;11328707604;B
20241023;105339;1365;4;11328707605;B
20241023;105340;1363.4;1;11328707848;S
20241023;105340;1363.2;1;11328707868;S
20241023;105342;1363.2;1;11328708028;B
20241023;105342;1363.6;1;11328708029;B
20241023;105342;1363.6;2;11328708030;B
20241023;105342;1364;1;11328708031;B
20241023;105358;1363.2;2;11328709479;S
20241023;105358;1364.4;1;11328709484;B
20241023;105358;1364.4;19;11328709485;B
20241023;105358;1364.4;10;11328709521;B
20241023;105358;1364.8;10;11328709522;B
20241023;105358;1365;53;11328709523;B
20241023;105401;1364.6;2;11328709769;B
20241023;105401;1364.6;20;11328709770;S
20241023;105401;1364.6;8;11328709771;S
20241023;105406;1363.4;1;11328710326;S
20241023;105406;1363;1;11328710327;S
20241023;105418;1364.4;8;11328711591;B
20241023;105418;1364.8;42;11328711592;B
20241023;105419;1363.4;5;11328711648;S
20241023;105436;1364.4;6;11328713668;B
20241023;105436;1364.4;10;11328713669;B
20241023;105436;1364.6;1;11328713670;B
20241023;105436;1364.6;5;11328713671;B
20241023;105436;1364.6;51;11328713672;B
20241023;105439;1363.8;10;11328714048;S
20241023;105440;1363.8;10;11328714161;S
20241023;105504;1363.4;1;11328729822;S
20241023;105508;1364.2;1;11328734369;B
20241023;105512;1364.2;6;11328738426;B
20241023;105513;1364.2;3;11328739816;B
20241023;105513;1364.2;10;11328739817;B
20241023;105513;1364.2;10;11328739818;B
20241023;105513;1364.2;10;11328739819;B
20241023;105513;1364.2;10;11328739820;B
20241023;105513;1364.2;11;11328739821;B
20241023;105513;1364.4;5;11328739822;B
20241023;105513;1364.4;15;11328739823;B
20241023;105525;1364.2;1;11328752784;S
20241023;105525;1363.8;8;11328752788;S
20241023;105529;1364.4;85;11328756339;B
20241023;105529;1364.4;5;11328756340;B
20241023;105529;1364.4;5;11328756341;B
20241023;105529;1364.4;20;11328756342;S
20241023;105529;1364.4;20;11328756343;S
20241023;105530;1364.4;5;11328756877;S
20241023;105532;1364.4;50;11328759276;S
20241023;105539;1364.4;1;11328764819;S
20241023;105551;1364.8;58;11328775673;B
20241023;105551;1364.8;8;11328775674;B
20241023;105551;1364.8;7;11328775675;B
20241023;105552;1364.4;5;11328776870;S
20241023;105612;1364.4;52;11328796681;S
20241023;105618;1364.4;1;11328803709;B
20241023;105626;1362.8;6;11328813068;S
20241023;105626;1362.6;56;11328813069;S
20241023;105626;1362.4;8;11328813070;S
20241023;105626;1362.4;30;11328813071;S
20241023;105626;1362.2;50;11328813072;S
20241023;105626;1362.2;30;11328813073;S
20241023;105626;1362;10;11328813074;S
20241023;105626;1362;1;11328813075;S
20241023;105626;1362;8;11328813076;S
20241023;105626;1362;40;11328813077;S
20241023;105626;1361.6;8;11328813078;S
20241023;105626;1361.6;25;11328813079;S
20241023;105626;1361.2;8;11328813080;S
20241023;105626;1361.2;20;11328813081;S
20241023;105629;1363.2;50;11328815622;B
20241023;105629;1363.2;23;11328815623;B
20241023;105641;1363.4;10;11328829301;B
20241023;105641;1363.4;2;11328829302;B
20241023;105641;1363.6;8;11328829303;B
20241023;105642;1363.6;3;11328830901;B
20241023;105706;1363.4;45;11328859535;B
20241023;105706;1363.4;10;11328859536;B
20241023;105706;1363.4;19;11328859537;B
20241023;105721;1362.4;1;11328876660;S
20241023;105721;1362.4;10;11328876661;S
20241023;105721;1362.4;1;11328876662;S
20241023;105721;1362.2;8;11328876663;S
20241023;105728;1362.2;2;11328884909;S
20241023;105728;1362.2;2;11328884910;S
20241023;105728;1362.2;1;11328884911;S
20241023;105744;1362.6;1;11328902814;B
20241023;105744;1362.8;2;11328902815;B
20241023;105744;1362.8;14;11328902816;B
20241023;105744;1362.8;20;11328902817;B
20241023;105744;1362.8;10;11328902818;B
20241023;105744;1362.8;13;11328902819;B
20241023;105744;1362.8;13;11328902820;B
20241023;105745;1362.6;1;11328903895;B
20241023;105745;1362.8;29;11328903896;B
20241023;105751;1362.8;1;11328910626;B
20241023;105752;1363;1;11328911722;B
20241023;105752;1363;1;11328912134;B
20241023;105804;1362.2;1;11328925021;S
20241023;105804;1362.2;9;11328925610;S
20241023;105804;1362.2;2;11328925611;S
20241023;105804;1362;10;11328925612;S
20241023;105804;1362;2;11328925613;S
20241023;105804;1362;1;11328925614;S
20241023;105804;1361.8;10;11328925615;S
20241023;105804;1361.6;2;11328925616;S
20241023;105804;1361.6;10;11328925617;S
20241023;105804;1361.4;4;11328925618;S
20241023;105807;1362.6;1;11328928522;B
20241023;105822;1362.6;16;11328942766;B
20241023;105822;1362.6;2;11328942767;B
20241023;105822;1362.6;1;11328942768;B
20241023;105822;1362.6;1;11328942769;B
20241023;105822;1362.8;20;11328942770;B
20241023;105822;1362.8;4;11328942771;B
20241023;105822;1362.8;23;11328942772;B
20241023;105822;1362.8;6;11328942773;B
20241023;105831;1362;10;11328951679;S
20241023;105831;1361.8;32;11328951680;S
20241023;105859;1362.6;10;11328982302;B
20241023;105859;1362.8;1;11328982303;B
20241023;105859;1362.8;32;11328982304;B
20241023;105859;1362.8;31;11328982305;B
20241023;105903;1362;1;11328986933;S
20241023;105925;1362.2;3;11329011494;S
20241023;105930;1362.2;7;11329015585;S
20241023;105930;1362;4;11329015586;S
20241023;105930;1362;2;11329015587;S
20241023;105930;1362;1;11329015588;S
20241023;105930;1362;1;11329016037;B
20241023;105937;1362;73;11329023712;B
20241023;105945;1362;2;11329032763;B
20241023;105945;1362.2;1;11329032764;B
20241023;105945;1362.6;1;11329032765;B
20241023;105945;1362.8;2;11329032766;B
20241023;105945;1363;35;11329032767;B
20241023;105945;1363;9;11329032768;B
20241023;105948;1362;2;11329035527;S
20241023;105948;1362;8;11329035528;S
20241023;110008;1362.2;10;11329057970;S
20241023;110008;1362.2;10;11329058837;S
20241023;110009;1362.8;1;11329059842;B
20241023;110015;1362.8;10;11329065830;B
20241023;110015;1362.8;8;11329065831;B
20241023;110015;1363;51;11329065832;B
20241023;110015;1363;2;11329065833;B
20241023;110015;1363.4;3;11329065834;B
20241023;110018;1363.4;1;11329070082;B
20241023;110026;1363.4;6;11329079359;B
20241023;110036;1362.6;3;11329090621;S
20241023;110045;1362.6;7;11329101372;S
20241023;110045;1362.6;1;11329101373;S
20241023;110045;1362.6;1;11329101374;S
20241023;110045;1362.4;10;11329101375;S
20241023;110045;1362.4;40;11329101376;S
20241023;110047;1362.2;10;11329103521;S
20241023;110047;1362;10;11329103522;S
20241023;110047;1362;10;11329103523;S
20241023;110047;1362;2;11329103524;S
20241023;110047;1361.8;10;11329103533;S
20241023;110047;1361.8;1;11329103534;S
20241023;110047;1361.6;10;11329103535;S
20241023;110047;1361.4;6;11329103573;S
20241023;110047;1361.4;3;11329103574;S
20241023;110047;1361.2;10;11329103575;S
20241023;110052;1362.2;1;11329109068;B
20241023;110052;1362.4;10;11329109069;B
20241023;110052;1362.6;10;11329109070;B
20241023;110052;1362.8;40;11329109071;B
20241023;110052;1363;1;11329109072;B
20241023;110052;1363;1;11329109073;B
20241023;110052;1363;3;11329109074;B
20241023;110052;1363;7;11329109075;B
20241023;110109;1362.6;2;11329123704;S
20241023;110109;1362.4;10;11329123705;S
20241023;110109;1362.4;2;11329123706;S
20241023;110112;1362.8;6;11329126118;B
20241023;110112;1363;217;11329126119;B
20241023;110120;1362.2;10;11329133355;S
20241023;110122;1362.2;1;11329135274;S
20241023;110130;1362;73;11329143303;B
20241023;110135;1361.8;2;11329149215;B
20241023;110155;1361.8;1;11329169359;B
20241023;110207;1361.6;3;11329182175;B
20241023;110207;1361.8;7;11329182176;B
20241023;110207;1362;55;11329182177;B
20241023;110207;1362.4;9;11329182178;B
20241023;110209;1361.6;10;11329183610;S
20241023;110209;1361.6;20;11329183611;S
20241023;110209;1361.4;2;11329183612;S
20241023;110209;1361.4;2;11329183613;S
20241023;110209;1361.4;1;11329183614;S
20241023;110209;1361.4;56;11329183615;S
20241023;110215;1361.4;10;11329189794;B
20241023;110215;1361.4;10;11329189806;B
20241023;110215;1361.4;10;11329189910;B
20241023;110215;1361.4;10;11329190016;B
20241023;110215;1361.4;10;11329190329;B
20241023;110216;1361.4;59;11329190331;B
20241023;110218;1361.6;20;11329192802;S
20241023;110218;1361.2;3;11329192803;S
20241023;110218;1361.2;40;11329192804;S
20241023;110218;1361;10;11329192805;S
20241023;110218;1361;1;11329192806;S
20241023;110218;1360.8;10;11329192807;S
20241023;110218;1360.8;2;11329192808;S
20241023;110218;1360.6;10;11329192809;S
20241023;110218;1360.6;2;11329192810;S
20241023;110218;1360.6;2;11329192811;S
20241023;110218;1361.4;2;11329193423;S
20241023;110219;1360.6;7;11329194104;S
20241023;110219;1360.4;7;11329194105;S
20241023;110234;1360.4;3;11329208904;S
20241023;110234;1360.4;1;11329208905;S
20241023;110234;1360.4;10;11329208906;S
20241023;110234;1360.2;2;11329208907;S
20241023;110234;1360;1;11329208908;S
20241023;110234;1360;10;11329208909;S
20241023;110234;1360;10;11329208910;S
20241023;110234;1359.8;2;11329208911;S
20241023;110234;1359.6;1;11329208912;S
20241023;110237;1359.6;9;11329212115;S
20241023;110237;1359.6;1;11329212116;S
20241023;110237;1359.6;15;11329212117;S
20241023;110244;1359.6;3;11329219062;S
20241023;110244;1359.4;10;11329219063;S
20241023;110244;1359.4;3;11329219064;S
20241023;110244;1359.4;1;11329219065;S
20241023;110245;1359.8;73;11329220269;B
20241023;110252;1359.8;2;11329226682;B
20241023;110252;1360;6;11329226683;B
20241023;110253;1359.6;1;11329227540;S
20241023;110301;1359.4;1;11329236222;B
20241023;110301;1359.8;1;11329236223;B
20241023;110311;1359.4;1;11329245648;S
20241023;110312;1359.8;1;11329246632;B
20241023;110323;1359.4;1;11329257829;B
20241023;110323;1359.8;54;11329257830;B
20241023;110323;1359.8;5;11329257831;B
20241023;110323;1359.8;1;11329257832;B
20241023;110323;1360;13;11329257833;B
20241023;110342;1359.6;1;11329279204;S
20241023;110345;1359.2;10;11329282148;S
20241023;110352;1359.2;1;11329289606;S
20241023;110352;1359.2;1;11329290112;S
20241023;110353;1359.2;1;11329290639;S
20241023;110359;1359.2;50;11329296098;S
20241023;110359;1359;15;11329296103;S
20241023;110359;1359;1;11329296104;S
20241023;110359;1359;1;11329296105;S
20241023;110359;1359;10;11329296106;S
20241023;110359;1359;3;11329296107;S
20241023;110400;1359.2;73;11329297277;B
20241023;110414;1359;1;11329308204;B
20241023;110424;1360.2;1;11329318486;B
20241023;110424;1360.2;1;11329318487;B
20241023;110424;1360.2;2;11329318488;B
20241023;110424;1360.4;6;11329318489;B
20241023;110425;1359.6;50;11329318789;S
20241023;110425;1359.6;1;11329318790;S
20241023;110425;1359.2;10;11329318791;S
20241023;110425;1359;5;11329318792;S
20241023;110425;1359;1;11329318793;S
20241023;110425;1359;7;11329318794;S
20241023;110432;1359;1;11329326869;S
20241023;110435;1358.8;10;11329330832;S
20241023;110435;1358.8;3;11329330833;S
20241023;110435;1358.8;2;11329330834;S
20241023;110435;1358.6;3;11329330835;S
20241023;110435;1358.6;2;11329330836;S
20241023;110435;1358.6;40;11329330837;S
20241023;110435;1358.4;10;11329330838;S
20241023;110435;1358.4;3;11329330839;S
20241023;110435;1358.4;3;11329330840;S
20241023;110435;1358.4;10;11329330841;S
20241023;110435;1358.4;2;11329330842;S
20241023;110435;1358.2;1;11329330843;S
20241023;110435;1358.2;3;11329330844;S
20241023;110435;1358.2;140;11329330845;S
20241023;110438;1358.8;10;11329333565;B
20241023;110438;1359.2;1;11329333566;B
20241023;110438;1359.2;40;11329333567;B
20241023;110438;1359.2;1;11329333568;B
20241023;110438;1359.2;5;11329333569;B
20241023;110438;1359.4;17;11329333570;B
20241023;110441;1359.4;4;11329336671;B
20241023;110458;1359.8;2;11329355484;B
20241023;110458;1359.8;2;11329355485;B
20241023;110458;1359.8;6;11329355486;B
20241023;110458;1360;15;11329355487;B
20241023;110459;1360;14;11329355751;B
20241023;110459;1360;2;11329355752;B
20241023;110459;1360.2;2;11329355753;B
20241023;110459;1360.4;1;11329356113;B
20241023;110505;1360.2;25;11329361863;B
20241023;110506;1360.2;31;11329363131;B
20241023;110506;1360.4;23;11329363132;B
20241023;110507;1360.4;74;11329364385;B
20241023;110509;1360.4;18;11329365817;B
20241023;110512;1360.4;50;11329369455;B
20241023;110513;1360.4;28;11329370523;B
20241023;110516;1361;10;11329373325;B
20241023;110516;1361.4;10;11329373326;B
20241023;110516;1361.6;53;11329373327;B
20241023;110516;1361.4;2;11329373782;B
20241023;110516;1361.6;2;11329373783;B
20241023;110517;1360.2;1;11329374695;S
20241023;110517;1360.2;1;11329374696;S
20241023;110524;1360.4;4;11329382243;S
20241023;110528;1360.6;2;11329386540;S
20241023;110538;1361.4;1;11329397402;B
20241023;110543;1361.6;10;11329402814;B
20241023;110553;1361.6;46;11329413345;B
20241023;110553;1362;15;11329413346;B
20241023;110553;1362;1;11329413347;B
20241023;110553;1362;1;11329413348;B
20241023;110553;1362;2;11329413349;B
20241023;110553;1362;2;11329413350;B
20241023;110553;1362.2;2;11329413351;B
20241023;110553;1362.4;2;11329413352;B
20241023;110553;1362.4;3;11329413353;B
20241023;110606;1362.4;1;11329425573;B
20241023;110608;1362.4;3;11329428390;S
20241023;110621;1362.6;3;11329442442;B
20241023;110622;1362.6;1;11329442922;B
20241023;110626;1362.4;2;11329447645;S
20241023;110629;1362.4;2;11329450785;S
20241023;110631;1362.6;39;11329453084;B
20241023;110631;1362.8;34;11329453085;B
20241023;110640;1362.6;2;11329461803;S
20241023;110649;1362.8;15;11329471575;B
20241023;110649;1362.8;1;11329471576;B
20241023;110649;1362.8;1;11329471577;B
20241023;110652;1362.8;17;11329475016;S
20241023;110701;1362.8;1;11329483151;S
20241023;110709;1363;74;11329489165;B
20241023;110712;1362.8;1;11329492603;S
20241023;110721;1363;3;11329501268;B
20241023;110729;1363;50;11329509648;B
20241023;110742;1363;10;11329524082;B
20241023;110746;1363;73;11329528088;B
20241023;110747;1363;18;11329529007;B
20241023;110749;1363;50;11329530733;B
20241023;110749;1363;5;11329530743;B
20241023;110749;1363;5;11329530744;B
20241023;110803;1364;1;11329545489;B
20241023;110804;1363.8;1;11329545865;S
20241023;110804;1363.8;3;11329545866;S
20241023;110804;1363.6;3;11329545867;S
20241023;110804;1363.4;3;11329545868;S
20241023;110804;1363.2;3;11329545869;S
20241023;110804;1363.2;37;11329545870;S
20241023;110812;1364;1;11329554802;B
20241023;110813;1363.8;3;11329554914;S
20241023;110815;1363.6;3;11329557110;S
20241023;110816;1363.4;3;11329558518;S
20241023;110824;1363.4;73;11329566870;B
20241023;110826;1363.2;4;11329568405;B
20241023;110838;1363.6;25;11329581261;B
20241023;110838;1363.6;7;11329581262;B
20241023;110838;1363.6;25;11329581263;B
20241023;110838;1363.8;97;11329581264;B
20241023;110838;1364;3;11329581265;B
20241023;110838;1364;40;11329581266;B
20241023;110838;1364.2;5;11329581267;B
20241023;110838;1364.2;18;11329581268;B
20241023;110838;1364.2;74;11329581269;B
20241023;110838;1364.2;19;11329581270;B
20241023;110843;1364.4;1;11329586923;B
20241023;110851;1364.2;1;11329595893;B
20241023;110851;1364.2;1;11329595894;B
20241023;110851;1364.4;4;11329595895;B
20241023;110902;1364.4;42;11329606684;B
20241023;110902;1364.4;32;11329606685;B
20241023;110924;1364.2;1;11329628817;S
20241023;110932;1364.4;18;11329637002;B
20241023;110932;1364.8;5;11329637003;B
20241023;110932;1364.8;47;11329637004;B
20241023;110937;1364.8;15;11329641762;B
20241023;110937;1364.8;3;11329641763;B
20241023;110938;1364.8;3;11329642731;B
20241023;110938;1364.4;2;11329642940;S
20241023;110939;1364.8;34;11329643899;B
20241023;110939;1365;16;11329643900;B
20241023;110939;1365;12;11329643901;B
20241023;110939;1365;11;11329643902;B
20241023;110943;1365;3;11329647602;B
20241023;110949;1365;6;11329652204;B
20241023;110949;1365;5;11329652205;B
20241023;110949;1365;3;11329652206;B
20241023;110953;1365;20;11329654922;B
20241023;110954;1365;1;11329655923;B
20241023;111001;1365;1;11329661149;B
20241023;111006;1365;1;11329665587;B
20241023;111007;1365;1;11329666629;B
20241023;111011;1365;1;11329671077;B
20241023;111017;1365;73;11329677022;B
20241023;111041;1365;40;11329702163;B
20241023;111048;1365;74;11329708938;B
20241023;111051;1365;50;11329711179;B
20241023;111051;1365;70;11329712770;B
20241023;111051;1365;5;11329712848;B
20241023;111051;1365;12;11329712849;B
20241023;111051;1365;1;11329712850;B
20241023;111055;1365.8;30;11329715411;B
20241023;111055;1366;26;11329715412;B
20241023;111055;1366;17;11329715413;B
20241023;111056;1365.2;3;11329716679;S
20241023;111056;1365;3;11329716680;S
20241023;111101;1364.8;1;11329722369;S
20241023;111117;1365;25;11329738073;B
20241023;111125;1365;10;11329745331;B
20241023;111132;1365;14;11329753370;B
20241023;111132;1365.8;18;11329753371;B
20241023;111132;1366;33;11329753372;B
20241023;111132;1366;9;11329753373;B
20241023;111132;1364.8;1;11329753740;S
20241023;111159;1365.2;1;11329781181;S
20241023;111159;1365;2;11329781182;S
20241023;111159;1365;1;11329781183;S
20241023;111205;1365.2;1;11329786562;S
20241023;111210;1366;21;11329790891;B
20241023;111210;1366;1;11329790892;B
20241023;111210;1366;2;11329790893;B
20241023;111210;1366;1;11329790894;B
20241023;111210;1366;1;11329790895;B
20241023;111210;1366.2;47;11329790896;B
20241023;111211;1365.2;1;11329792063;S
20241023;111213;1365.2;1;11329795258;S
20241023;111236;1366;1;11329818515;B
20241023;111237;1365.2;3;11329819463;S
20241023;111237;1365.2;1;11329819464;S
20241023;111237;1365.2;1;11329819465;S
20241023;111247;1366;1;11329828503;B
20241023;111247;1366;3;11329828504;B
20241023;111247;1366.2;69;11329828505;B
20241023;111258;1366;1;11329837652;B
20241023;111312;1366;1;11329850990;B
20241023;111312;1366;1;11329850991;B
20241023;111325;1366;1;11329865173;B
20241023;111325;1366.2;72;11329865174;B
20241023;111333;1366.2;50;11329866157;B
20241023;111336;1366;4;11329866530;S
20241023;111354;1366.2;8;11329868859;B
20241023;111354;1366.6;50;11329868860;B
20241023;111354;1366.8;37;11329868861;B
20241023;111357;1366.4;2;11329869365;S
20241023;111357;1366.4;5;11329869382;S
20241023;111357;1366.2;3;11329869383;S
20241023;111401;1366.4;5;11329870047;B
20241023;111401;1366.8;5;11329870048;B
20241023;111403;1366.8;5;11329870270;B
20241023;111403;1367;1;11329870271;B
20241023;111403;1367;26;11329870272;B
20241023;111403;1367;1;11329870273;B
20241023;111403;1367;2;11329870274;B
20241023;111403;1367;5;11329870275;B
20241023;111403;1367.2;3;11329870276;B
20241023;111403;1367.2;1;11329870277;B
20241023;111403;1367.2;2;11329870278;B
20241023;111403;1367.2;2;11329870279;B
20241023;111403;1367.2;3;11329870280;B
20241023;111403;1367.4;22;11329870281;B
20241023;111416;1366.8;2;11329872021;S
20241023;111417;1366.8;2;11329872259;S
20241023;111417;1366.8;5;11329872260;S
20241023;111417;1366.6;10;11329872261;S
20241023;111417;1366.6;20;11329872262;S
20241023;111429;1366.8;1;11329873765;S
20241023;111431;1367.2;1;11329874009;B
20241023;111440;1367.2;1;11329875236;B
20241023;111440;1367.2;1;11329875237;B
20241023;111440;1367.2;1;11329875238;B
20241023;111440;1367.2;1;11329875239;B
20241023;111440;1367.2;1;11329875240;B
20241023;111440;1367.2;10;11329875241;B
20241023;111440;1367.4;28;11329875242;B
20241023;111440;1367.4;5;11329875243;B
20241023;111440;1367.4;10;11329875244;B
20241023;111440;1367.4;15;11329875245;B
20241023;111449;1367.4;1;11329876327;B
20241023;111451;1367;5;11329876764;S
20241023;111455;1367;5;11329877202;B
20241023;111455;1367;2;11329877203;B
20241023;111455;1367.4;4;11329877204;B
20241023;111455;1367.6;4;11329877205;B
20241023;111455;1367.6;10;11329877252;B
20241023;111458;1367.6;6;11329877587;B
20241023;111458;1367.8;1;11329877588;B
20241023;111458;1367.8;5;11329877589;B
20241023;111458;1368;30;11329877590;B
20241023;111458;1368;26;11329877591;B
20241023;111458;1368;25;11329877592;B
20241023;111458;1368;2;11329877593;B
20241023;111458;1368.2;30;11329877594;B
20241023;111458;1368.4;20;11329877595;B
20241023;111458;1368.4;1;11329877596;B
20241023;111458;1368.4;30;11329877597;B
20241023;111458;1368.8;4;11329877598;B
20241023;111458;1367;20;11329877599;S
20241023;111458;1367;17;11329877600;S
20241023;111518;1368;5;11329880367;B
20241023;111518;1368.4;37;11329880368;B
20241023;111518;1368.4;32;11329880369;B
20241023;111524;1368.6;30;11329881194;B
20241023;111524;1368.6;10;11329881195;B
20241023;111524;1368.8;1;11329881197;B
20241023;111524;1369;1;11329881198;B
20241023;111524;1369;3;11329881199;B
20241023;111530;1369;4;11329881909;B
20241023;111530;1369;4;11329881910;B
20241023;111530;1369;12;11329881911;B
20241023;111543;1368.4;10;11329883796;S
20241023;111543;1368.4;10;11329883797;S
20241023;111543;1368.2;1;11329883858;S
20241023;111543;1368;2;11329883890;S
20241023;111543;1368;9;11329883891;S
20241023;111543;1368;32;11329883892;S
20241023;111556;1368;1;11329886067;B
20241023;111556;1368.4;1;11329886068;B
20241023;111556;1368.4;1;11329886069;B
20241023;111556;1368.4;38;11329886070;B
20241023;111556;1368.4;10;11329886071;B
20241023;111556;1368.4;10;11329886072;B
20241023;111556;1368.4;12;11329886073;B
20241023;111600;1368.2;1;11329886728;B
20241023;111618;1368.4;2;11329889376;B
20241023;111628;1368.4;3;11329890838;B
20241023;111628;1368.2;2;11329890877;S
20241023;111628;1368;2;11329890878;S
20241023;111628;1367.8;2;11329890879;S
20241023;111628;1367.6;1;11329890880;S
20241023;111628;1367.6;2;11329890881;S
20241023;111628;1367.4;7;11329890882;S
20241023;111633;1368.2;32;11329891643;B
20241023;111633;1368.4;5;11329891644;B
20241023;111633;1368.4;25;11329891645;B
20241023;111633;1368.4;5;11329891646;B
20241023;111633;1368.4;6;11329891647;B
20241023;111635;1368.6;1;11329891834;B
20241023;111638;1367.8;1;11329892300;S
20241023;111655;1367.8;3;11329895069;S
20241023;111655;1367.8;10;11329895070;S
20241023;111655;1367.6;7;11329895071;S
20241023;111656;1368.2;1;11329895467;B
20241023;111711;1368;11;11329897992;B
20241023;111711;1368.4;1;11329897993;B
20241023;111711;1368.4;3;11329897994;B
20241023;111711;1368.4;10;11329897995;B
20241023;111711;1368.6;10;11329897996;B
20241023;111711;1368.6;10;11329897997;B
20241023;111711;1368.6;2;11329897998;B
20241023;111711;1368.6;2;11329897999;B
20241023;111711;1368.6;1;11329898000;B
20241023;111711;1368.6;10;11329898001;B
20241023;111711;1368.6;2;11329898002;B
20241023;111711;1368.8;1;11329898003;B
20241023;111711;1368.8;10;11329898004;B
20241023;111712;1367.6;3;11329898220;S
20241023;111712;1367.4;3;11329898221;S
20241023;111712;1367.4;1;11329898222;S
20241023;111712;1367.4;2;11329898223;S
20241023;111712;1367.4;5;11329898224;S
20241023;111715;1368.4;1;11329898610;B
20241023;111718;1368.6;2;11329898979;B
20241023;111721;1367.6;1;11329899739;S
20241023;111721;1367.6;1;11329899740;S
20241023;111726;1368.6;3;11329900642;B
20241023;111729;1367.6;4;11329900972;S
20241023;111730;1367.6;2;11329901173;S
20241023;111735;1368.6;1;11329901883;B
20241023;111749;1368.6;1;11329903902;B
20241023;111749;1368.6;1;11329903903;B
20241023;111749;1368.6;2;11329903904;B
20241023;111749;1368.6;1;11329903905;B
20241023;111749;1368.6;5;11329903906;B
20241023;111749;1368.6;1;11329903907;B
20241023;111749;1368.6;10;11329903908;B
20241023;111749;1368.8;52;11329903909;B
20241023;111753;1368.8;1;11329904462;B
20241023;111756;1368.8;11;11329905028;B
20241023;111756;1368.8;7;11329905029;B
20241023;111804;1368;10;11329906291;S
20241023;111804;1368;5;11329906292;S
20241023;111816;1367.8;1;11329908410;S
20241023;111816;1367.8;4;11329908411;S
20241023;111816;1367.8;5;11329908412;S
20241023;111816;1367.6;2;11329908552;S
20241023;111822;1368;2;11329909419;B
20241023;111824;1367.6;1;11329909609;S
20241023;111824;1367.6;2;11329909610;S
20241023;111824;1367.6;2;11329909611;S
20241023;111824;1367.6;1;11329909612;S
20241023;111824;1367.6;10;11329909613;S
20241023;111824;1367.6;5;11329909614;S
20241023;111824;1367.4;29;11329909615;S
20241023;111825;1367.4;6;11329909730;S
20241023;111826;1368;14;11329910033;B
20241023;111826;1368.6;5;11329910034;B
20241023;111826;1368.6;5;11329910035;B
20241023;111826;1368.6;3;11329910036;B
20241023;111826;1368.6;10;11329910037;B
20241023;111826;1368.8;23;11329910038;B
20241023;111826;1368.8;1;11329910039;B
20241023;111826;1368.8;1;11329910040;B
20241023;111826;1368.8;1;11329910041;B
20241023;111826;1368.8;5;11329910042;B
20241023;111826;1368.8;5;11329910043;B
20241023;111829;1368.6;5;11329910463;B
20241023;111829;1368.8;3;11329910464;B
20241023;111844;1368.6;1;11329913223;B
20241023;111849;1368.8;2;11329913923;B
20241023;111849;1368.8;1;11329913924;B
20241023;111903;1368.6;10;11329916283;S
20241023;111903;1368;1;11329916284;S
20241023;111903;1368;56;11329916285;S
20241023;111904;1368;73;11329916393;B
20241023;111908;1368;11;11329916971;B
20241023;111910;1368;100;11329917364;B
20241023;111911;1368;40;11329917475;B
20241023;111911;1368;9;11329917479;B
20241023;111913;1368.8;1;11329917755;B
20241023;111913;1368.8;1;11329917756;B
20241023;111913;1368.8;15;11329917757;B
20241023;111913;1369;14;11329917758;B
20241023;111913;1369;4;11329917759;B
20241023;111913;1369.2;10;11329917760;B
20241023;111913;1369.2;3;11329917761;B
20241023;111913;1369.2;3;11329917762;B
20241023;111913;1369.2;32;11329917763;B
20241023;111913;1369.6;4;11329917764;B
20241023;111913;1369.6;15;11329917765;B
20241023;111916;1369.2;10;11329918390;B
20241023;111924;1369.2;2;11329919746;B
20241023;111924;1369.4;1;11329919747;B
20241023;111928;1369.6;1;11329920257;B
20241023;111933;1369.6;30;11329920909;B
20241023;111933;1369.6;10;11329920910;B
20241023;111934;1368.8;2;11329921287;S
20241023;111934;1369.6;1;11329921347;B
20241023;111942;1369.6;39;11329922386;B
20241023;111942;1369.8;34;11329922387;B
20241023;112008;1369.8;21;11329925883;B
20241023;112008;1369.8;31;11329925884;B
20241023;112010;1369.6;1;11329926162;B
20241023;112010;1369.8;1;11329926163;B
20241023;112014;1369;1;11329926738;S
20241023;112014;1369;1;11329926739;S
20241023;112014;1368.8;7;11329926740;S
20241023;112014;1368.8;1;11329926741;S
20241023;112016;1369.6;1;11329927083;B
20241023;112016;1369.6;1;11329927093;B
20241023;112019;1369.6;19;11329927434;B
20241023;112019;1369.6;1;11329927435;B
20241023;112019;1369.8;53;11329927436;B
20241023;112025;1368.8;1;11329928188;S
20241023;112025;1368.8;4;11329928189;S
20241023;112025;1368.8;1;11329928190;S
20241023;112025;1368.8;1;11329928191;S
20241023;112033;1368.2;1;11329929316;S
20241023;112040;1368.2;3;11329930360;S
20241023;112040;1368.2;4;11329930361;S
20241023;112040;1368.2;1;11329930362;S
20241023;112042;1368;2;11329930655;S
20241023;112045;1368.2;6;11329931047;B
20241023;112052;1368.2;12;11329932016;B
20241023;112057;1368.2;4;11329932677;B
20241023;112057;1368.2;69;11329932678;B
20241023;112100;1368.2;1;11329933012;B
20241023;112100;1368.2;2;11329933061;B
20241023;112104;1368;13;11329933752;S
20241023;112120;1368.2;8;11329936352;S
20241023;112134;1368.8;1;11329938123;B
20241023;112134;1368.8;4;11329938124;B
20241023;112134;1368.8;4;11329938227;B
20241023;112134;1369;69;11329938228;B
20241023;112144;1369;1;11329939582;B
20241023;112146;1368.6;2;11329939809;S
20241023;112146;1369;1;11329939856;B
20241023;112150;1368.6;30;11329940257;S
20241023;112150;1369;5;11329940368;B
20241023;112151;1368.6;30;11329940382;S
20241023;112151;1368.4;1;11329940383;S
20241023;112151;1368.4;30;11329940384;S
20241023;112151;1368.4;2;11329940385;S
20241023;112151;1368.2;2;11329940386;S
20241023;112151;1368;8;11329940387;S
20241023;112153;1368.8;1;11329940689;B
20241023;112153;1369;9;11329940690;B
20241023;112156;1369;1;11329941100;B
20241023;112156;1369;17;11329941216;B
20241023;112157;1369;5;11329941242;B
20241023;112159;1368.2;56;11329941605;S
20241023;112159;1368.2;44;11329941606;S
20241023;112204;1368.2;6;11329942225;S
20241023;112204;1368.2;1;11329942226;S
20241023;112212;1368.8;56;11329943370;B
20241023;112212;1368.8;17;11329943371;B
20241023;112222;1368.8;1;11329944851;B
20241023;112222;1368.8;50;11329944852;B
20241023;112222;1369;92;11329944853;B
20241023;112222;1369;4;11329944854;B
20241023;112222;1369;100;11329944855;B
20241023;112222;1369;100;11329944856;B
20241023;112222;1369;4;11329944857;B
20241023;112222;1369.4;2;11329944858;B
20241023;112222;1369.6;2;11329944859;B
20241023;112222;1369.6;4;11329944860;B
20241023;112222;1369.6;4;11329944861;B
20241023;112222;1369.6;4;11329944862;B
20241023;112222;1369.6;25;11329944863;B
20241023;112222;1369.6;18;11329944864;B
20241023;112222;1369.6;2;11329944865;B
20241023;112222;1369.8;10;11329944866;B
20241023;112222;1369.8;6;11329944867;B
20241023;112222;1369.8;1;11329944868;B
20241023;112222;1369.8;2;11329944869;B
20241023;112222;1369.8;44;11329944870;B
20241023;112239;1369.8;1;11329947340;B
20241023;112249;1368.8;1;11329948654;S
20241023;112250;1369.8;4;11329948800;B
20241023;112250;1369.8;1;11329948801;B
20241023;112250;1370;1;11329948802;B
20241023;112250;1370;49;11329948803;B
20241023;112250;1370;4;11329948804;B
20241023;112250;1370;1;11329948805;B
20241023;112250;1370;13;11329948806;B
20241023;112300;1369.8;1;11329950286;B
20241023;112300;1369.8;1;11329950287;B
20241023;112319;1370;4;11329952431;B
20241023;112320;1370;13;11329952504;B
20241023;112320;1370;87;11329952505;B
20241023;112321;1370;100;11329952512;B
20241023;112322;1369.8;2;11329952710;S
20241023;112323;1370;36;11329952809;B
20241023;112323;1370;1;11329952810;B
20241023;112323;1370;12;11329952811;B
20241023;112323;1370;32;11329952812;B
20241023;112323;1370;19;11329952813;B
20241023;112324;1370;61;11329952823;B
20241023;112324;1370;39;11329952824;B
20241023;112324;1370;31;11329952844;B
20241023;112324;1370;19;11329952845;B
20241023;112325;1370;50;11329952879;B
20241023;112327;1370;73;11329953057;B
20241023;112328;1370;2;11329953075;B
20241023;112328;1369.8;1;11329953169;S
20241023;112330;1369.8;1;11329953527;B
20241023;112330;1369.8;1;11329953573;B
20241023;112339;1369.8;50;11329955971;B
20241023;112346;1369.6;1;11329957630;B
20241023;112347;1369.6;7;11329958027;B
20241023;112347;1369.6;3;11329958028;B
20241023;112402;1369.6;7;11329961426;B
20241023;112402;1369.6;3;11329961427;B
20241023;112405;1369.6;2;11329961882;B
20241023;112405;1369.6;10;11329961883;B
20241023;112405;1369.6;1;11329961884;B
20241023;112405;1369.8;26;11329961885;B
20241023;112405;1369.8;1;11329961886;B
20241023;112405;1369.8;33;11329961887;B
20241023;112416;1369.6;7;11329963450;B
20241023;112419;1369.6;1;11329963786;B
20241023;112423;1369.2;1;11329964456;S
20241023;112430;1369.6;1;11329965994;B
20241023;112431;1369.6;1;11329966243;B
20241023;112431;1369.6;10;11329966244;B
20241023;112431;1369.6;9;11329966245;B
20241023;112432;1369;2;11329966433;S
20241023;112443;1369.6;41;11329967961;B
20241023;112443;1369.6;30;11329967962;B
20241023;112443;1369.6;1;11329967963;B
20241023;112443;1369.8;1;11329967964;B
20241023;112449;1369.2;1;11329968609;S
20241023;112449;1369;2;11329968610;S
20241023;112449;1369;4;11329968611;S
20241023;112449;1369;1;11329968612;S
20241023;112449;1369;1;11329968613;S
20241023;112449;1368.8;49;11329968614;S
20241023;112449;1368.8;1;11329968615;S
20241023;112449;1368.6;4;11329968616;S
20241023;112449;1368.6;6;11329968617;S
20241023;112449;1368.6;2;11329968618;S
20241023;112449;1368.4;1;11329968619;S
20241023;112449;1368.4;3;11329968620;S
20241023;112449;1368.4;1;11329968621;S
20241023;112449;1368.4;30;11329968622;S
20241023;112449;1368.4;2;11329968623;S
20241023;112449;1368.2;8;11329968624;S
20241023;112449;1369.6;8;11329968645;B
20241023;112450;1368.4;1;11329968764;S
20241023;112520;1369.2;1;11329971198;B
20241023;112520;1369.2;1;11329971199;B
20241023;112520;1369.4;1;11329971200;B
20241023;112520;1369.4;3;11329971201;B
20241023;112520;1369.4;67;11329971202;B
20241023;112525;1369.4;34;11329971622;B
20241023;112533;1369.6;5;11329972464;B
20241023;112537;1369.6;30;11329972685;B
20241023;112538;1369.4;5;11329972724;S
20241023;112538;1369.4;2;11329972737;S
20241023;112543;1369.4;9;11329973306;S
20241023;112543;1369.2;1;11329973307;S
20241023;112543;1368.8;1;11329973308;S
20241023;112543;1368.8;3;11329973309;S
20241023;112543;1368.8;1;11329973310;S
20241023;112543;1368.8;1;11329973311;S
20241023;112543;1368.6;1;11329973312;S
20241023;112543;1368.6;33;11329973313;S
20241023;112547;1369.6;10;11329973839;B
20241023;112558;1369.4;1;11329974981;B
20241023;112558;1369.6;5;11329974982;B
20241023;112558;1369.6;2;11329974983;B
20241023;112558;1369.6;2;11329974984;B
20241023;112558;1369.6;2;11329974985;B
20241023;112558;1369.6;2;11329974986;B
20241023;112558;1369.6;2;11329974987;B
20241023;112558;1369.6;1;11329974988;B
20241023;112558;1369.6;1;11329974989;B
20241023;112558;1369.6;1;11329974990;B
20241023;112558;1369.6;1;11329974991;B
20241023;112558;1369.6;3;11329974992;B
20241023;112558;1369.6;2;11329974993;B
20241023;112558;1369.6;1;11329974994;B
20241023;112558;1369.6;32;11329974995;B
20241023;112558;1369.6;1;11329974996;B
20241023;112558;1369.6;1;11329974997;B
20241023;112558;1369.8;13;11329974998;B
20241023;112606;1369.4;1;11329975847;B
20241023;112606;1369.8;4;11329975848;B
20241023;112612;1369.8;1;11329976377;B
20241023;112614;1369.8;8;11329976565;B
20241023;112632;1369.6;1;11329978908;B
20241023;112632;1369.8;6;11329978909;B
20241023;112636;1369.8;34;11329979193;B
20241023;112636;1369.8;2;11329979194;B
20241023;112636;1369.8;5;11329979195;B
20241023;112636;1369.8;1;11329979196;B
20241023;112636;1369.8;30;11329979197;B
20241023;112636;1369.8;1;11329979198;B
20241023;112643;1369.2;1;11329980109;S
20241023;112643;1369;1;11329980110;S
20241023;112643;1369;2;11329980111;S
20241023;112643;1369;2;11329980112;S
20241023;112643;1369;2;11329980113;S
20241023;112643;1368.8;1;11329980114;S
20241023;112643;1368.8;3;11329980115;S
20241023;112643;1368.8;1;11329980116;S
20241023;112643;1368.8;2;11329980117;S
20241023;112643;1368.6;50;11329980118;S
20241023;112643;1368.6;1;11329980119;S
20241023;112643;1368.6;2;11329980120;S
20241023;112643;1368.6;1;11329980121;S
20241023;112643;1368.4;4;11329980122;S
20241023;112643;1368.4;2;11329980123;S
20241023;112643;1368.4;1;11329980124;S
20241023;112643;1368.4;2;11329980125;S
20241023;112643;1368.4;2;11329980126;S
20241023;112643;1368.2;2;11329980127;S
20241023;112643;1368.2;18;11329980128;S
20241023;112643;1369.4;1;11329980146;B
20241023;112646;1369.4;17;11329980401;B
20241023;112646;1369.4;4;11329980402;B
20241023;112646;1369.6;45;11329980403;B
20241023;112646;1369.6;1;11329980404;B
20241023;112646;1369.6;50;11329980405;B
20241023;112646;1369.6;2;11329980406;B
20241023;112646;1369.8;1;11329980407;B
20241023;112646;1369.8;2;11329980408;B
20241023;112646;1369.8;30;11329980409;B
20241023;112646;1369.8;5;11329980410;B
20241023;112646;1369.8;34;11329980411;B
20241023;112649;1368.6;1;11329980616;S
20241023;112649;1369.6;2;11329980631;B
20241023;112649;1369.6;1;11329980632;B
20241023;112649;1369.6;2;11329980633;B
20241023;112649;1369.8;98;11329980634;B
20241023;112649;1369.8;2;11329980635;B
20241023;112649;1370;14;11329980636;B
20241023;112649;1370;131;11329980637;B
20241023;112657;1369.8;1;11329981175;B
20241023;112657;1369.8;2;11329981176;B
20241023;112702;1369.8;7;11329981717;S
20241023;112702;1369.4;1;11329981718;S
20241023;112702;1369.2;13;11329981719;S
20241023;112704;1370;3;11329981884;B
20241023;112704;1370;1;11329981885;B
20241023;112704;1370;4;11329981887;B
20241023;112705;1370;4;11329981892;B
20241023;112705;1370;4;11329981894;B
20241023;112705;1370;4;11329981898;B
20241023;112705;1370;4;11329981900;B
20241023;112705;1370;4;11329981902;B
20241023;112705;1370;4;11329981913;B
20241023;112705;1370;3;11329981917;B
20241023;112707;1369.2;32;11329982278;S
20241023;112707;1369.2;50;11329982279;S
20241023;112707;1369.2;18;11329982280;S
20241023;112709;1369.2;1;11329982501;S
20241023;112709;1369;1;11329982502;S
20241023;112713;1369.6;1;11329983001;B
20241023;112713;1369.6;45;11329983002;B
20241023;112713;1369.8;1;11329983003;B
20241023;112713;1369.8;26;11329983004;B
20241023;112718;1369;2;11329983502;S
20241023;112722;1369;7;11329984475;S
20241023;112722;1369;1;11329984476;S
20241023;112722;1369;2;11329984477;S
20241023;112722;1369;2;11329984478;S
20241023;112722;1369;1;11329984479;S
20241023;112729;1369;2;11329985160;B
20241023;112730;1368.8;2;11329985305;S
20241023;112730;1368.8;2;11329985306;S
20241023;112730;1368.8;46;11329985307;S
20241023;112731;1368.8;1;11329985412;S
20241023;112736;1368.8;3;11329985914;S
20241023;112736;1368.8;1;11329985915;S
20241023;112736;1368.6;2;11329985916;S
20241023;112736;1368.6;2;11329985917;S
20241023;112736;1368.4;1;11329985918;S
20241023;112736;1368.4;2;11329985919;S
20241023;112736;1368.4;2;11329985920;S
20241023;112736;1368.2;2;11329985921;S
20241023;112736;1368.2;2;11329985922;S
20241023;112736;1368.2;2;11329985923;S
20241023;112736;1368.2;1;11329985924;S
20241023;112736;1368.2;1;11329985925;S
20241023;112736;1368;29;11329985926;S
20241023;112737;1368;36;11329986159;S
20241023;112737;1368;1;11329986160;S
20241023;112737;1368;13;11329986161;S
20241023;112738;1368;15;11329986225;S
20241023;112738;1368;25;11329986226;S
20241023;112738;1368;3;11329986227;S
20241023;112738;1368;2;11329986228;S
20241023;112738;1368;2;11329986229;S
20241023;112738;1367.8;25;11329986258;S
20241023;112738;1367.8;1;11329986259;S
20241023;112738;1367.8;2;11329986260;S
20241023;112738;1367.8;2;11329986261;S
20241023;112738;1367.6;1;11329986270;S
20241023;112744;1368;2;11329986904;B
20241023;112744;1367.2;5;11329986906;S
20241023;112744;1367.2;15;11329986907;S
20241023;112746;1367.2;30;11329986990;B
20241023;112751;1368;1;11329987439;B
20241023;112751;1368.2;1;11329987440;B
20241023;112751;1368.4;1;11329987441;B
20241023;112751;1368.6;2;11329987442;B
20241023;112751;1368.6;50;11329987443;B
20241023;112751;1368.6;1;11329987444;B
20241023;112751;1368.8;17;11329987445;B
20241023;112801;1368.6;1;11329988537;B
20241023;112801;1368.8;4;11329988538;B
20241023;112801;1368.8;3;11329988539;B
20241023;112801;1368.8;3;11329988540;B
20241023;112801;1368.8;5;11329988544;B
20241023;112801;1368.8;3;11329988545;B
20241023;112801;1368.8;3;11329988548;B
20241023;112801;1368.8;5;11329988550;B
20241023;112801;1368.8;3;11329988552;B
20241023;112801;1368.8;3;11329988553;B
20241023;112801;1368.8;5;11329988555;B
20241023;112801;1368.8;3;11329988556;B
20241023;112801;1368.8;3;11329988557;B
20241023;112801;1368.8;5;11329988563;B
20241023;112801;1368.8;3;11329988565;B
20241023;112801;1368.8;3;11329988566;B
20241023;112801;1368.8;5;11329988571;B
20241023;112801;1368.8;3;11329988572;B
20241023;112801;1368.8;3;11329988573;B
20241023;112801;1368.8;5;11329988575;B
20241023;112801;1368.8;3;11329988576;B
20241023;112801;1368.8;3;11329988577;B
20241023;112801;1368.8;5;11329988579;B
20241023;112801;1368.8;2;11329988580;B
20241023;112801;1368.8;1;11329988581;B
20241023;112801;1368.8;3;11329988582;B
20241023;112801;1368.8;5;11329988588;B
20241023;112801;1368.8;3;11329988589;B
20241023;112801;1368.8;3;11329988590;B
20241023;112801;1368.8;5;11329988593;B
20241023;112801;1368.8;3;11329988594;B
20241023;112801;1368.8;3;11329988598;B
20241023;112801;1368.8;31;11329988604;B
20241023;112801;1368.8;3;11329988606;B
20241023;112801;1368.8;3;11329988607;B
20241023;112801;1368.8;47;11329988614;B
20241023;112801;1369;5;11329988615;B
20241023;112808;1369.2;1;11329989780;B
20241023;112812;1369;16;11329990173;S
20241023;112829;1368.8;1;11329993055;B
20241023;112829;1369;2;11329993056;B
20241023;112829;1369.2;3;11329993057;B
20241023;112829;1369.2;67;11329993058;B
20241023;112854;1369.2;5;11329995890;B
20241023;112859;1369.2;26;11329996428;B
20241023;112906;1369.2;2;11329997248;B
20241023;112906;1369.2;18;11329997249;B
20241023;112906;1369.4;10;11329997250;B
20241023;112906;1369.4;5;11329997251;B
20241023;112906;1369.4;10;11329997252;B
20241023;112906;1369.6;4;11329997253;B
20241023;112906;1369.6;4;11329997254;B
20241023;112906;1369.6;4;11329997255;B
20241023;112906;1369.6;4;11329997256;B
20241023;112906;1369.6;2;11329997257;B
20241023;112906;1369.6;2;11329997258;B
20241023;112906;1369.6;2;11329997259;B
20241023;112906;1369.6;1;11329997260;B
20241023;112906;1369.6;2;11329997261;B
20241023;112906;1369.6;2;11329997262;B
20241023;112906;1369.6;1;11329997263;B
20241023;112916;1368.4;1;11329998004;S
20241023;112916;1368.2;1;11329998005;S
20241023;112916;1368;1;11329998006;S
20241023;112916;1368;1;11329998007;S
20241023;112916;1367.8;1;11329998008;S
20241023;112916;1367.8;5;11329998009;S
20241023;112916;1367.6;1;11329998010;S
20241023;112916;1367.6;2;11329998011;S
20241023;112916;1367.6;8;11329998012;S
20241023;112944;1369;1;11330000893;B
20241023;112944;1369;1;11330000894;B
20241023;112944;1369.2;1;11330000895;B
20241023;112944;1369.2;2;11330000896;B
20241023;112944;1369.2;1;11330000897;B
20241023;112944;1369.4;2;11330000898;B
20241023;112944;1369.4;1;11330000899;B
20241023;112944;1369.4;2;11330000900;B
20241023;112944;1369.6;25;11330000901;B
20241023;112944;1369.6;10;11330000902;B
20241023;112944;1369.6;10;11330000903;B
20241023;112944;1369.6;1;11330000904;B
20241023;112944;1369.6;2;11330000905;B
20241023;112944;1369.6;2;11330000906;B
20241023;112944;1369.6;1;11330000907;B
20241023;112944;1369.6;5;11330000908;B
20241023;112944;1369.8;6;11330000909;B
20241023;112946;1369.8;8;11330001039;B
20241023;112951;1369.8;36;11330001412;B
20241023;112955;1369.8;6;11330001722;B
20241023;112955;1369.8;4;11330001723;B
20241023;113004;1369.8;42;11330002512;B
20241023;113022;1369.8;25;11330004316;B
20241023;113022;1369.8;1;11330004317;B
20241023;113022;1369.8;47;11330004318;B
20241023;113029;1369.8;1;11330005043;B
20241023;113029;1370;15;11330005044;B
20241023;113033;1370;1;11330005365;B
20241023;113033;1370;4;11330005471;B
20241023;113041;1370;2;11330006408;B
20241023;113059;1370;21;11330008052;B
20241023;113059;1370;7;11330008053;B
20241023;113059;1370;45;11330008054;B
20241023;113108;1370;1;11330009098;B
20241023;113113;1370;1;11330009473;B
20241023;113115;1370;300;11330009720;B
20241023;113115;1370;110;11330009721;B
20241023;113115;1370;1;11330009722;B
20241023;113115;1370;1;11330009723;B
20241023;113115;1370;1;11330009724;B
20241023;113115;1370.2;70;11330009725;B
20241023;113116;1370.2;17;11330009771;S
20241023;113116;1370.2;20;11330009772;S
20241023;113117;1370.4;2;11330009852;S
20241023;113117;1370;74;11330009853;S
20241023;113117;1370;56;11330009854;S
20241023;113117;1370;20;11330009855;S
20241023;113117;1369.8;25;11330009856;S
20241023;113117;1369.8;1;11330009857;S
20241023;113117;1369.8;22;11330009858;S
20241023;113122;1370.8;1;11330010220;S
20241023;113124;1371;33;11330010329;B
20241023;113124;1371;3;11330010330;B
20241023;113124;1371;1;11330010331;B
20241023;113124;1371;10;11330010332;B
20241023;113127;1371.4;1;11330010624;B
20241023;113127;1371.6;6;11330010625;B
20241023;113127;1371.6;5;11330010626;S
20241023;113129;1372;1;11330010761;B
20241023;113129;1372;2;11330010762;B
20241023;113130;1372;8;11330010829;B
20241023;113130;1372;1;11330010830;B
20241023;113130;1372;50;11330010831;B
20241023;113130;1372;4;11330010832;B
20241023;113130;1372;1;11330010833;B
20241023;113130;1372.2;56;11330010834;B
20241023;113130;1372.4;3;11330010835;B
20241023;113130;1372.4;127;11330010836;B
20241023;113131;1372.4;1;11330010885;B
20241023;113131;1372.4;1;11330010920;B
20241023;113132;1372.4;1;11330010944;B
20241023;113133;1372.4;1;11330011008;B
20241023;113134;1372.4;1;11330011085;B
20241023;113134;1372.4;1;11330011131;B
20241023;113134;1372.4;100;11330011143;B
20241023;113135;1372.4;100;11330011164;B
20241023;113135;1372.4;84;11330011166;B
20241023;113136;1372.4;5;11330011220;B
20241023;113137;1372.4;100;11330011271;B
20241023;113137;1372.4;100;11330011274;B
20241023;113137;1372.4;73;11330011281;B
20241023;113137;1372.4;105;11330011282;B
20241023;113137;1372.6;36;11330011293;B
20241023;113137;1372.8;1;11330011294;B
20241023;113137;1373;10;11330011295;B
20241023;113137;1373;1;11330011296;B
20241023;113137;1373;1;11330011297;B
20241023;113137;1373;1;11330011298;B
20241023;113137;1373;1;11330011299;B
20241023;113137;1373;4;11330011300;B
20241023;113137;1373;27;11330011301;B
20241023;113137;1373;18;11330011302;B
20241023;113137;1373;1;11330011332;B
20241023;113137;1373;9;11330011359;B
20241023;113138;1373;1;11330011374;B
20241023;113138;1372.6;1;11330011376;S
20241023;113138;1373;1;11330011403;B
20241023;113139;1373;2;11330011450;B
20241023;113139;1373;8;11330011451;B
20241023;113139;1373;1;11330011471;B
20241023;113139;1373;1;11330011473;B
20241023;113139;1373;45;11330011474;S
20241023;113139;1373;54;11330011540;S
20241023;113140;1372.6;1;11330011556;S
20241023;113140;1372.4;2;11330011557;S
20241023;113140;1372.4;2;11330011558;S
20241023;113140;1372.4;1;11330011559;S
20241023;113140;1372.4;1;11330011560;S
20241023;113140;1372.8;3;11330011571;B
20241023;113140;1372.2;3;11330011572;S
20241023;113140;1372.8;1;11330011669;B
20241023;113141;1372.8;10;11330011703;B
20241023;113141;1373.4;1;11330011802;B
20241023;113142;1373.4;1;11330011836;B
20241023;113142;1373.4;4;11330011871;B
20241023;113142;1373.4;15;11330011872;B
20241023;113143;1373.4;15;11330011961;B
20241023;113143;1373.4;9;11330011999;B
20241023;113144;1373.6;1;11330012066;B
20241023;113145;1373.6;1;11330012216;B
20241023;113146;1373.6;1;11330012314;B
20241023;113146;1373.6;1;11330012348;B
20241023;113146;1373.6;24;11330012349;B
20241023;113147;1373.8;1;11330012435;B
20241023;113147;1373;1;11330012465;S
20241023;113147;1373;3;11330012469;S
20241023;113147;1373;1;11330012470;S
20241023;113148;1372.4;2;11330012536;S
20241023;113148;1372.2;1;11330012626;S
20241023;113148;1372;1;11330012627;S
20241023;113148;1372;25;11330012628;S
20241023;113149;1372.6;1;11330012654;B
20241023;113149;1372.4;1;11330012699;B
20241023;113150;1372.2;1;11330012730;B
20241023;113151;1372.2;3;11330012818;B
20241023;113153;1371.6;6;11330013030;S
20241023;113154;1372.2;32;11330013135;B
20241023;113154;1372.4;36;11330013136;B
20241023;113159;1372.4;1;11330013602;B
20241023;113202;1372.4;1;11330013801;B
20241023;113202;1372.4;1;11330013843;B
20241023;113207;1372.4;21;11330014303;B
20241023;113207;1372.4;1;11330014304;B
20241023;113207;1372.4;30;11330014305;B
20241023;113207;1372.4;20;11330014306;B
20241023;113207;1372.4;30;11330014307;S
20241023;113207;1372.4;11;11330014315;S
20241023;113210;1371.8;3;11330014532;S
20241023;113210;1371.8;1;11330014533;S
20241023;113210;1371.6;12;11330014537;S
20241023;113213;1372.2;5;11330014932;B
20241023;113214;1372.4;1;11330015144;B
20241023;113214;1372.6;10;11330015145;B
20241023;113214;1372.6;10;11330015146;B
20241023;113214;1372.6;52;11330015147;B
20241023;113215;1371.6;5;11330015158;S
20241023;113215;1371.4;3;11330015159;S
20241023;113215;1371.2;79;11330015160;S
20241023;113215;1371.2;4;11330015161;S
20241023;113215;1370.6;2;11330015162;S
20241023;113215;1370.6;56;11330015163;S
20241023;113215;1370.6;56;11330015164;S
20241023;113215;1370.4;25;11330015165;S
20241023;113215;1370.4;1;11330015166;S
20241023;113215;1370.4;2;11330015167;S
20241023;113215;1370.4;50;11330015168;S
20241023;113215;1370.4;4;11330015169;S
20241023;113215;1370.2;10;11330015170;S
20241023;113215;1370.2;2;11330015171;S
20241023;113215;1370.2;2;11330015172;S
20241023;113215;1370.2;4;11330015209;B
20241023;113219;1370.4;1;11330015570;S
20241023;113219;1370.4;9;11330015571;S
20241023;113220;1371;70;11330015624;B
20241023;113222;1371.2;1;11330015734;B
20241023;113225;1370.8;1;11330016061;S
20241023;113229;1371.2;1;11330016430;B
20241023;113230;1371.2;1;11330016505;B
20241023;113234;1371.2;50;11330016871;B
20241023;113234;1371.2;1;11330016894;B
20241023;113235;1371;1;11330016996;S
20241023;113235;1371;100;11330016997;S
20241023;113235;1370.8;1;11330016998;S
20241023;113235;1370;10;11330016999;S
20241023;113235;1370;4;11330017000;S
20241023;113235;1369.8;1;11330017001;S
20241023;113235;1369.8;1;11330017002;S
20241023;113235;1369.8;11;11330017003;S
20241023;113235;1369.6;6;11330017004;S
20241023;113244;1370;20;11330017739;S
20241023;113244;1370;1;11330017740;S
20241023;113244;1370;1;11330017741;S
20241023;113244;1370;1;11330017742;S
20241023;113244;1369.8;30;11330017743;S
20241023;113246;1370.8;1;11330017837;B
20241023;113246;1370.8;2;11330017838;B
20241023;113246;1371;2;11330017839;B
20241023;113252;1370.8;2;11330018340;B
20241023;113252;1371.2;2;11330018341;B
20241023;113252;1371.4;56;11330018342;B
20241023;113252;1371.6;13;11330018343;B
20241023;113257;1371.4;10;11330018721;B
20241023;113257;1371.4;5;11330018779;S
20241023;113259;1370.6;10;11330018877;S
20241023;113259;1370.6;1;11330018878;S
20241023;113259;1370.4;2;11330018879;S
20241023;113259;1370.4;55;11330018880;S
20241023;113316;1371;1;11330020081;B
20241023;113316;1371;7;11330020082;B
20241023;113322;1370.2;1;11330020556;S
20241023;113324;1370.2;2;11330020734;S
20241023;113324;1370.2;2;11330020735;S
20241023;113324;1370.2;2;11330020736;S
20241023;113324;1370.2;2;11330020737;S
20241023;113324;1370;2;11330020738;S
20241023;113324;1370;1;11330020739;S
20241023;113324;1370;89;11330020740;S
20241023;113328;1370;10;11330021216;S
20241023;113330;1370;1;11330021303;S
20241023;113330;1370;1;11330021304;S
20241023;113330;1369.8;8;11330021305;S
20241023;113330;1370.6;10;11330021308;B
20241023;113330;1370.6;13;11330021309;B
20241023;113330;1370.8;50;11330021310;B
20241023;113330;1369.8;10;11330021335;S
20241023;113331;1369.8;2;11330021402;S
20241023;113331;1369.8;2;11330021403;S
20241023;113331;1369.8;6;11330021404;S
20241023;113331;1369.6;10;11330021428;S
20241023;113332;1369.6;9;11330021476;S
20241023;113332;1369.6;1;11330021477;S
20241023;113332;1369.6;3;11330021484;S
20241023;113332;1369.4;25;11330021499;S
20241023;113332;1369.4;4;11330021500;S
20241023;113332;1369.2;25;11330021501;S
20241023;113332;1369.2;10;11330021502;S
20241023;113332;1369;1;11330021542;S
20241023;113332;1369;5;11330021543;S
20241023;113336;1368.8;10;11330021956;S
20241023;113337;1368.8;1;11330022023;S
20241023;113337;1368.8;1;11330022025;S
20241023;113337;1368.8;10;11330022026;S
20241023;113337;1368.8;1;11330022028;S
20241023;113337;1368.8;1;11330022029;S
20241023;113337;1368.6;1;11330022030;S
20241023;113337;1368.6;3;11330022031;S
20241023;113337;1368.4;1;11330022032;S
20241023;113337;1368.4;3;11330022033;S
20241023;113337;1368.4;2;11330022034;S
20241023;113337;1368.4;20;11330022035;S
20241023;113337;1369.2;5;11330022036;B
20241023;113337;1369.2;5;11330022037;B
20241023;113337;1368.2;2;11330022039;S
20241023;113337;1368.2;4;11330022040;S
20241023;113337;1368.2;2;11330022043;S
20241023;113337;1368.2;4;11330022044;S
20241023;113337;1368.2;2;11330022046;S
20241023;113337;1368.2;2;11330022047;S
20241023;113337;1368.2;2;11330022050;S
20241023;113337;1368.2;3;11330022051;S
20241023;113337;1368.2;4;11330022052;S
20241023;113337;1368.2;2;11330022053;S
20241023;113337;1368.2;1;11330022054;S
20241023;113337;1368.2;1;11330022055;S
20241023;113337;1368.2;1;11330022056;S
20241023;113337;1368.2;5;11330022058;S
20241023;113337;1368.2;3;11330022059;S
20241023;113337;1368.2;2;11330022061;S
20241023;113337;1368.2;2;11330022062;S
20241023;113337;1368.2;2;11330022063;S
20241023;113337;1368.2;2;11330022065;S
20241023;113337;1368.2;2;11330022070;S
20241023;113337;1368.2;2;11330022081;S
20241023;113337;1368;3;11330022082;S
20241023;113337;1368;2;11330022083;S
20241023;113337;1368;1;11330022085;S
20241023;113337;1368;1;11330022086;S
20241023;113337;1368;1;11330022087;S
20241023;113337;1368;2;11330022088;S
20241023;113337;1368;1;11330022089;S
20241023;113337;1368;2;11330022090;S
20241023;113337;1368;4;11330022093;S
20241023;113337;1368;1;11330022096;S
20241023;113337;1368;3;11330022101;S
20241023;113337;1368;1;11330022107;S
20241023;113337;1368;3;11330022109;S
20241023;113337;1368;6;11330022110;S
20241023;113338;1368;47;11330022112;S
20241023;113338;1368;17;11330022135;S
20241023;113338;1367.8;3;11330022136;S
20241023;113340;1367.8;1;11330022266;S
20241023;113340;1367.4;1;11330022306;S
20241023;113341;1367.6;9;11330022498;B
20241023;113341;1367.6;3;11330022499;B
20241023;113341;1367.6;10;11330022500;B
20241023;113342;1367.6;10;11330022550;S
20241023;113343;1367.6;2;11330022629;S
20241023;113344;1367.6;10;11330022715;S
20241023;113345;1367.6;10;11330022797;S
20241023;113346;1367.8;2;11330022896;S
20241023;113346;1367.6;8;11330022897;S
20241023;113347;1368.2;4;11330022988;B
20241023;113347;1368.4;2;11330022989;B
20241023;113347;1368.4;4;11330022990;B
20241023;113347;1368.6;4;11330022991;B
20241023;113347;1368.8;1;11330022992;B
20241023;113347;1368.8;6;11330022993;B
20241023;113347;1369;24;11330022994;B
20241023;113350;1367.8;6;11330023231;S
20241023;113407;1369;1;11330024680;B
20241023;113407;1369;1;11330024681;B
20241023;113407;1369.4;15;11330024682;B
20241023;113407;1369.4;1;11330024683;B
20241023;113407;1369.4;2;11330024684;B
20241023;113407;1369.4;8;11330024685;B
20241023;113407;1369.4;5;11330024686;B
20241023;113407;1369.6;40;11330024687;B
20241023;113435;1369.6;2;11330027118;B
20241023;113445;1369.6;8;11330027937;B
20241023;113445;1369.8;1;11330027938;B
20241023;113445;1369.8;50;11330027939;B
20241023;113445;1369.8;14;11330027940;B
20241023;113446;1368.6;1;11330028074;S
20241023;113449;1369.8;1;11330028277;B
20241023;113449;1369.8;1;11330028278;B
20241023;113449;1369.8;1;11330028279;B
20241023;113449;1370;12;11330028280;B
20241023;113451;1370;10;11330028419;B
20241023;113500;1369.8;1;11330029184;B
20241023;113500;1370;4;11330029185;B
20241023;113503;1369.8;1;11330029619;B
20241023;113503;1370;2;11330029620;B
20241023;113510;1369.8;1;11330030190;B
20241023;113510;1369.8;1;11330030191;B
20241023;113510;1370;34;11330030192;B
20241023;113523;1369.8;5;11330031499;B
20241023;113523;1370;68;11330031500;B
20241023;113533;1370;30;11330032581;B
20241023;113533;1370;11;11330032640;B
20241023;113553;1370;1;11330034092;B
20241023;113600;1370;28;11330034697;B
20241023;113600;1370;5;11330034698;B
20241023;113600;1370;2;11330034699;B
20241023;113600;1370;1;11330034700;B
20241023;113600;1370;37;11330034701;B
20241023;113611;1370;5;11330035588;B
20241023;113611;1370;33;11330035589;B
20241023;113612;1370;3;11330035733;B
20241023;113635;1369.8;6;11330038336;B
20241023;113638;1369.8;1;11330038526;B
20241023;113638;1369.8;1;11330038576;B
20241023;113638;1369.8;1;11330038577;B
20241023;113638;1369.8;71;11330038578;B
20241023;113649;1369;1;11330039464;S
20241023;113649;1369;1;11330039465;S
20241023;113649;1369;5;11330039466;S
20241023;113649;1368.8;1;11330039467;S
20241023;113649;1368.6;1;11330039468;S
20241023;113649;1368.4;1;11330039469;S
20241023;113649;1368.4;2;11330039470;S
20241023;113649;1368.4;2;11330039471;S
20241023;113649;1368.4;1;11330039472;S
20241023;113649;1368.2;2;11330039473;S
20241023;113649;1368.2;3;11330039474;S
20241023;113649;1368.2;17;11330039475;S
20241023;113650;1369.6;2;11330039505;B
20241023;113656;1369.6;4;11330039891;B
20241023;113703;1369.6;2;11330040485;B
20241023;113713;1368.8;20;11330041455;S
20241023;113716;1369.6;9;11330041651;B
20241023;113716;1369.6;3;11330041652;B
20241023;113716;1369.6;2;11330041653;B
20241023;113716;1369.6;1;11330041654;B
20241023;113716;1369.6;1;11330041655;B
20241023;113716;1369.6;1;11330041656;B
20241023;113716;1369.8;15;11330041657;B
20241023;113716;1369.8;25;11330041658;B
20241023;113716;1369.8;4;11330041659;B
20241023;113716;1369.8;2;11330041660;B
20241023;113716;1369.8;1;11330041661;B
20241023;113716;1369.8;2;11330041662;B
20241023;113716;1369.8;1;11330041663;B
20241023;113716;1370;6;11330041664;B
20241023;113725;1370;1;11330042447;B
20241023;113728;1370;1;11330042696;B
20241023;113731;1369.8;1;11330042927;B
20241023;113731;1370;1;11330042928;B
20241023;113745;1370;1;11330044125;B
20241023;113752;1370;1;11330044776;B
20241023;113753;1370;53;11330044979;B
20241023;113753;1370;20;11330044980;B
20241023;113757;1369.2;2;11330045739;S
20241023;113758;1369.2;8;11330045756;S
20241023;113758;1369;1;11330045757;S
20241023;113758;1369;3;11330045758;S
20241023;113758;1368.8;1;11330045759;S
20241023;113758;1368.8;3;11330045760;S
20241023;113758;1368.6;2;11330045761;S
20241023;113758;1368.6;1;11330045762;S
20241023;113758;1368.6;56;11330045763;S
20241023;113758;1368.6;6;11330045764;S
20241023;113758;1368.4;3;11330045765;S
20241023;113758;1368.4;4;11330045766;S
20241023;113758;1368.4;1;11330045767;S
20241023;113758;1368.4;1;11330045768;S
20241023;113758;1368.4;1;11330045769;S
20241023;113758;1368.4;25;11330045770;S
20241023;113758;1368.2;3;11330045771;S
20241023;113758;1368.2;56;11330045772;S
20241023;113758;1368.2;2;11330045773;S
20241023;113758;1368;2;11330045774;S
20241023;113758;1368;2;11330045775;S
20241023;113758;1368;5;11330045776;S
20241023;113758;1368;4;11330045777;S
20241023;113758;1368;10;11330045778;S
20241023;113805;1369;1;11330046773;S
20241023;113818;1368.8;1;11330047803;S
20241023;113818;1368.4;1;11330047804;S
20241023;113818;1368.2;1;11330047805;S
20241023;113818;1368;1;11330047806;S
20241023;113818;1367.8;1;11330047807;S
20241023;113824;1368.6;1;11330048266;S
20241023;113831;1368.4;1;11330048679;B
20241023;113831;1368.4;1;11330048680;B
20241023;113831;1368.6;10;11330048681;B
20241023;113831;1368.6;5;11330048682;B
20241023;113831;1368.6;2;11330048683;B
20241023;113831;1368.6;4;11330048684;B
20241023;113831;1368.6;4;11330048685;B
20241023;113831;1368.8;1;11330048686;B
20241023;113831;1368.8;1;11330048687;B
20241023;113831;1368.8;44;11330048688;B
20241023;113842;1368.4;1;11330049655;B
20241023;113842;1368.6;1;11330049656;B
20241023;113855;1368.6;1;11330050478;B
20241023;113904;1368.6;1;11330051375;B
20241023;113909;1368.6;7;11330051737;B
20241023;113909;1368.6;1;11330051738;B
20241023;113909;1368.8;57;11330051739;B
20241023;113909;1368.8;1;11330051740;B
20241023;113909;1369;7;11330051741;B
20241023;113911;1368.8;1;11330051872;B
20241023;113914;1368.2;1;11330052090;S
20241023;113925;1368.6;1;11330052917;S
20241023;113934;1368.8;1;11330053620;B
20241023;113940;1368.6;1;11330054092;S
20241023;113945;1368.8;1;11330054426;B
20241023;113946;1368.6;1;11330054552;B
20241023;113946;1368.8;55;11330054553;B
20241023;113946;1368.8;17;11330054554;B
20241023;113947;1368.6;3;11330054576;B
20241023;113947;1368.8;1;11330054577;B
20241023;113957;1368.8;38;11330055528;B
20241023;114014;1368.8;10;11330057011;S
20241023;114014;1369;1;11330057056;B
20241023;114020;1368.8;3;11330057500;S
20241023;114024;1369;24;11330057839;B
20241023;114024;1369;4;11330057840;B
20241023;114024;1369;45;11330057841;B
20241023;114050;1369;12;11330060282;B
20241023;114052;1368.8;10;11330060366;S
20241023;114055;1369;3;11330060593;B
20241023;114100;1369;2;11330061008;B
20241023;114102;1369;38;11330061158;B
20241023;114102;1369;1;11330061159;B
20241023;114102;1369;5;11330061160;B
20241023;114102;1369.2;29;11330061161;B
