<DATE>;<TIME>;<LAST>;<VOL>;<ID>;<OPER>
20241114;095949;1479.8;1;11420981868;S
20241114;095949;1479.8;1;11420981869;B
20241114;095949;1479.8;8;11420981870;B
20241114;095949;1479.8;10;11420981871;S
20241114;095949;1479.8;1;11420981872;S
20241114;095949;1479.8;1;11420981873;S
20241114;095949;1479.8;1;11420981874;S
20241114;100001;1479;1;11420984546;S
20241114;100001;1477;1;11420984946;S
20241114;100002;1476;4;11420985232;S
20241114;100002;1476;1;11420985233;S
20241114;100002;1476;1;11420985234;S
20241114;100002;1475.8;6;11420986044;S
20241114;100002;1475.8;2;11420986045;S
20241114;100002;1475.8;2;11420986046;S
20241114;100002;1475.8;3;11420986047;S
20241114;100002;1475.8;1;11420986048;S
20241114;100002;1475.8;1;11420986049;S
20241114;100002;1475.8;2;11420986050;S
20241114;100002;1475.8;1;11420986051;S
20241114;100002;1475.8;3;11420986052;S
20241114;100002;1475.8;1;11420986053;S
20241114;100002;1475.8;15;11420986054;S
20241114;100002;1475.8;1;11420986055;S
20241114;100002;1475.8;1;11420986056;S
20241114;100004;1477.4;11;11420987095;B
20241114;100004;1475.2;8;11420987104;S
20241114;100004;1475;1;11420987173;S
20241114;100004;1475;1;11420987253;S
20241114;100004;1475;32;11420987254;S
20241114;100005;1477;1;11420988001;B
20241114;100005;1476.8;1;11420988449;B
20241114;100005;1476.8;1;11420988455;B
20241114;100005;1476.8;8;11420988681;B
20241114;100005;1479.2;22;11420988682;B
20241114;100005;1479.2;35;11420988683;B
20241114;100005;1479.2;1;11420989238;B
20241114;100005;1479.2;1;11420989681;B
20241114;100005;1479.2;1;11420989685;B
20241114;100005;1479.2;50;11420989835;B
20241114;100006;1475;1;11420990285;S
20241114;100006;1479;1;11420990676;B
20241114;100011;1475;25;11420994058;S
20241114;100014;1475;42;11420994686;S
20241114;100014;1475;1;11420994687;S
20241114;100014;1476;1;11420994771;B
20241114;100014;1476.2;2;11420994772;B
20241114;100014;1476.4;2;11420994773;B
20241114;100014;1476.6;25;11420994774;B
20241114;100014;1476.8;10;11420994775;B
20241114;100019;1474.8;10;11420995754;S
20241114;100019;1475;2;11420995789;S
20241114;100019;1475;17;11420995790;S
20241114;100034;1476.2;100;11420999620;S
20241114;100035;1478;5;11420999866;B
20241114;100035;1478.4;32;11420999867;B
20241114;100035;1478.4;4;11420999868;B
20241114;100035;1478.4;38;11420999869;B
20241114;100039;1476.4;34;11421001183;S
20241114;100039;1476.6;10;11421001520;S
20241114;100039;1475.4;10;11421001521;S
20241114;100051;1477;2;11421005256;B
20241114;100051;1477.2;2;11421005257;B
20241114;100051;1477.4;44;11421005258;B
20241114;100051;1477.6;2;11421005259;B
20241114;100052;1475.6;1;11421005453;S
20241114;100056;1478;1;11421006732;B
20241114;100056;1478.2;19;11421006733;B
20241114;100106;1475.8;30;11421010134;S
20241114;100106;1475.6;5;11421010135;S
20241114;100106;1475.6;4;11421010136;S
20241114;100106;1474.8;10;11421010137;S
20241114;100118;1476.4;1;11421013368;B
20241114;100120;1476.4;1;11421013730;B
20241114;100120;1476.4;1;11421013731;B
20241114;100121;1476.8;6;11421013870;S
20241114;100122;1478.2;1;11421014119;B
20241114;100122;1478.8;20;11421014120;B
20241114;100122;1478.8;29;11421014121;B
20241114;100124;1477.8;3;11421014684;B
20241114;100125;1477.8;30;11421014868;B
20241114;100127;1477.2;10;11421015423;S
20241114;100127;1477.2;2;11421015436;S
20241114;100130;1477.8;1;11421016054;B
20241114;100130;1477.8;1;11421016144;B
20241114;100131;1477.8;1;11421016255;B
20241114;100131;1477.8;1;11421016372;B
20241114;100131;1477.8;1;11421016461;B
20241114;100137;1477.8;1;11421017833;B
20241114;100140;1477.8;1;11421018541;B
20241114;100144;1477.8;10;11421019453;B
20241114;100147;1478.8;1;11421020563;B
20241114;100147;1478.6;30;11421020811;S
20241114;100147;1478.4;3;11421020812;S
20241114;100147;1478.2;24;11421020813;S
20241114;100153;1479.8;2;11421022356;B
20241114;100156;1478.4;2;11421023160;S
20241114;100156;1478.2;30;11421023161;S
20241114;100156;1478;18;11421023162;S
20241114;100157;1479.4;1;11421023458;B
20241114;100158;1479.4;1;11421023581;B
20241114;100159;1477.6;2;11421024103;S
20241114;100159;1479.2;1;11421024222;B
20241114;100200;1479.2;1;11421024480;B
20241114;100200;1479.2;1;11421024722;B
20241114;100206;1479.6;10;11421026183;B
20241114;100214;1479.6;2;11421028491;S
20241114;100214;1479.6;2;11421028492;S
20241114;100214;1479.6;2;11421028493;S
20241114;100214;1479.4;2;11421028494;S
20241114;100214;1478.6;22;11421028495;S
20241114;100215;1479.6;1;11421028876;B
20241114;100215;1479.8;8;11421028877;B
20241114;100215;1479.8;7;11421028878;B
20241114;100215;1479.8;3;11421028879;B
20241114;100220;1478.2;2;11421030374;S
20241114;100220;1478.2;18;11421030375;S
20241114;100227;1477.4;11;11421032367;S
20241114;100237;1478.2;1;11421035543;B
20241114;100237;1478.2;1;11421035618;B
20241114;100238;1478.6;1;11421035783;S
20241114;100238;1478.6;1;11421035784;S
20241114;100239;1478.6;1;11421035876;B
20241114;100242;1478.6;1;11421036811;S
20241114;100244;1479.2;1;11421037000;B
20241114;100252;1478.8;1;11421038860;B
20241114;100252;1478.8;13;11421038861;B
20241114;100305;1478.8;1;11421042237;B
20241114;100306;1478.8;26;11421042546;S
20241114;100307;1479;2;11421042579;B
20241114;100307;1479;3;11421042618;B
20241114;100307;1479.8;1;11421042619;B
20241114;100307;1479.8;43;11421042620;B
20241114;100307;1480;10;11421042621;B
20241114;100307;1480;243;11421042622;B
20241114;100311;1480;60;11421043662;B
20241114;100317;1479.4;3;11421045226;S
20241114;100317;1479;1;11421045227;S
20241114;100320;1479;1;11421045861;B
20241114;100330;1478.8;23;11421048467;S
20241114;100330;1478.8;1;11421048468;S
20241114;100330;1478.8;2;11421048469;S
20241114;100330;1477.6;4;11421048470;S
20241114;100330;1477.6;10;11421048471;S
20241114;100330;1477.6;20;11421048472;S
20241114;100333;1478.8;1;11421049166;B
20241114;100338;1479;9;11421050524;B
20241114;100345;1479;1;11421052027;B
20241114;100352;1477.2;40;11421053448;S
20241114;100405;1478;1;11421056123;B
20241114;100412;1478;2;11421057452;B
20241114;100421;1477.2;1;11421059683;S
20241114;100421;1477;1;11421059684;S
20241114;100421;1478;65;11421059781;B
20241114;100422;1478;1;11421059867;B
20241114;100428;1478;2;11421061330;B
20241114;100433;1478;2;11421062169;B
20241114;100433;1478;6;11421062354;B
20241114;100436;1478;1;11421062702;B
20241114;100437;1478;1;11421063078;B
20241114;100438;1477.4;2;11421063363;S
20241114;100438;1477.4;1;11421063364;S
20241114;100438;1477.4;16;11421063365;S
20241114;100442;1478;25;11421064130;B
20241114;100444;1477.2;2;11421064658;S
20241114;100444;1477.2;30;11421064659;S
20241114;100444;1477;9;11421064660;S
20241114;100444;1477;1;11421064661;S
20241114;100454;1477.6;1;11421067150;B
20241114;100455;1477.8;1;11421067307;B
20241114;100455;1477.8;1;11421067308;B
20241114;100458;1477.8;1;11421068026;B
20241114;100500;1477.2;1;11421068334;S
20241114;100500;1477;12;11421068335;S
20241114;100500;1476.8;2;11421068336;S
20241114;100500;1476.8;2;11421068337;S
20241114;100500;1476.8;1;11421068338;S
20241114;100500;1476.8;22;11421068339;S
20241114;100501;1477.8;18;11421068736;B
20241114;100501;1478;32;11421068737;B
20241114;100503;1477.6;1;11421069252;B
20241114;100503;1477.8;1;11421069253;B
20241114;100503;1478;10;11421069254;B
20241114;100503;1477.8;1;11421069305;B
20241114;100503;1478;14;11421069306;B
20241114;100504;1477.8;1;11421069444;B
20241114;100507;1477;3;11421070113;B
20241114;100510;1475.8;13;11421071126;S
20241114;100510;1475.2;3;11421071127;S
20241114;100510;1475.2;1;11421071128;S
20241114;100510;1475.2;25;11421071129;S
20241114;100516;1475.4;2;11421072624;B
20241114;100516;1475.6;2;11421072625;B
20241114;100516;1476.4;6;11421072626;B
20241114;100517;1477;5;11421072871;B
20241114;100520;1475.6;1;11421073533;S
20241114;100526;1475;1;11421074718;S
20241114;100526;1475;21;11421074719;S
20241114;100526;1474.6;28;11421074720;S
20241114;100530;1474.4;2;11421075651;S
20241114;100536;1474.8;1;11421076862;B
20241114;100537;1474.8;1;11421077389;B
20241114;100538;1474.8;2;11421077562;S
20241114;100539;1474.8;2;11421077863;B
20241114;100539;1474.8;1;11421077864;B
20241114;100540;1474.8;40;11421078135;B
20241114;100546;1474.8;30;11421079416;B
20241114;100546;1474.8;26;11421079417;B
20241114;100552;1475.2;10;11421080563;S
20241114;100553;1476.4;1;11421080854;B
20241114;100559;1476.8;4;11421082012;B
20241114;100559;1476.4;133;11421082045;S
20241114;100608;1476.4;10;11421084325;S
20241114;100608;1476.4;6;11421084327;S
20241114;100618;1475.4;1;11421086645;B
20241114;100631;1474.8;10;11421089435;S
20241114;100631;1474.8;4;11421089436;S
20241114;100636;1474.6;12;11421090827;S
20241114;100637;1474.4;3;11421090982;S
20241114;100638;1474.4;30;11421091174;S
20241114;100638;1474.4;30;11421091175;S
20241114;100638;1474.4;30;11421091176;S
20241114;100638;1474.4;7;11421091177;S
20241114;100638;1474.4;1;11421091178;S
20241114;100640;1474.8;1;11421091648;B
20241114;100644;1473;5;11421092468;S
20241114;100644;1473;6;11421092472;S
20241114;100644;1473;10;11421092527;S
20241114;100644;1473;10;11421092528;S
20241114;100645;1473.6;2;11421092639;S
20241114;100647;1474.4;1;11421093059;B
20241114;100648;1473.8;51;11421093157;S
20241114;100648;1473.6;64;11421093158;S
20241114;100656;1474.4;2;11421094427;B
20241114;100702;1473.8;1;11421095499;S
20241114;100702;1473.6;1;11421095500;S
20241114;100716;1474.6;1;11421097721;B
20241114;100727;1474.6;2;11421099136;B
20241114;100729;1474.6;1;11421099657;B
20241114;100736;1474.6;9;11421101219;B
20241114;100737;1474.6;1;11421101313;B
20241114;100737;1474.4;10;11421101314;S
20241114;100737;1474.4;1;11421101315;S
20241114;100740;1474.6;19;11421101957;B
20241114;100741;1474.4;30;11421102084;B
20241114;100741;1474.6;37;11421102085;B
20241114;100741;1474.4;10;11421102093;B
20241114;100744;1474.4;1;11421102580;B
20241114;100750;1473.8;2;11421103360;S
20241114;100750;1473.8;28;11421103361;S
20241114;100750;1474.4;1;11421103401;B
20241114;100753;1473.8;1;11421103865;S
20241114;100800;1474.4;1;11421104837;B
20241114;100803;1474.4;1;11421105205;B
20241114;100813;1474;1;11421106573;B
20241114;100819;1473.8;1;11421107491;B
20241114;100823;1473.6;48;11421108226;S
20241114;100831;1473.8;1;11421109293;S
20241114;100831;1473.8;30;11421109294;S
20241114;100831;1473.6;89;11421109295;S
20241114;100840;1473.6;1;11421110547;S
20241114;100845;1474;29;11421111137;B
20241114;100845;1474.2;80;11421111224;S
20241114;100845;1474;120;11421111225;S
20241114;100846;1474;51;11421111338;S
20241114;100846;1473.6;76;11421111339;S
20241114;100848;1474.4;3;11421111637;B
20241114;100854;1473.8;20;11421112423;B
20241114;100859;1474.4;1;11421113067;B
20241114;100904;1474;2;11421113672;B
20241114;100910;1474;5;11421114414;B
20241114;100913;1473.6;20;11421115157;S
20241114;100916;1473.8;1;11421115707;B
20241114;100925;1473.8;1;11421116845;B
20241114;100925;1474;2;11421116846;B
20241114;100929;1473.8;1;11421117504;B
20241114;100935;1474;25;11421118524;B
20241114;100945;1474;2;11421119819;B
20241114;100950;1474;1;11421120619;B
20241114;100953;1474;1;11421120982;B
20241114;100954;1473.8;1;11421121131;S
20241114;101004;1473.8;1;11421122672;S
20241114;101004;1473.8;2;11421122673;S
20241114;101004;1474;2;11421122704;B
20241114;101007;1474;1;11421123075;B
20241114;101014;1473.8;1;11421124004;S
20241114;101014;1473.8;1;11421124005;S
20241114;101014;1473.8;7;11421124006;S
20241114;101016;1474;2;11421124275;B
20241114;101017;1474;14;11421124497;B
20241114;101021;1474;1;11421125044;B
20241114;101026;1474;2;11421126027;B
20241114;101031;1474;2;11421126747;B
20241114;101033;1473.8;2;11421126898;S
20241114;101037;1474;30;11421127595;B
20241114;101037;1474;8;11421127596;B
20241114;101037;1474;20;11421127597;B
20241114;101037;1474;2;11421127598;B
20241114;101037;1474;30;11421127599;B
20241114;101037;1474;30;11421127600;B
20241114;101037;1474;30;11421127631;B
20241114;101042;1474;100;11421128327;B
20241114;101042;1474;8;11421128328;B
20241114;101042;1474;1;11421128329;B
20241114;101043;1474.4;4;11421128554;B
20241114;101043;1474.4;2;11421128555;B
20241114;101043;1474.6;4;11421128556;B
20241114;101043;1474.6;25;11421128557;B
20241114;101048;1474.6;4;11421129216;B
20241114;101048;1474.6;46;11421129217;B
20241114;101052;1474.6;4;11421129739;B
20241114;101052;1475;10;11421129740;B
20241114;101052;1475;1;11421129741;B
20241114;101053;1476.2;1;11421129788;B
20241114;101055;1476.2;3;11421130130;B
20241114;101058;1476.2;2;11421130716;B
20241114;101100;1474.8;1;11421131033;S
20241114;101102;1476.2;49;11421131178;B
20241114;101102;1476.4;11;11421131179;B
20241114;101102;1476.4;20;11421131221;B
20241114;101102;1476.4;30;11421131222;B
20241114;101102;1476.6;30;11421131223;B
20241114;101102;1476.8;1;11421131224;B
20241114;101102;1476.8;18;11421131225;B
20241114;101102;1476.8;7;11421131226;B
20241114;101117;1476;2;11421133448;S
20241114;101117;1475.4;7;11421133449;S
20241114;101121;1476.6;1;11421133922;B
20241114;101123;1476;2;11421134289;B
20241114;101123;1476.6;27;11421134290;B
20241114;101136;1476.8;39;11421137107;B
20241114;101136;1476.8;14;11421137108;B
20241114;101136;1477;127;11421137109;B
20241114;101136;1477;2;11421137110;B
20241114;101136;1477;1;11421137111;B
20241114;101136;1477.2;40;11421137112;B
20241114;101136;1477.4;30;11421137113;B
20241114;101136;1477.6;50;11421137114;B
20241114;101136;1477.8;30;11421137115;B
20241114;101136;1478;134;11421137116;B
20241114;101136;1478.4;3;11421137117;B
20241114;101136;1478.6;30;11421137118;B
20241114;101138;1478.8;1;11421137492;B
20241114;101138;1479;135;11421137493;B
20241114;101138;1479;100;11421137494;B
20241114;101138;1479.4;10;11421137495;B
20241114;101138;1479.8;35;11421137496;B
20241114;101138;1479.8;60;11421137497;B
20241114;101138;1479.8;30;11421137498;B
20241114;101138;1480;129;11421137499;B
20241114;101140;1480;25;11421137706;B
20241114;101144;1480;25;11421138355;B
20241114;101145;1480;25;11421138389;B
20241114;101149;1479.6;5;11421138918;S
20241114;101150;1479.6;5;11421139244;S
20241114;101159;1479.8;1;11421140832;B
20241114;101159;1479.8;3;11421140833;B
20241114;101159;1479.8;1;11421140834;B
20241114;101159;1479.8;1;11421140835;B
20241114;101159;1480;4;11421140836;B
20241114;101200;1478.6;2;11421140901;S
20241114;101203;1480;14;11421141651;B
20241114;101204;1480;25;11421141805;B
20241114;101204;1480;11;11421141831;B
20241114;101211;1478.8;1;11421143273;S
20241114;101223;1479.6;5;11421145260;S
20241114;101223;1479.6;25;11421145261;S
20241114;101231;1479;1;11421146338;S
20241114;101231;1478.6;3;11421146339;S
20241114;101234;1479.6;1;11421146598;B
20241114;101234;1479.8;3;11421146599;B
20241114;101234;1479.8;16;11421146600;B
20241114;101234;1479.8;40;11421146601;B
20241114;101234;1480;140;11421146602;B
20241114;101250;1479.8;1;11421149038;S
20241114;101254;1478.6;1;11421149628;S
20241114;101304;1480;500;11421151068;B
20241114;101304;1480;72;11421151069;B
20241114;101304;1480;1;11421151070;B
20241114;101304;1480;1;11421151071;B
20241114;101305;1481;10;11421151166;B
20241114;101305;1479.8;25;11421151167;S
20241114;101306;1481;10;11421151184;B
20241114;101306;1479.6;36;11421151185;S
20241114;101306;1480.8;1;11421151191;B
20241114;101306;1481;3;11421151192;B
20241114;101306;1479.6;20;11421151292;S
20241114;101306;1479.6;25;11421151293;S
20241114;101306;1479.6;51;11421151313;S
20241114;101307;1479.6;22;11421151411;S
20241114;101309;1480.8;25;11421151784;B
20241114;101311;1480.6;2;11421152166;B
20241114;101316;1480.8;2;11421152875;B
20241114;101319;1480.8;1;11421153363;B
20241114;101321;1480;1;11421153741;S
20241114;101321;1480;40;11421153742;S
20241114;101321;1479.6;1;11421153766;S
20241114;101321;1479.6;40;11421153767;S
20241114;101321;1480.8;1;11421153804;B
20241114;101323;1480.6;1;11421154055;B
20241114;101324;1480.4;1;11421154278;B
20241114;101327;1480.4;1;11421154599;B
20241114;101329;1480.4;1;11421154892;B
20241114;101331;1480.6;1;11421155067;B
20241114;101332;1480.8;1;11421155360;B
20241114;101333;1481;1;11421155409;B
20241114;101334;1480.8;1;11421155631;B
20241114;101336;1480;1;11421155909;S
20241114;101337;1481;1;11421155926;B
20241114;101340;1481;2;11421156394;B
20241114;101342;1480;1;11421156689;S
20241114;101342;1479.8;1;11421156690;S
20241114;101342;1479.6;1;11421156691;S
20241114;101342;1479.6;2;11421156692;S
20241114;101342;1479.4;40;11421156693;S
20241114;101342;1479.4;1;11421156694;S
20241114;101342;1479.2;19;11421156695;S
20241114;101343;1479.6;42;11421156849;S
20241114;101345;1479.6;30;11421157115;S
20241114;101345;1479.6;30;11421157116;S
20241114;101345;1479.6;30;11421157118;S
20241114;101345;1479.6;30;11421157119;S
20241114;101346;1480.8;1;11421157206;B
20241114;101351;1479.6;1;11421157858;S
20241114;101351;1479.6;5;11421157867;B
20241114;101351;1479.6;25;11421157868;B
20241114;101353;1479.6;11;11421158152;S
20241114;101400;1480.6;1;11421159089;B
20241114;101400;1480.6;11;11421159090;B
20241114;101405;1480.6;2;11421159715;B
20241114;101406;1479.8;2;11421159884;S
20241114;101406;1479.6;11;11421159885;S
20241114;101406;1479.6;2;11421159886;S
20241114;101406;1479.4;1;11421159887;S
20241114;101406;1479.4;9;11421159888;B
20241114;101407;1480.6;2;11421160002;B
20241114;101410;1480.6;2;11421160460;B
20241114;101417;1478.8;30;11421161668;S
20241114;101417;1478.6;482;11421161669;S
20241114;101417;1478.6;30;11421161670;S
20241114;101417;1478.4;2;11421161671;S
20241114;101419;1479.2;5;11421162110;B
20241114;101419;1479.8;1;11421162111;B
20241114;101419;1479.8;10;11421162112;B
20241114;101419;1479.8;1;11421162113;B
20241114;101419;1479.8;1;11421162118;S
20241114;101421;1479.8;5;11421162264;S
20241114;101424;1480.2;3;11421162754;B
20241114;101425;1480.2;2;11421162854;B
20241114;101425;1480.2;4;11421162911;B
20241114;101426;1479.8;38;11421162963;S
20241114;101428;1480;4;11421163329;B
20241114;101429;1479.8;4;11421163368;S
20241114;101429;1480;15;11421163453;B
20241114;101431;1480;4;11421163641;B
20241114;101433;1480;1;11421163919;B
20241114;101434;1480;4;11421164007;B
20241114;101434;1480;4;11421164084;B
20241114;101437;1480;1;11421164359;B
20241114;101440;1480;1;11421164596;B
20241114;101441;1479.8;24;11421164778;S
20241114;101444;1479.8;7;11421165316;S
20241114;101444;1480;1;11421165351;B
20241114;101445;1480;32;11421165508;B
20241114;101447;1479.8;2;11421165710;S
20241114;101454;1480.6;1;11421166769;B
20241114;101458;1479.8;4;11421167420;S
20241114;101507;1480.6;10;11421169045;B
20241114;101507;1480.6;25;11421169046;B
20241114;101507;1480.8;30;11421169047;B
20241114;101507;1481;23;11421169048;B
20241114;101507;1481;12;11421169049;B
20241114;101510;1481;2;11421169512;B
20241114;101513;1481;2;11421169913;B
20241114;101527;1480.8;1;11421172169;B
20241114;101530;1480.8;1;11421173080;B
20241114;101541;1480.8;1;11421176470;B
20241114;101543;1480;5;11421176827;S
20241114;101543;1479.8;2;11421176828;S
20241114;101544;1480.8;1;11421177252;B
20241114;101548;1479.8;1;11421178172;S
20241114;101548;1480.6;1;11421178322;B
20241114;101548;1480.8;4;11421178323;B
20241114;101548;1480.8;5;11421178324;B
20241114;101548;1481;16;11421178325;B
20241114;101548;1481;2;11421178326;B
20241114;101548;1481;8;11421178327;B
20241114;101548;1481;1;11421178328;B
20241114;101548;1481.2;32;11421178329;B
20241114;101605;1481.4;1;11421181799;B
20241114;101608;1481.2;2;11421182506;B
20241114;101609;1480.8;2;11421182587;S
20241114;101615;1480.2;5;11421183907;S
20241114;101615;1480;1;11421183908;S
20241114;101615;1479.8;1;11421183909;S
20241114;101615;1479.2;4;11421183910;S
20241114;101615;1478.6;4;11421183911;S
20241114;101616;1480.4;17;11421184101;B
20241114;101622;1479.8;1;11421185516;B
20241114;101625;1479.4;1;11421186189;B
20241114;101625;1479.6;1;11421186190;B
20241114;101625;1480.2;1;11421186191;B
20241114;101625;1480.2;7;11421186192;B
20241114;101627;1478.4;1;11421186544;S
20241114;101627;1478.2;1;11421186545;S
20241114;101627;1478;1;11421186546;S
20241114;101627;1478;51;11421186547;S
20241114;101627;1477.6;17;11421186548;S
20241114;101627;1477.4;1;11421186549;S
20241114;101627;1477.4;9;11421186550;S
20241114;101627;1477.4;25;11421186551;S
20241114;101627;1479.8;1;11421186602;B
20241114;101631;1479.2;1;11421187335;B
20241114;101644;1479;19;11421189554;B
20241114;101653;1478.6;2;11421190663;B
20241114;101655;1477.8;1;11421190832;S
20241114;101706;1477.6;2;11421192206;S
20241114;101706;1477.6;2;11421192207;S
20241114;101706;1477.6;1;11421192208;S
20241114;101706;1477.6;1;11421192209;S
20241114;101707;1477.6;2;11421192394;B
20241114;101714;1477.6;4;11421193260;B
20241114;101714;1477.6;6;11421193261;B
20241114;101809;1477.8;3;11421200459;S
20241114;101813;1478.2;1;11421201909;B
20241114;101813;1478.2;1;11421201910;B
20241114;101813;1478.4;1;11421201911;B
20241114;101813;1478.4;13;11421201912;B
20241114;101813;1478.6;1;11421201913;B
20241114;101813;1478.6;25;11421201914;B
20241114;101813;1478.8;30;11421201915;B
20241114;101813;1479;27;11421201916;B
20241114;101822;1477.8;2;11421205593;S
20241114;101827;1478.8;1;11421207114;B
20241114;101828;1479;1;11421207333;B
20241114;101828;1479.2;49;11421207334;B
20241114;101836;1479.8;1;11421209048;B
20241114;101838;1478.6;2;11421209464;S
20241114;101851;1479.8;3;11421211049;B
20241114;101851;1480;25;11421211050;B
20241114;101851;1480.2;51;11421211051;B
20241114;101851;1480.2;30;11421211052;B
20241114;101851;1480.4;25;11421211053;B
20241114;101851;1480.6;30;11421211054;B
20241114;101851;1480.8;5;11421211055;B
20241114;101851;1480.8;45;11421211056;B
20241114;101851;1480.8;13;11421211057;B
20241114;101851;1481;30;11421211058;B
20241114;101851;1481.2;10;11421211059;B
20241114;101851;1481.2;30;11421211060;B
20241114;101851;1481.2;39;11421211061;B
20241114;101851;1481;1;11421211075;B
20241114;101852;1480.4;1;11421211236;B
20241114;101852;1480.6;1;11421211237;B
20241114;101852;1480.8;1;11421211238;B
20241114;101852;1481.2;3;11421211239;B
20241114;101852;1481.2;30;11421211240;B
20241114;101852;1481.4;14;11421211241;B
20241114;101856;1481;1;11421211646;B
20241114;101859;1480.8;1;11421211937;B
20241114;101911;1481;1;11421213596;B
20241114;101911;1481;29;11421213597;B
20241114;101922;1481;1;11421214794;B
20241114;101926;1481;5;11421215269;B
20241114;101927;1481;1;11421215331;B
20241114;101933;1481;1;11421215861;B
20241114;101951;1480;1;11421217193;S
20241114;101951;1480;1;11421217194;S
20241114;102012;1480.8;1;11421219342;B
20241114;102023;1480.6;5;11421222300;B
20241114;102043;1480.6;1;11421230637;B
20241114;102044;1480.6;1;11421231266;B
20241114;102053;1480.6;2;11421235439;S
20241114;102053;1480;20;11421235440;S
20241114;102053;1480;1;11421235441;S
20241114;102053;1480;1;11421235442;S
20241114;102053;1480;1;11421235443;S
20241114;102053;1479.8;34;11421235444;S
20241114;102053;1479.2;5;11421235445;S
20241114;102053;1479.2;1;11421235446;S
20241114;102053;1479.2;4;11421235447;S
20241114;102053;1479.2;149;11421235448;S
20241114;102059;1480.6;4;11421237994;S
20241114;102108;1480.6;1;11421241217;S
20241114;102113;1480.2;1;11421243097;B
20241114;102113;1479.6;38;11421243237;S
20241114;102115;1480.4;1;11421244343;B
20241114;102129;1479.8;1;11421253441;S
20241114;102134;1480.4;1;11421256087;B
20241114;102134;1480.4;2;11421256314;B
20241114;102136;1480.4;2;11421257655;B
20241114;102136;1480.4;1;11421257656;B
20241114;102136;1481;1;11421257657;B
20241114;102144;1479.6;1;11421261295;S
20241114;102144;1479.6;1;11421261296;S
20241114;102144;1479.4;5;11421261297;S
20241114;102144;1479.2;5;11421261298;S
20241114;102144;1479;3;11421261299;S
20241114;102144;1479;1;11421261300;S
20241114;102144;1479;4;11421261301;S
20241114;102151;1479.6;4;11421264479;S
20241114;102151;1479.4;1;11421264480;S
20241114;102151;1478.8;133;11421264481;S
20241114;102155;1480.4;1;11421265368;B
20241114;102218;1480;1;11421275280;B
20241114;102219;1480;5;11421276233;B
20241114;102232;1479;1;11421281596;S
20241114;102233;1479;5;11421281877;B
20241114;102237;1479;1;11421283081;B
20241114;102244;1479;2;11421285062;B
20241114;102244;1479.6;1;11421285063;B
20241114;102244;1479.6;1;11421285064;B
20241114;102244;1479.8;1;11421285065;B
20241114;102251;1479.8;1;11421286421;B
20241114;102253;1479.8;1;11421286763;B
20241114;102256;1478.8;1;11421287369;S
20241114;102256;1478.6;49;11421287370;S
20241114;102259;1479.8;1;11421287813;B
20241114;102259;1479.8;1;11421287814;B
20241114;102259;1479.8;1;11421287815;B
20241114;102259;1479.8;4;11421287816;B
20241114;102259;1479.8;2;11421287817;B
20241114;102259;1479.8;2;11421287818;B
20241114;102300;1480;100;11421288026;B
20241114;102302;1480;4;11421288284;B
20241114;102308;1479.8;2;11421289154;S
20241114;102310;1479.8;1;11421289437;S
20241114;102313;1480;5;11421289754;B
20241114;102316;1479.8;1;11421290181;S
20241114;102326;1479.8;1;11421291668;S
20241114;102337;1480;35;11421293012;B
20241114;102350;1480;3;11421294484;B
20241114;102350;1480;40;11421294532;B
20241114;102354;1480;1;11421295073;B
20241114;102359;1480;1;11421295691;B
20241114;102411;1480;1;11421297308;B
20241114;102423;1480;40;11421298635;B
20241114;102438;1479.8;1;11421300159;S
20241114;102438;1480;1;11421300217;B
20241114;102441;1480;2;11421300475;B
20241114;102450;1480;3;11421301543;B
20241114;102450;1479.8;33;11421301603;S
20241114;102500;1479.8;1;11421303716;B
20241114;102506;1479;2;11421304341;S
20241114;102506;1479;25;11421304342;S
20241114;102506;1478.8;1;11421304343;S
20241114;102506;1478.6;1;11421304344;S
20241114;102506;1478.6;51;11421304345;S
20241114;102506;1478.4;2;11421304346;S
20241114;102506;1478.4;2;11421304347;S
20241114;102506;1478.4;85;11421304348;S
20241114;102506;1478.2;2;11421304349;S
20241114;102506;1478.2;4;11421304350;S
20241114;102506;1478;2;11421304351;S
20241114;102506;1478;2;11421304352;S
20241114;102506;1478;5;11421304353;S
20241114;102506;1478;2;11421304354;S
20241114;102506;1477.6;1;11421304355;S
20241114;102506;1477.6;30;11421304356;S
20241114;102506;1477.4;50;11421304357;S
20241114;102506;1477.4;30;11421304358;S
20241114;102506;1477.2;40;11421304359;S
20241114;102506;1477;1;11421304360;S
20241114;102506;1477;1;11421304361;S
20241114;102506;1476.8;3;11421304362;S
20241114;102506;1476.6;1;11421304363;S
20241114;102506;1476.6;30;11421304364;S
20241114;102506;1476.4;20;11421304365;S
20241114;102506;1476.4;30;11421304366;S
20241114;102506;1476.4;1;11421304367;S
20241114;102506;1476.4;50;11421304368;S
20241114;102506;1476.2;7;11421304369;S
20241114;102506;1476.2;30;11421304370;S
20241114;102506;1476;1;11421304371;S
20241114;102506;1476;2;11421304372;S
20241114;102506;1476;1;11421304373;S
20241114;102506;1476;36;11421304374;S
20241114;102506;1475.6;30;11421304375;S
20241114;102506;1475.4;15;11421304376;S
20241114;102506;1475.4;3;11421304377;S
20241114;102506;1475.2;1;11421304378;S
20241114;102506;1475.2;3;11421304379;S
20241114;102506;1475.2;68;11421304380;S
20241114;102506;1475.2;51;11421304381;S
20241114;102506;1475;6;11421304382;S
20241114;102506;1475;6;11421304383;S
20241114;102506;1475;10;11421304384;S
20241114;102506;1475;1;11421304385;S
20241114;102506;1475;30;11421304386;S
20241114;102506;1474.8;20;11421304387;S
20241114;102506;1474.8;5;11421304388;S
20241114;102506;1474.6;118;11421304389;S
20241114;102506;1474.6;20;11421304390;S
20241114;102506;1474.4;1;11421304391;S
20241114;102506;1474.4;3;11421304392;S
20241114;102506;1474.4;3;11421304393;S
20241114;102506;1474.4;20;11421304394;S
20241114;102506;1474.2;20;11421304395;S
20241114;102506;1474;32;11421304396;S
20241114;102506;1474;150;11421304397;S
20241114;102506;1474;3;11421304398;S
20241114;102506;1474;2;11421304399;S
20241114;102506;1474;2;11421304400;S
20241114;102506;1474;2;11421304401;S
20241114;102506;1473.8;54;11421304402;S
20241114;102516;1476.4;1;11421305414;B
20241114;102516;1476.6;3;11421305415;B
20241114;102516;1476.6;4;11421305416;B
20241114;102516;1476.8;1;11421305417;B
20241114;102516;1476.8;30;11421305418;B
20241114;102516;1476.8;3;11421305419;B
20241114;102522;1477.4;1;11421306551;S
20241114;102523;1477.2;1;11421306757;S
20241114;102523;1477;5;11421306758;S
20241114;102529;1477.2;1;11421307878;B
20241114;102530;1477.2;1;11421308102;B
20241114;102541;1476.8;93;11421309755;S
20241114;102541;1477.4;1;11421309856;B
20241114;102555;1477.4;1;11421311608;B
20241114;102608;1476.8;20;11421313104;S
20241114;102620;1477;1;11421314710;B
20241114;102622;1477.2;20;11421315013;B
20241114;102622;1477.6;4;11421315014;B
20241114;102622;1477.8;4;11421315015;B
20241114;102622;1477.8;2;11421315016;B
20241114;102622;1477.8;1;11421315048;B
20241114;102638;1478.4;1;11421317255;B
20241114;102651;1477.2;1;11421318722;S
20241114;102655;1478;1;11421319150;B
20241114;102703;1477.8;2;11421319988;B
20241114;102708;1478.2;5;11421320498;B
20241114;102710;1478.2;3;11421320644;B
20241114;102726;1477;1;11421322970;S
20241114;102734;1477.4;1;11421324155;S
20241114;102734;1477;2;11421324156;S
20241114;102737;1476.8;40;11421324596;S
20241114;102737;1476.8;5;11421324597;S
20241114;102748;1476.2;17;11421326092;S
20241114;102800;1477;2;11421327609;B
20241114;102800;1477.4;1;11421327610;B
20241114;102800;1477.4;1;11421327611;B
20241114;102800;1477.6;1;11421327612;B
20241114;102800;1477.8;10;11421327613;B
20241114;102800;1478;19;11421327614;B
20241114;102803;1478;32;11421327998;B
20241114;102803;1478.2;30;11421327999;B
20241114;102803;1478.4;2;11421328000;B
20241114;102803;1478.4;30;11421328001;B
20241114;102803;1478.4;10;11421328002;B
20241114;102824;1478.2;15;11421330492;B
20241114;102829;1478.2;1;11421330949;B
20241114;102845;1478.2;1;11421332944;B
20241114;102845;1478.4;1;11421333075;B
20241114;102908;1478.2;4;11421335587;S
20241114;102908;1478.2;1;11421335588;S
20241114;102908;1478.2;3;11421335589;S
20241114;102908;1477;1;11421335590;S
20241114;102908;1477;2;11421335591;S
20241114;102908;1477;1;11421335592;S
20241114;102908;1477;1;11421335593;S
20241114;102908;1476.8;4;11421335594;S
20241114;102908;1476.8;1;11421335595;S
20241114;102908;1476.6;1;11421335596;S
20241114;102908;1476.6;10;11421335597;S
20241114;102908;1476.4;51;11421335598;S
20241114;102908;1476.2;13;11421335599;S
20241114;102908;1476;2;11421335600;S
20241114;102908;1475.8;1;11421335601;S
20241114;102908;1475.8;13;11421335602;S
20241114;102908;1475.8;4;11421335603;S
20241114;102908;1475.6;43;11421335604;S
20241114;102908;1475.4;25;11421335605;S
20241114;102908;1475.4;25;11421335606;S
20241114;102908;1475;2;11421335607;S
20241114;102908;1475;1;11421335608;S
20241114;102908;1475;30;11421335609;S
20241114;102908;1474.8;30;11421335610;S
20241114;102908;1474.8;68;11421335611;S
20241114;102908;1474.6;30;11421335612;S
20241114;102908;1474.6;250;11421335613;S
20241114;102908;1474.4;47;11421335614;S
20241114;102916;1476.4;1;11421336562;B
20241114;102937;1476;1;11421338924;B
20241114;102957;1476;3;11421341380;B
20241114;102957;1476.2;2;11421341381;B
20241114;102957;1476.2;8;11421341382;B
20241114;102957;1476.2;3;11421341383;B
20241114;102957;1476.4;25;11421341384;B
20241114;102958;1476.6;2;11421341440;B
20241114;102958;1476.6;2;11421341441;B
20241114;102958;1476.6;25;11421341442;B
20241114;102958;1476.6;1;11421341443;B
20241114;102958;1476.8;51;11421341444;B
20241114;102958;1477;19;11421341445;B
20241114;103015;1477.2;1;11421343689;B
20241114;103105;1477.2;1;11421358182;B
20241114;103105;1477.4;1;11421358183;B
20241114;103118;1477.4;1;11421362501;B
20241114;103124;1477.4;1;11421364165;B
20241114;103129;1477.6;8;11421365496;B
20241114;103129;1477.6;1;11421365530;B
20241114;103129;1477.4;1;11421365557;S
20241114;103129;1477.4;1;11421365558;S
20241114;103135;1476.4;1;11421366976;S
20241114;103135;1475.8;3;11421366977;S
20241114;103156;1476.4;1;11421370341;S
20241114;103156;1475.6;1;11421370342;S
20241114;103201;1475.6;1;11421371163;B
20241114;103203;1475.6;1;11421371416;B
20241114;103206;1475.6;1;11421371873;B
20241114;103206;1476.4;2;11421371874;B
20241114;103213;1476.4;1;11421372961;B
20241114;103223;1476.4;1;11421374331;B
20241114;103223;1476.4;1;11421374332;B
20241114;103223;1476.6;51;11421374333;B
20241114;103223;1476.6;30;11421374334;B
20241114;103223;1476.8;17;11421374335;B
20241114;103232;1475.6;1;11421375553;S
20241114;103232;1475.6;1;11421375554;S
20241114;103232;1475.4;3;11421375555;S
20241114;103232;1475.2;5;11421375556;S
20241114;103232;1475.2;10;11421375557;S
20241114;103239;1476.2;1;11421377172;B
20241114;103239;1476.4;3;11421377173;B
20241114;103239;1476.4;2;11421377174;B
20241114;103239;1476.6;1;11421377175;B
20241114;103239;1476.6;3;11421377176;B
20241114;103239;1476.8;13;11421377177;B
20241114;103239;1476.8;10;11421377178;B
20241114;103239;1476.8;1;11421377179;B
20241114;103239;1477;20;11421377180;B
20241114;103239;1477;30;11421377181;B
20241114;103239;1477;21;11421377182;B
20241114;103239;1477;10;11421377183;B
20241114;103239;1477.2;64;11421377184;B
20241114;103239;1477.2;30;11421377185;B
20241114;103239;1477.2;25;11421377186;B
20241114;103239;1477.4;30;11421377187;B
20241114;103239;1477.4;79;11421377188;B
20241114;103251;1477.4;3;11421378799;B
20241114;103251;1477.4;1;11421378822;B
20241114;103305;1477.4;1;11421381095;B
20241114;103313;1477.4;1;11421382143;B
20241114;103324;1477;1;11421383908;S
20241114;103324;1476.8;1;11421383909;S
20241114;103324;1476.8;1;11421383910;S
20241114;103324;1476.8;1;11421383911;S
20241114;103324;1476.2;1;11421383912;S
20241114;103326;1477.4;5;11421384183;B
20241114;103345;1477.2;1;11421387486;B
20241114;103353;1476.6;1;11421388635;S
20241114;103354;1477.4;3;11421388685;B
20241114;103402;1477.2;1;11421389584;B
20241114;103402;1477.2;2;11421389585;B
20241114;103407;1477.2;1;11421390220;B
20241114;103415;1476.4;1;11421391212;S
20241114;103415;1476.4;1;11421391213;S
20241114;103415;1476.2;2;11421391214;S
20241114;103415;1476.2;2;11421391215;S
20241114;103423;1476.4;5;11421392186;S
20241114;103423;1475.8;1;11421392187;S
20241114;103423;1475.8;1;11421392188;S
20241114;103423;1475.4;9;11421392189;S
20241114;103423;1475.2;4;11421392190;S
20241114;103423;1475.2;21;11421392191;S
20241114;103423;1475.2;51;11421392192;S
20241114;103423;1475;2;11421392193;S
20241114;103423;1475;40;11421392194;S
20241114;103423;1474.8;1;11421392195;S
20241114;103423;1476.8;2;11421392214;B
20241114;103427;1476.8;2;11421392637;B
20241114;103428;1476.6;1;11421392796;B
20241114;103428;1476.8;1;11421392797;B
20241114;103432;1476.8;1;11421393707;B
20241114;103432;1476.8;2;11421393708;B
20241114;103432;1476.8;1;11421393709;B
20241114;103432;1477;51;11421393710;B
20241114;103432;1477.2;17;11421393711;B
20241114;103432;1477.2;1;11421393712;B
20241114;103432;1477.2;40;11421393713;B
20241114;103432;1477.4;24;11421393714;B
20241114;103438;1477.4;5;11421394504;B
20241114;103439;1477.4;1;11421394678;B
20241114;103440;1476;2;11421394891;S
20241114;103447;1477.2;1;11421395868;B
20241114;103453;1477.2;1;11421397447;B
20241114;103454;1477.4;10;11421397483;B
20241114;103501;1477.4;2;11421398898;B
20241114;103509;1477.4;1;11421400334;B
20241114;103513;1477.4;1;11421400775;B
20241114;103514;1477.4;1;11421400936;B
20241114;103520;1477.4;1;11421402048;B
20241114;103523;1477.4;1;11421402658;B
20241114;103524;1477.4;4;11421402744;B
20241114;103524;1477.4;6;11421402746;B
20241114;103525;1477.4;2;11421402848;B
20241114;103529;1477.4;1;11421403554;B
20241114;103530;1477.4;1;11421403595;B
20241114;103533;1477;2;11421404151;S
20241114;103537;1477.4;1;11421404647;B
20241114;103546;1477.6;1;11421405991;B
20241114;103547;1477.8;1;11421406125;B
20241114;103548;1478;1;11421406475;B
20241114;103554;1478;1;11421407364;B
20241114;103556;1478;1;11421407956;B
20241114;103558;1478;1;11421408328;B
20241114;103559;1479.2;1;11421408481;B
20241114;103602;1479.4;1;11421408993;B
20241114;103602;1479.6;1;11421408994;B
20241114;103602;1479.6;1;11421408995;B
20241114;103602;1479.6;1;11421408996;B
20241114;103602;1479.8;1;11421408997;B
20241114;103611;1479.8;2;11421410313;B
20241114;103611;1479.8;2;11421410314;B
20241114;103613;1479.8;5;11421410614;B
20241114;103613;1480;2;11421410615;B
20241114;103620;1480;1;11421411714;B
20241114;103621;1480;10;11421411782;B
20241114;103621;1480;3;11421411893;B
20241114;103621;1480;1;11421411914;B
20241114;103622;1480;20;11421412068;B
20241114;103625;1480;2;11421412621;B
20241114;103633;1480;1;11421414030;B
20241114;103643;1479.6;2;11421415303;B
20241114;103643;1479.8;2;11421415304;B
20241114;103643;1480;46;11421415305;B
20241114;103644;1480;1;11421415452;B
20241114;103651;1480;1;11421417157;B
20241114;103651;1480;1;11421417264;B
20241114;103652;1480;4;11421417289;B
20241114;103652;1480;1;11421417343;B
20241114;103652;1480;3;11421417421;B
20241114;103652;1480;1;11421417484;B
20241114;103653;1480;1;11421417548;B
20241114;103653;1480;1;11421417608;B
20241114;103653;1480;1;11421417688;B
20241114;103654;1480;1;11421417768;B
20241114;103654;1480;28;11421417769;B
20241114;103654;1480;1;11421417770;B
20241114;103654;1480;2;11421417771;B
20241114;103654;1480;1;11421417772;B
20241114;103654;1480;2;11421417773;B
20241114;103654;1480.2;1;11421417837;B
20241114;103704;1480.4;1;11421418944;B
20241114;103707;1480.6;1;11421419418;B
20241114;103713;1480.6;1;11421420476;B
20241114;103713;1480.6;8;11421420544;B
20241114;103723;1481;1;11421422075;B
20241114;103725;1481;1;11421422343;B
20241114;103725;1481;1;11421422344;B
20241114;103725;1481;32;11421422345;B
20241114;103725;1481;7;11421422346;B
20241114;103743;1481;1;11421424301;S
20241114;103749;1481;10;11421424956;S
20241114;103751;1481;3;11421425196;S
20241114;103823;1481.2;1;11421429779;B
20241114;103823;1481.2;1;11421429780;B
20241114;103823;1481.4;5;11421429781;B
20241114;103824;1481;26;11421429868;S
20241114;103854;1481.4;1;11421433161;B
20241114;103901;1481.4;1;11421434058;B
20241114;103903;1481.4;4;11421434350;B
20241114;103907;1481.4;2;11421434874;B
20241114;103919;1481.4;23;11421436612;B
20241114;103930;1481.4;4;11421437942;B
20241114;103938;1481.4;100;11421438769;B
20241114;103938;1481.4;10;11421438790;B
20241114;103948;1481.4;14;11421440318;B
20241114;103948;1481.4;1;11421440319;B
20241114;103948;1481.4;1;11421440320;B
20241114;103948;1481.4;9;11421440321;B
20241114;103952;1481.2;1;11421440874;S
20241114;104004;1481.4;1;11421442236;B
20241114;104006;1481.2;1;11421442462;S
20241114;104006;1481.2;1;11421442463;S
20241114;104006;1481.2;9;11421442464;S
20241114;104007;1481.4;5;11421442553;B
20241114;104024;1481.4;3;11421445764;B
20241114;104027;1481.4;1;11421446334;B
20241114;104030;1481.4;1;11421446989;B
20241114;104036;1481.4;20;11421448044;B
20241114;104045;1481.6;1;11421449881;B
20241114;104045;1481.6;1;11421449882;B
20241114;104045;1481.6;18;11421449883;B
20241114;104050;1481.8;19;11421451128;B
20241114;104052;1481.8;1;11421451535;B
20241114;104110;1481.8;180;11421453176;B
20241114;104110;1482;1;11421453177;B
20241114;104110;1482;2;11421453178;B
20241114;104110;1482;67;11421453179;B
20241114;104110;1482;15;11421453237;B
20241114;104111;1482;10;11421453252;B
20241114;104111;1482;15;11421453274;B
20241114;104111;1482;3;11421453281;B
20241114;104111;1482;1;11421453282;B
20241114;104111;1482;1;11421453283;B
20241114;104111;1482.2;1;11421453284;B
20241114;104111;1482.2;4;11421453285;B
20241114;104111;1482.2;4;11421453298;B
20241114;104111;1482.2;2;11421453301;B
20241114;104112;1482.2;10;11421453434;B
20241114;104113;1482.2;40;11421453445;B
20241114;104113;1482.2;1;11421453469;B
20241114;104113;1482.4;1;11421453470;B
20241114;104113;1483.8;7;11421453485;B
20241114;104113;1483.8;3;11421453486;B
20241114;104113;1483.2;15;11421453525;B
20241114;104113;1483.6;25;11421453526;B
20241114;104121;1483.4;1;11421454370;B
20241114;104121;1483.4;29;11421454401;B
20241114;104121;1483.6;56;11421454402;B
20241114;104121;1483.6;15;11421454403;B
20241114;104121;1483.6;40;11421454404;B
20241114;104126;1483.6;1;11421454862;S
20241114;104129;1483.8;1;11421455376;S
20241114;104135;1483.6;1;11421456330;S
20241114;104141;1484;5;11421457080;B
20241114;104148;1484;2;11421457738;B
20241114;104150;1484;2;11421457944;B
20241114;104154;1484;1;11421458329;B
20241114;104154;1484;1;11421458334;B
20241114;104154;1484;1;11421458335;B
20241114;104154;1484;1;11421458336;B
20241114;104154;1484;2;11421458337;B
20241114;104155;1484;1;11421458506;B
20241114;104156;1483.6;75;11421458546;S
20241114;104156;1483.6;60;11421458547;S
20241114;104212;1482.2;2;11421460404;S
20241114;104213;1482;1;11421460526;S
20241114;104232;1482;4;11421463558;S
20241114;104232;1482;2;11421463559;S
20241114;104232;1481.8;5;11421463560;S
20241114;104232;1481.6;1;11421463561;S
20241114;104232;1481.6;3;11421463562;S
20241114;104243;1482;2;11421465466;S
20241114;104243;1481.6;2;11421465467;S
20241114;104243;1481.6;1;11421465468;S
20241114;104243;1481.4;1;11421465469;S
20241114;104243;1481.4;1;11421465470;S
20241114;104243;1481.4;5;11421465471;S
20241114;104243;1481.4;5;11421465472;S
20241114;104245;1481.4;40;11421465586;S
20241114;104302;1481.4;1;11421467990;B
20241114;104302;1481.4;1;11421467991;B
20241114;104302;1481.6;1;11421467992;B
20241114;104302;1481.8;1;11421467993;B
20241114;104303;1482;5;11421468047;B
20241114;104303;1482;1;11421468048;B
20241114;104303;1482;1;11421468049;B
20241114;104303;1482.2;34;11421468050;B
20241114;104303;1482.2;1;11421468051;B
20241114;104303;1482.2;1;11421468052;B
20241114;104303;1482.2;1;11421468053;B
20241114;104303;1482.4;43;11421468054;B
20241114;104314;1482.4;1;11421469526;B
20241114;104328;1481.8;1;11421471143;S
20241114;104328;1481.6;5;11421471144;S
20241114;104328;1481.6;10;11421471145;S
20241114;104328;1481.6;1;11421471146;S
20241114;104328;1481.4;49;11421471147;S
20241114;104328;1481.4;51;11421471148;S
20241114;104328;1481.2;33;11421471149;S
20241114;104345;1482.4;1;11421473400;B
20241114;104345;1482.4;1;11421473401;B
20241114;104354;1482.4;1;11421474907;B
20241114;104402;1482.4;1;11421475846;B
20241114;104402;1482.4;2;11421475913;B
20241114;104405;1482.4;1;11421476121;B
20241114;104405;1482.4;1;11421476122;B
20241114;104427;1482.4;5;11421478988;B
20241114;104427;1482.4;5;11421478989;B
20241114;104442;1482.4;2;11421481296;B
20241114;104500;1482.2;1;11421484327;B
20241114;104504;1482.2;1;11421484954;B
20241114;104511;1482.2;1;11421485787;B
20241114;104512;1482.2;1;11421485915;B
20241114;104520;1481.6;2;11421486835;S
20241114;104521;1482.4;2;11421486958;B
20241114;104521;1482.6;1;11421486959;B
20241114;104521;1482.6;5;11421486960;B
20241114;104521;1482.6;5;11421486961;B
20241114;104521;1482.8;1;11421486962;B
20241114;104521;1483;1;11421486963;B
20241114;104521;1483.2;3;11421486964;B
20241114;104522;1483.2;1;11421487119;B
20241114;104548;1482.6;1;11421489860;B
20241114;104555;1482.6;20;11421491296;B
20241114;104558;1482.8;4;11421491701;B
20241114;104605;1482.6;1;11421492534;B
20241114;104606;1482.6;1;11421492655;B
20241114;104610;1482.4;3;11421493394;B
20241114;104614;1481.8;1;11421493887;S
20241114;104636;1481.6;1;11421496532;S
20241114;104636;1481.6;15;11421496533;S
20241114;104650;1481.8;1;11421498651;B
20241114;104655;1481.8;1;11421499653;B
20241114;104708;1481.6;1;11421500983;S
20241114;104708;1481.4;1;11421500984;S
20241114;104721;1481.8;1;11421502508;S
20241114;104721;1481.6;1;11421502509;S
20241114;104721;1481.4;2;11421502510;S
20241114;104721;1481.4;3;11421502511;S
20241114;104721;1481.4;3;11421502512;S
20241114;104721;1481.4;3;11421502513;S
20241114;104721;1481.4;5;11421502514;S
20241114;104721;1481.4;4;11421502515;S
20241114;104721;1481.2;58;11421502516;S
20241114;104721;1481.2;200;11421502517;S
20241114;104721;1481.2;5;11421502518;S
20241114;104721;1481.2;200;11421502519;S
20241114;104721;1481;15;11421502520;S
20241114;104725;1482;1;11421502992;B
20241114;104725;1482;1;11421502993;B
20241114;104725;1482;5;11421502994;B
20241114;104725;1482;5;11421502995;B
20241114;104725;1482.2;8;11421502996;B
20241114;104732;1482.2;1;11421503814;B
20241114;104805;1481.4;3;11421507044;S
20241114;104808;1482.2;1;11421507171;B
20241114;104832;1482;1;11421508841;B
20241114;104832;1482;1;11421508842;B
20241114;104832;1482;1;11421508843;B
20241114;104832;1482;1;11421508844;B
20241114;104832;1482.2;2;11421508845;B
20241114;104835;1482.2;3;11421509385;B
20241114;104835;1482.2;6;11421509386;B
20241114;104835;1482.4;1;11421509387;B
20241114;104835;1482.6;40;11421509388;B
20241114;104847;1481.8;5;11421511307;S
20241114;104847;1481.6;40;11421511308;S
20241114;104900;1481.6;2;11421512653;B
20241114;104901;1481.6;1;11421512805;B
20241114;104901;1482.4;4;11421512806;B
20241114;104910;1481.6;5;11421513600;S
20241114;104910;1481.4;1;11421513601;S
20241114;104910;1481.4;100;11421513602;S
20241114;104911;1481.4;1;11421513773;B
20241114;104935;1481.4;3;11421516109;B
20241114;104944;1481.4;36;11421516673;B
20241114;104958;1481;1;11421517844;S
20241114;105010;1481;60;11421518971;S
20241114;105034;1481.2;1;11421521670;B
20241114;105044;1481.2;1;11421522571;B
20241114;105044;1481.4;74;11421522572;B
20241114;105044;1482;2;11421522573;B
20241114;105044;1482;2;11421522574;B
20241114;105044;1482.2;3;11421522575;B
20241114;105044;1482.2;51;11421522576;B
20241114;105044;1482.2;57;11421522577;B
20241114;105044;1482.4;2;11421522589;B
20241114;105044;1482.4;1;11421522590;B
20241114;105044;1482.4;2;11421522591;B
20241114;105102;1482;1;11421524411;B
20241114;105119;1482;7;11421526234;B
20241114;105119;1482.4;1;11421526235;B
20241114;105119;1482.4;1;11421526236;B
20241114;105119;1482.6;5;11421526237;B
20241114;105124;1481.6;1;11421526684;S
20241114;105133;1482;1;11421527789;B
20241114;105133;1482.4;1;11421527790;B
20241114;105133;1482.6;3;11421527791;B
20241114;105154;1482.8;1;11421530922;B
20241114;105158;1482.8;6;11421531480;B
20241114;105159;1482.8;1;11421531550;B
20241114;105201;1482.8;2;11421531781;B
20241114;105229;1482.6;2;11421535074;S
20241114;105229;1481.8;5;11421535075;S
20241114;105229;1481.6;1;11421535076;S
20241114;105229;1481.6;1;11421535077;S
20241114;105229;1481.6;2;11421535078;S
20241114;105229;1481.6;2;11421535079;S
20241114;105229;1481.6;2;11421535080;S
20241114;105229;1481.6;2;11421535081;S
20241114;105229;1481.4;1;11421535082;S
20241114;105229;1481.4;5;11421535083;S
20241114;105229;1481.4;7;11421535084;S
20241114;105242;1482.2;1;11421536410;B
20241114;105242;1482.2;1;11421536479;B
20241114;105323;1482.2;1;11421542373;B
20241114;105330;1482.2;1;11421543202;B
20241114;105330;1482.2;1;11421543203;B
20241114;105333;1482.2;3;11421543549;B
20241114;105340;1482.2;1;11421544481;B
20241114;105340;1482.2;1;11421544482;B
20241114;105340;1482.2;2;11421544483;B
20241114;105352;1482.2;6;11421545909;B
20241114;105403;1482.4;1;11421547011;B
20241114;105410;1482.4;4;11421547762;B
20241114;105410;1482.4;1;11421547763;B
20241114;105413;1482.2;1;11421547960;S
20241114;105413;1482;1;11421547961;S
20241114;105430;1482;1;11421549841;B
20241114;105515;1481.6;1;11421555941;S
20241114;105515;1481.4;1;11421555942;S
20241114;105515;1481.4;1;11421555943;S
20241114;105515;1481.4;1;11421555944;S
20241114;105515;1481.4;1;11421555945;S
20241114;105527;1481.4;5;11421556987;S
20241114;105538;1482;1;11421558078;B
20241114;105540;1482;5;11421558168;B
20241114;105540;1482.2;3;11421558169;B
20241114;105549;1482.2;1;11421559120;B
20241114;105549;1482.2;1;11421559121;B
20241114;105549;1482.2;1;11421559122;B
20241114;105549;1482.2;1;11421559123;B
20241114;105600;1482.2;3;11421560478;B
20241114;105603;1482.2;1;11421560836;B
20241114;105608;1482.6;2;11421561372;B
20241114;105626;1482.2;4;11421563963;S
20241114;105626;1481.6;3;11421563964;S
20241114;105626;1481.6;1;11421563965;S
20241114;105631;1482.4;3;11421564650;B
20241114;105631;1482.6;3;11421564651;B
20241114;105648;1482.6;1;11421567498;B
20241114;105657;1482.6;20;11421568134;B
20241114;105701;1482.6;1;11421568649;B
20241114;105709;1482.6;1;11421569114;B
20241114;105710;1482.6;5;11421569240;B
20241114;105734;1482.8;2;11421572004;B
20241114;105737;1482.8;1;11421572324;B
20241114;105744;1482.6;3;11421573180;S
20241114;105744;1482.2;2;11421573181;S
20241114;105744;1482;5;11421573182;S
20241114;105744;1481.8;3;11421573183;S
20241114;105744;1481.8;5;11421573184;S
20241114;105744;1481.6;1;11421573185;S
20241114;105744;1481.6;3;11421573186;S
20241114;105744;1481.6;51;11421573187;S
20241114;105744;1481.6;40;11421573188;S
20241114;105744;1481.4;3;11421573189;S
20241114;105744;1481.4;3;11421573190;S
20241114;105744;1481.4;1;11421573191;S
20241114;105744;1481.4;1;11421573192;S
20241114;105744;1481.4;1;11421573193;S
20241114;105744;1481.4;8;11421573194;S
20241114;105744;1481.4;5;11421573195;S
20241114;105744;1481.2;1;11421573196;S
20241114;105744;1481.2;100;11421573197;S
20241114;105744;1481.2;25;11421573198;S
20241114;105744;1481;392;11421573199;S
20241114;105744;1481;1;11421573210;S
20241114;105748;1481.2;1;11421574038;S
20241114;105748;1481;119;11421574039;S
20241114;105748;1481;250;11421574156;S
20241114;105750;1481.8;1;11421574261;B
20241114;105752;1481.6;1;11421574612;B
20241114;105753;1481.8;3;11421574637;B
20241114;105753;1481.8;1;11421574667;B
20241114;105755;1481.8;2;11421574871;B
20241114;105829;1481.2;1;11421578114;S
20241114;105829;1481.2;1;11421578115;S
20241114;105829;1481.2;1;11421578116;S
20241114;105829;1481;62;11421578117;S
20241114;105829;1481;19;11421578118;S
20241114;105829;1481;1;11421578119;S
20241114;105829;1481;7;11421578120;S
20241114;105829;1481;2;11421578121;S
20241114;105901;1480.8;1;11421581214;S
20241114;105917;1481.2;1;11421582792;B
20241114;105919;1481.2;1;11421583006;B
20241114;105931;1481.2;1;11421584823;B
20241114;105957;1481;1;11421586993;B
20241114;105957;1481.2;1;11421586994;B
20241114;110043;1481.2;1;11421597048;S
20241114;110046;1481.2;7;11421597868;B
20241114;110048;1480.8;50;11421598187;S
20241114;110050;1481.2;20;11421598647;B
20241114;110051;1481.2;2;11421598863;B
20241114;110051;1481.2;30;11421598864;S
20241114;110051;1481.2;18;11421598865;S
20241114;110056;1481.2;2;11421600154;B
20241114;110100;1481.2;1;11421600933;B
20241114;110101;1481.2;1;11421600976;B
20241114;110101;1481.2;1;11421601000;B
20241114;110101;1481.2;1;11421601018;B
20241114;110102;1481.2;1;11421601115;B
20241114;110102;1481.2;1;11421601208;B
20241114;110112;1481.2;1;11421603962;B
20241114;110113;1481.2;1;11421604134;B
20241114;110118;1481.2;1;11421605337;B
20241114;110136;1480.8;2;11421610002;S
20241114;110151;1481.2;1;11421613639;B
20241114;110208;1481.2;1;11421617526;B
20241114;110221;1481.2;2;11421620151;B
20241114;110256;1481.2;1;11421626593;B
20241114;110311;1481.2;1;11421630440;B
20241114;110321;1481.2;10;11421632537;B
20241114;110331;1481.2;1;11421634439;B
20241114;110335;1481.2;1;11421635545;B
20241114;110336;1481.2;1;11421635963;B
20241114;110336;1481.2;1;11421635964;B
20241114;110336;1481.2;8;11421635965;B
20241114;110349;1481.2;1;11421638744;B
20241114;110349;1481.2;1;11421638747;B
20241114;110349;1481.2;1;11421638748;B
20241114;110350;1481.4;1;11421638765;B
20241114;110350;1481.4;1;11421638794;B
20241114;110353;1481.6;14;11421639359;B
20241114;110412;1481.2;1;11421642368;B
20241114;110412;1481.6;1;11421642369;B
20241114;110412;1481.6;1;11421642370;B
20241114;110500;1481.6;1;11421651494;B
20241114;110529;1481.6;1;11421657192;B
20241114;110533;1481.4;1;11421657889;S
20241114;110540;1481.4;1;11421659653;S
20241114;110629;1481.6;4;11421671935;S
20241114;110655;1481.8;1;11421678085;B
20241114;110655;1482;1;11421678115;B
20241114;110656;1482;1;11421678182;B
20241114;110656;1482;1;11421678254;B
20241114;110656;1482;1;11421678357;B
20241114;110659;1482;1;11421678982;B
20241114;110704;1481.6;121;11421679839;S
20241114;110704;1481.6;235;11421679840;S
20241114;110704;1481.4;10;11421679841;S
20241114;110704;1481.4;20;11421679842;S
20241114;110704;1481.4;127;11421679843;S
20241114;110718;1481.4;1;11421682729;S
20241114;110728;1481.4;5;11421684727;S
20241114;110732;1481.6;1;11421685603;B
20241114;110732;1481.8;1;11421685604;B
20241114;110732;1482;5;11421685605;B
20241114;110737;1482;7;11421686637;B
20241114;110813;1481.8;3;11421694848;B
20241114;110820;1481.8;2;11421696658;B
20241114;110820;1481.8;1;11421696659;B
20241114;110820;1481.8;5;11421696660;B
20241114;110820;1482;2;11421696661;B
20241114;110831;1481.4;14;11421699458;S
20241114;110831;1481.4;1;11421699459;S
20241114;110831;1481.2;9;11421699460;S
20241114;110845;1481.8;1;11421702482;B
20241114;110845;1481.8;1;11421702483;B
20241114;110845;1481.8;1;11421702484;B
20241114;110845;1481.8;1;11421702485;B
20241114;110845;1481.8;1;11421702486;B
20241114;110845;1482;16;11421702487;B
20241114;110845;1482;3;11421702488;B
20241114;110845;1482.2;37;11421702489;B
20241114;110845;1482.2;29;11421702490;B
20241114;110854;1482;30;11421704427;B
20241114;110854;1482.2;1;11421704428;B
20241114;110854;1482.2;9;11421704429;B
20241114;110907;1482;20;11421707284;B
20241114;110939;1482;10;11421717707;B
20241114;110946;1482;6;11421719761;B
20241114;111015;1482.4;1;11421727290;B
20241114;111019;1482.6;2;11421728024;B
20241114;111024;1481.4;9;11421729246;S
20241114;111024;1481.2;1;11421729247;S
20241114;111024;1481.2;2;11421729248;S
20241114;111024;1481.2;3;11421729249;S
20241114;111024;1481.2;1;11421729250;S
20241114;111024;1481.2;1;11421729251;S
20241114;111024;1481.2;1;11421729252;S
20241114;111024;1481.2;1;11421729253;S
20241114;111024;1481.2;1;11421729254;S
20241114;111044;1482.2;1;11421733520;B
20241114;111125;1482;50;11421744012;S
20241114;111133;1482;8;11421745448;S
20241114;111136;1482;1;11421746093;B
20241114;111200;1481.4;1;11421750539;S
20241114;111200;1481.2;10;11421750540;S
20241114;111200;1481;10;11421750541;S
20241114;111200;1481;18;11421750542;S
20241114;111215;1481;49;11421752915;S
20241114;111221;1481.6;1;11421754227;B
20241114;111221;1481.6;1;11421754228;B
20241114;111222;1481.6;1;11421754412;B
20241114;111222;1481.6;19;11421754413;B
20241114;111223;1481;33;11421754703;S
20241114;111223;1481;1;11421754704;S
20241114;111228;1481;46;11421755503;B
20241114;111228;1481;25;11421755504;B
20241114;111228;1481;161;11421755505;B
20241114;111228;1481;116;11421755506;B
20241114;111236;1481.4;34;11421757040;S
20241114;111255;1481;5;11421760831;B
20241114;111303;1481;40;11421761966;B
20241114;111311;1480.6;1;11421763432;S
20241114;111314;1481;89;11421763893;B
20241114;111314;1481;25;11421763894;B
20241114;111332;1481;61;11421768432;S
20241114;111349;1481;2;11421771346;B
20241114;111443;1481;2;11421780745;B
20241114;111443;1481;7;11421780746;B
20241114;111443;1481;1;11421780747;B
20241114;111444;1481.2;1;11421780887;B
20241114;111518;1481.8;1;11421784763;B
20241114;111518;1481.8;29;11421784764;B
20241114;111522;1481;7;11421785270;S
20241114;111522;1481;14;11421785271;B
20241114;111524;1481;10;11421785400;B
20241114;111549;1480.6;5;11421787844;S
20241114;111559;1480.8;1;11421789447;B
20241114;111621;1480.8;1;11421792186;B
20241114;111621;1481;1;11421792187;B
20241114;111647;1480.4;5;11421795916;S
20241114;111713;1480.4;1;11421799582;S
20241114;111714;1480.8;2;11421799714;B
20241114;111715;1480.2;2;11421799844;S
20241114;111728;1480.2;2;11421802458;S
20241114;111730;1480.8;3;11421802883;B
20241114;111730;1480.2;3;11421802902;S
20241114;111730;1480.2;1;11421802903;S
20241114;111730;1480.2;1;11421802904;S
20241114;111730;1480;1;11421802905;S
20241114;111730;1480;1;11421802906;S
20241114;111746;1480.4;1;11421804495;S
20241114;111746;1480.4;135;11421804496;S
20241114;111746;1480;5;11421804497;S
20241114;111746;1480;1;11421804498;S
20241114;111746;1480;1;11421804499;S
20241114;111746;1480;1;11421804500;S
20241114;111746;1479.8;10;11421804501;S
20241114;111746;1479.6;1;11421804502;S
20241114;111746;1479.6;4;11421804503;S
20241114;111746;1479.4;1;11421804504;S
20241114;111746;1479.4;1;11421804505;S
20241114;111746;1479.4;2;11421804506;S
20241114;111746;1479.4;29;11421804507;S
20241114;111746;1479.2;25;11421804508;S
20241114;111748;1480.6;2;11421804746;B
20241114;111757;1479.6;1;11421805707;S
20241114;111757;1479.6;1;11421805708;S
20241114;111819;1480.2;1;11421808655;S
20241114;111819;1479.8;1;11421808656;S
20241114;111855;1480.4;1;11421814268;B
20241114;111910;1480.4;1;11421815875;B
20241114;111953;1480.2;1;11421821283;S
20241114;111953;1480;1;11421821284;S
20241114;111953;1479.6;1;11421821285;S
20241114;111953;1479.4;2;11421821286;S
20241114;111953;1479.2;15;11421821287;S
20241114;111959;1480.2;33;11421821912;B
20241114;112008;1480.2;1;11421822819;B
20241114;112012;1479.4;2;11421823270;S
20241114;112035;1480.2;2;11421826152;B
20241114;112040;1479.4;19;11421826670;S
20241114;112049;1479.4;5;11421827652;S
20241114;112057;1480;1;11421828409;B
20241114;112057;1480;1;11421828410;B
20241114;112057;1480;1;11421828411;B
20241114;112057;1480.2;2;11421828412;B
20241114;112104;1480.2;1;11421829191;B
20241114;112113;1479.4;1;11421830196;S
20241114;112123;1480.2;2;11421831109;B
20241114;112124;1480.2;6;11421831142;B
20241114;112132;1479.4;1;11421831886;S
20241114;112138;1480;1;11421832368;B
20241114;112139;1480;1;11421832387;B
20241114;112139;1480;2;11421832403;B
20241114;112139;1480;1;11421832404;B
20241114;112139;1480;1;11421832454;B
20241114;112140;1480;1;11421832464;B
20241114;112140;1480.2;1;11421832490;B
20241114;112141;1480.2;1;11421832530;B
20241114;112141;1480.2;1;11421832547;B
20241114;112145;1480.2;1;11421832879;B
20241114;112152;1480.2;1;11421833384;B
20241114;112157;1480.2;1;11421833738;B
20241114;112208;1480.2;1;11421834967;B
20241114;112216;1479.4;1;11421835621;S
20241114;112216;1479.4;6;11421835622;S
20241114;112216;1479.4;3;11421835623;S
20241114;112221;1479.4;1;11421836101;B
20241114;112222;1479.4;1;11421836144;B
20241114;112222;1479.4;1;11421836171;B
20241114;112222;1479.4;1;11421836199;B
20241114;112223;1479.4;1;11421836220;B
20241114;112223;1479.4;1;11421836249;B
20241114;112224;1479.4;1;11421836287;B
20241114;112224;1479.4;1;11421836324;B
20241114;112224;1479.4;1;11421836327;B
20241114;112224;1479.4;1;11421836394;B
20241114;112225;1479.4;1;11421836400;B
20241114;112225;1479.4;1;11421836415;B
20241114;112225;1479.4;1;11421836439;B
20241114;112226;1479.4;1;11421836456;B
20241114;112234;1479.4;1;11421837261;B
20241114;112237;1479.4;20;11421837450;B
20241114;112247;1479.4;1;11421838330;B
20241114;112314;1479.2;50;11421866527;S
20241114;112317;1479.4;5;11421869466;B
20241114;112326;1479.2;10;11421876609;S
20241114;112326;1479.2;1;11421876610;S
20241114;112326;1479.2;1;11421876611;S
20241114;112334;1479.2;1;11421884458;B
20241114;112334;1479.2;1;11421884830;B
20241114;112335;1479.2;1;11421885234;B
20241114;112335;1479.2;1;11421885622;B
20241114;112336;1479.2;1;11421885963;B
20241114;112336;1479.2;1;11421886417;B
20241114;112336;1479.2;1;11421886655;B
20241114;112337;1479.2;1;11421887069;B
20241114;112337;1479.2;1;11421887343;B
20241114;112338;1479.2;1;11421887691;B
20241114;112338;1479.2;1;11421888102;B
20241114;112338;1479.2;1;11421888384;B
20241114;112347;1479;3;11421895829;S
20241114;112424;1479;2;11421935125;S
20241114;112431;1479;62;11421942941;S
20241114;112431;1479;18;11421942942;S
20241114;112434;1479;3;11421946821;S
20241114;112434;1479;74;11421946825;S
20241114;112434;1479;1;11421946826;S
20241114;112434;1479;10;11421946827;S
20241114;112434;1479;3;11421946828;S
20241114;112434;1479;1;11421946829;S
20241114;112434;1479;4;11421946830;S
20241114;112434;1479;1;11421946831;S
20241114;112434;1478.8;27;11421946832;S
20241114;112434;1478.8;1;11421946833;S
20241114;112434;1478.6;1;11421946834;S
20241114;112434;1478.6;1;11421946835;S
20241114;112434;1478.4;1;11421946836;S
20241114;112434;1478.4;1;11421946837;S
20241114;112434;1478.4;1;11421946838;S
20241114;112434;1478.2;1;11421946839;S
20241114;112434;1478.2;4;11421946840;S
20241114;112434;1478;5;11421946841;S
20241114;112434;1478;1;11421946842;S
20241114;112434;1478;1;11421946843;S
20241114;112435;1477.6;3;11421947736;S
20241114;112435;1477.4;7;11421947737;S
20241114;112435;1477.4;3;11421947869;S
20241114;112511;1478;1;11421986957;B
20241114;112517;1478;1;11421993451;B
20241114;112535;1478;1;11422013942;B
20241114;112551;1478;1;11422031384;B
20241114;112553;1478;5;11422033819;B
20241114;112555;1477.4;1;11422035105;S
20241114;112555;1477.2;10;11422035106;S
20241114;112555;1477.2;9;11422035107;S
20241114;112608;1478;2;11422051057;B
20241114;112618;1478;2;11422061814;B
20241114;112655;1478;1;11422093552;B
20241114;112658;1477.2;1;11422096704;S
20241114;112658;1477.2;1;11422096705;S
20241114;112658;1477;93;11422096706;S
20241114;112659;1478;1;11422097692;B
20241114;112708;1478;10;11422107373;B
20241114;112718;1478;1;11422118895;B
20241114;112747;1478;5;11422150222;B
20241114;112826;1478;1;11422194892;B
20241114;112850;1478;2;11422221607;B
20241114;112905;1478;1;11422239247;B
20241114;112916;1477.2;5;11422251842;S
20241114;112916;1477.2;1;11422251843;S
20241114;112916;1477.2;10;11422251844;S
20241114;112916;1477;28;11422251845;S
20241114;112916;1478;2;11422251848;B
20241114;112931;1477.8;1;11422264254;B
20241114;112936;1477.8;1;11422268770;B
20241114;112937;1477.8;3;11422270188;B
20241114;112937;1477.8;1;11422270189;B
20241114;112937;1478;6;11422270190;B
20241114;112938;1477;10;11422270534;S
20241114;112945;1478;1;11422277049;B
20241114;112951;1477.8;1;11422282348;B
20241114;113021;1477.2;2;11422314731;S
20241114;113021;1477;28;11422314732;S
20241114;113021;1477.8;1;11422315086;B
20241114;113024;1478;1;11422317139;B
20241114;113037;1477.8;2;11422332420;B
20241114;113049;1477.2;2;11422345254;S
20241114;113050;1477.2;2;11422345920;B
20241114;113122;1477;3;11422381312;S
20241114;113140;1477;186;11422401734;S
20241114;113140;1477;50;11422401735;S
20241114;113140;1477;2;11422401736;S
20241114;113140;1477;162;11422401737;S
20241114;113146;1477.8;1;11422409042;S
20241114;113242;1477.2;3;11422465081;S
20241114;113248;1477.8;1;11422471001;B
20241114;113305;1477.2;2;11422487037;S
20241114;113305;1477.2;2;11422487038;S
20241114;113305;1477;6;11422487039;S
20241114;113313;1477.8;2;11422495989;B
20241114;113313;1478;3;11422495990;B
20241114;113313;1478;5;11422495994;B
20241114;113340;1477.2;2;11422525416;S
20241114;113345;1477.2;8;11422530951;S
20241114;113345;1477.2;2;11422530952;S
20241114;113345;1477.2;5;11422530953;S
20241114;113402;1477;62;11422551046;S
20241114;113402;1477;1;11422551047;S
20241114;113402;1477;1;11422551048;S
20241114;113402;1477;1;11422551049;S
20241114;113402;1476.8;5;11422551050;S
20241114;113402;1476.4;1;11422551051;S
20241114;113402;1476.4;5;11422551052;S
20241114;113402;1476.2;20;11422551053;S
20241114;113402;1476.2;69;11422551054;S
20241114;113407;1477.2;3;11422555526;B
20241114;113411;1477.6;5;11422560348;B
20241114;113411;1477.6;4;11422560349;B
20241114;113412;1477.6;11;11422560688;S
20241114;113430;1477.6;9;11422580555;B
20241114;113430;1477.8;4;11422580556;B
20241114;113430;1477.8;2;11422580557;B
20241114;113430;1477.8;2;11422580558;B
20241114;113501;1476.6;1;11422614352;S
20241114;113501;1476.2;19;11422614353;S
20241114;113518;1476.4;1;11422632089;S
20241114;113521;1477.2;1;11422634258;B
20241114;113521;1477.4;1;11422634259;B
20241114;113521;1477.4;5;11422634260;B
20241114;113521;1477.8;51;11422634261;B
20241114;113521;1478;17;11422634262;B
20241114;113521;1476.2;1;11422634886;S
20241114;113552;1476.8;3;11422666418;S
20241114;113558;1476.8;2;11422671761;S
20241114;113558;1476.8;1;11422671762;S
20241114;113558;1476.6;1;11422671763;S
20241114;113558;1476.6;3;11422671764;S
20241114;113558;1476.6;3;11422671765;S
20241114;113636;1477.6;1;11422708658;B
20241114;113701;1477.6;2;11422732824;B
20241114;113719;1477;3;11422750559;S
20241114;113729;1477;2;11422759995;B
20241114;113729;1477.4;1;11422759996;B
20241114;113803;1477.8;2;11422790701;B
20241114;113803;1477.8;2;11422790702;B
20241114;113803;1477.8;1;11422790703;B
20241114;113803;1477.8;2;11422790704;B
20241114;113803;1478;2;11422790705;B
20241114;113803;1478;17;11422790706;B
20241114;113803;1478.4;27;11422790707;B
20241114;113803;1478.6;31;11422790708;B
20241114;113803;1478.6;11;11422790709;B
20241114;113803;1478.6;20;11422790710;B
20241114;113803;1478.8;2;11422790711;B
20241114;113803;1479;383;11422790712;B
20241114;113812;1477.4;1;11422798579;S
20241114;113812;1477.4;5;11422798580;S
20241114;113812;1477.2;5;11422798581;S
20241114;113812;1477.2;5;11422798582;S
20241114;113812;1477.2;10;11422798583;S
20241114;113812;1476.8;4;11422798584;S
20241114;113812;1476.6;1;11422798585;S
20241114;113812;1476.6;51;11422798586;S
20241114;113812;1476.6;18;11422798587;S
20241114;113838;1477;1;11422822665;B
20241114;113838;1477.2;1;11422822666;B
20241114;113908;1477.4;1;11422849579;B
20241114;113952;1477.4;1;11422866951;B
20241114;114022;1477.4;2;11422870107;B
20241114;114024;1477.4;11;11422870343;B
20241114;114024;1477.4;4;11422870344;B
20241114;114024;1477.6;1;11422870345;B
20241114;114024;1477.6;2;11422870346;B
20241114;114024;1477.8;1;11422870347;B
20241114;114024;1477.8;5;11422870348;B
20241114;114024;1478;1;11422870349;B
20241114;114024;1478;5;11422870350;B
20241114;114024;1478;1;11422870351;B
20241114;114024;1478;5;11422870352;B
20241114;114024;1478.2;1;11422870353;B
20241114;114024;1478.2;1;11422870354;B
20241114;114024;1478.4;1;11422870355;B
20241114;114024;1478.4;10;11422870356;B
20241114;114024;1478.6;1;11422870357;B
20241114;114024;1478.6;51;11422870358;B
20241114;114024;1478.8;18;11422870359;B
20241114;114024;1479;81;11422870360;B
20241114;114046;1479.2;1;11422872954;B
20241114;114047;1479.2;1;11422873041;B
20241114;114048;1479.2;1;11422873101;B
20241114;114131;1479.2;1;11422877208;B
20241114;114132;1479.4;2;11422877298;B
20241114;114202;1479.4;1;11422879736;B
20241114;114215;1478.4;1;11422880767;S
20241114;114215;1478.2;2;11422880768;S
20241114;114215;1478;5;11422880769;S
20241114;114215;1478;1;11422880770;S
20241114;114215;1477.8;1;11422880771;S
20241114;114226;1478;1;11422881531;S
20241114;114240;1478.6;1;11422882558;B
20241114;114244;1477.6;1;11422882966;S
20241114;114244;1477.4;5;11422882967;S
20241114;114244;1477.4;1;11422882968;S
20241114;114300;1477.4;1;11422884162;S
20241114;114308;1478.6;1;11422884759;B
20241114;114308;1478.8;1;11422884760;B
20241114;114308;1478.8;1;11422884761;B
20241114;114308;1478.8;5;11422884762;B
20241114;114308;1479;1;11422884763;B
20241114;114317;1477.6;1;11422885529;S
20241114;114317;1477.6;5;11422885530;S
20241114;114317;1477.4;10;11422885531;S
20241114;114317;1477.2;1;11422885532;S
20241114;114317;1477.2;3;11422885533;S
20241114;114329;1477;1;11422886354;S
20241114;114329;1477;1;11422886355;S
20241114;114329;1477;1;11422886356;S
20241114;114329;1477;1;11422886357;S
20241114;114347;1478.2;1;11422887558;B
20241114;114404;1478.4;1;11422888790;B
20241114;114419;1478.6;5;11422889840;B
20241114;114419;1479;15;11422889841;B
20241114;114419;1479;1;11422889847;B
20241114;114428;1479;7;11422890499;B
20241114;114428;1479;3;11422890500;B
20241114;114429;1479;2;11422890600;B
20241114;114429;1479.2;3;11422890601;B
20241114;114429;1479.4;5;11422890602;B
20241114;114430;1479.4;10;11422890697;B
20241114;114431;1479.2;10;11422890744;B
20241114;114457;1478.4;3;11422892672;S
20241114;114457;1478.4;1;11422892673;S
20241114;114457;1478.2;5;11422892674;S
20241114;114457;1478.2;5;11422892675;S
20241114;114457;1478.2;3;11422892676;S
20241114;114520;1478.2;1;11422894594;B
20241114;114524;1478.2;1;11422894856;B
20241114;114529;1478;1;11422895258;S
20241114;114533;1478.2;1;11422895580;B
20241114;114534;1478.2;1;11422895636;B
20241114;114628;1478.2;209;11422900179;B
20241114;114628;1478.2;3;11422900180;B
20241114;114628;1478.2;3;11422900181;B
20241114;114707;1478.8;1;11422903334;B
20241114;114750;1478.8;1;11422906997;B
20241114;114755;1478.2;45;11422907505;S
20241114;114802;1478;69;11422908213;S
20241114;114814;1478;1;11422909129;B
20241114;114819;1478;1;11422909588;B
20241114;114839;1478;7;11422910954;B
20241114;114847;1477.2;1;11422911556;S
20241114;114847;1477;1;11422911557;S
20241114;114848;1477;1;11422911585;S
20241114;114848;1477;1;11422911586;S
20241114;114848;1477;12;11422911587;S
20241114;114848;1476.8;1;11422911588;S
20241114;114848;1476.8;1;11422911589;S
20241114;114848;1476.8;1;11422911590;S
20241114;114848;1476.8;2;11422911591;S
20241114;114848;1476.6;1;11422911592;S
20241114;114848;1476.6;1;11422911593;S
20241114;114848;1476.6;5;11422911594;S
20241114;114848;1476.6;1;11422911595;S
20241114;114848;1476.6;1;11422911596;S
20241114;114848;1476.6;1;11422911597;S
20241114;114848;1476.4;41;11422911598;S
20241114;114925;1477.6;1;11422914943;B
20241114;114926;1477.6;1;11422915099;B
20241114;114928;1477.6;2;11422915195;B
20241114;114928;1477.6;2;11422915196;B
20241114;114928;1477.8;5;11422915197;B
20241114;114928;1477.8;1;11422915198;B
20241114;115006;1477.8;1;11422918268;B
20241114;115013;1476.6;1;11422918796;S
20241114;115013;1476.6;2;11422918797;S
20241114;115013;1476.6;2;11422918798;S
20241114;115021;1477.8;3;11422919502;B
20241114;115021;1477.8;1;11422919503;B
20241114;115021;1477.8;1;11422919504;B
20241114;115036;1476.8;4;11422920562;S
20241114;115036;1476.6;4;11422920563;S
20241114;115036;1476.6;5;11422920564;S
20241114;115036;1476.4;10;11422920565;S
20241114;115036;1476.4;17;11422920566;S
20241114;115036;1477.8;1;11422920588;B
20241114;115047;1477.8;2;11422921614;S
20241114;115049;1478;1;11422921741;B
20241114;115107;1477.8;2;11422923881;S
20241114;115126;1478;1;11422925880;B
20241114;115145;1478;1;11422927758;B
20241114;115208;1478;1;11422929400;B
20241114;115208;1478;18;11422929462;B
20241114;115208;1478;17;11422929463;B
20241114;115210;1478;1;11422929945;B
20241114;115216;1478;1;11422930398;B
20241114;115222;1478;1;11422930840;B
20241114;115223;1478;1;11422930898;B
20241114;115231;1478;34;11422931594;B
20241114;115240;1478.6;4;11422932290;B
20241114;115349;1478.6;1;11422938435;B
20241114;115411;1478.4;1;11422940088;B
20241114;115412;1478.6;1;11422940195;B
20241114;115423;1478;1;11422940950;S
20241114;115423;1477.8;5;11422940951;S
20241114;115423;1477.2;9;11422940952;S
20241114;115450;1478;1;11422943038;B
20241114;115450;1477.2;1;11422943056;S
20241114;115458;1477.2;1;11422943618;S
20241114;115458;1477.2;1;11422943619;S
20241114;115536;1478.2;1;11422946233;B
20241114;115552;1478;1;11422947496;B
20241114;115553;1477;1;11422947534;S
20241114;115553;1476.8;1;11422947535;S
20241114;115555;1478;2;11422947697;B
20241114;115559;1478;1;11422948073;B
20241114;115602;1478;1;11422948249;B
20241114;115610;1478.2;1;11422948808;B
20241114;115718;1478.2;2;11422958205;B
20241114;115718;1478.2;1;11422958206;B
20241114;115719;1478.4;5;11422958376;B
20241114;115722;1478.2;1;11422958768;S
20241114;115724;1478.2;1;11422959269;S
20241114;115725;1478.2;1;11422959699;S
20241114;115726;1478.4;9;11422959942;B
20241114;115739;1478.8;1;11422962334;B
20241114;115739;1478.8;4;11422962335;B
20241114;115739;1479;5;11422962336;B
20241114;115754;1479;5;11422963399;B
20241114;115754;1479;2;11422963400;B
20241114;115754;1479.2;18;11422963401;B
20241114;115755;1478.4;2;11422963464;S
20241114;115832;1479.2;8;11422966338;B
20241114;115832;1479.4;2;11422966339;B
20241114;115841;1479.4;2;11422966989;B
20241114;115858;1479.4;2;11422968429;B
20241114;115900;1479.4;10;11422968534;B
20241114;120005;1479.4;4;11422974013;B
20241114;120006;1479.2;1;11422974035;S
20241114;120013;1479;1;11422974489;S
20241114;120021;1479.4;61;11422975049;B
20241114;120021;1479.6;10;11422975050;B
20241114;120021;1479.8;4;11422975051;B
20241114;120021;1480;5;11422975052;B
20241114;120021;1480;20;11422975053;B
20241114;120021;1480;2;11422975054;B
20241114;120021;1480.2;51;11422975055;B
20241114;120021;1480.4;1;11422975056;B
20241114;120021;1480.4;46;11422975057;B
20241114;120034;1480.4;6;11422976111;B
20241114;120041;1480.4;11;11422976649;B
20241114;120115;1480.6;14;11422979670;B
20241114;120203;1480.6;7;11422984578;B
20241114;120230;1480.4;1;11422987136;S
20241114;120234;1480.6;1;11422987603;B
20241114;120251;1480.6;1;11422989193;B
20241114;120302;1480.6;1;11422990009;B
20241114;120302;1480.6;1;11422990095;B
20241114;120303;1480.6;1;11422990113;B
20241114;120303;1480.6;1;11422990139;B
20241114;120305;1480.4;10;11422990572;S
20241114;120305;1480.6;20;11422990649;B
20241114;120320;1480.6;1;11422992153;B
20241114;120330;1480.4;1;11422993010;S
20241114;120347;1480.6;2;11422994522;B
20241114;120347;1480.6;21;11422994523;B
20241114;120406;1480.6;200;11422996393;B
20241114;120408;1480.6;200;11422996691;B
20241114;120408;1480.6;46;11422996692;B
20241114;120411;1480.6;1;11422997031;B
20241114;120412;1480.6;1;11422997065;B
20241114;120412;1480.6;1;11422997109;B
20241114;120425;1480.4;2;11422998394;S
20241114;120432;1480.6;1;11422998971;B
20241114;120443;1480.4;11;11423000121;S
20241114;120453;1480.4;19;11423000973;S
20241114;120458;1480.6;1;11423001420;B
20241114;120458;1480.6;75;11423001433;B
20241114;120458;1480.6;1;11423001460;B
20241114;120521;1480.6;1;11423003475;B
20241114;120521;1480.6;1;11423003533;B
20241114;120522;1480.6;1;11423003546;B
20241114;120522;1480.6;1;11423003559;B
20241114;120522;1480.6;1;11423003589;B
20241114;120523;1480.6;1;11423003614;B
20241114;120524;1480.6;1;11423003709;B
20241114;120531;1480.6;1;11423004279;B
20241114;120537;1480.4;3;11423004692;S
20241114;120555;1480.6;65;11423006250;B
20241114;120615;1480.4;2;11423007912;S
20241114;120635;1480.4;10;11423009460;S
20241114;120643;1480.6;3;11423010063;B
20241114;120659;1480.6;1;11423011659;B
20241114;120659;1480.6;1;11423011661;B
20241114;120721;1480.6;1;11423013227;B
20241114;120817;1480.4;1;11423017156;S
20241114;120817;1480.4;1;11423017157;S
20241114;120817;1480.4;1;11423017158;S
20241114;120824;1480.4;1;11423017639;S
20241114;120826;1480.6;1;11423017735;B
20241114;120837;1480.6;3;11423018739;B
20241114;120938;1480.6;31;11423023747;B
20241114;121023;1480.6;2;11423028271;B
20241114;121048;1480.6;1;11423031173;B
20241114;121106;1480.4;1;11423032743;S
20241114;121106;1480.4;1;11423032744;S
20241114;121121;1480.6;2;11423033888;B
20241114;121130;1480.6;4;11423034579;B
20241114;121130;1480.6;1;11423034580;B
20241114;121145;1480.4;1;11423035676;S
20241114;121150;1480.6;5;11423036021;B
20241114;121150;1480.6;1;11423036022;B
20241114;121150;1480.8;7;11423036023;B
20241114;121150;1480.8;7;11423036024;B
20241114;121150;1481;5;11423036039;B
20241114;121200;1481;13;11423036751;B
20241114;121229;1480.8;3;11423039495;B
20241114;121229;1480.8;63;11423039496;B
20241114;121241;1480.8;3;11423040512;B
20241114;121245;1480.8;1;11423040911;B
20241114;121345;1480.4;3;11423045291;S
20241114;121345;1480.4;1;11423045292;S
20241114;121356;1480.4;5;11423046151;B
20241114;121404;1480.4;1;11423046780;B
20241114;121418;1480.2;5;11423047981;S
20241114;121418;1480;1;11423047982;S
20241114;121418;1480;3;11423047983;S
20241114;121418;1480;1;11423047984;S
20241114;121418;1480;2;11423047985;S
20241114;121418;1480;6;11423047986;S
20241114;121418;1480;16;11423047987;S
20241114;121429;1480;30;11423048989;S
20241114;121440;1480;11;11423049794;S
20241114;121440;1480;1;11423049795;S
20241114;121440;1480;10;11423049796;S
20241114;121441;1480;9;11423049830;B
20241114;121447;1480.6;1;11423050161;B
20241114;121451;1480.6;1;11423050458;B
20241114;121544;1480;4;11423054343;S
20241114;121544;1480.6;1;11423054376;B
20241114;121545;1480.6;1;11423054391;B
20241114;121614;1480.6;1;11423056682;B
20241114;121614;1480.6;11;11423056683;B
20241114;121614;1480.8;22;11423056684;B
20241114;121626;1480.8;2;11423057552;B
20241114;121643;1480.6;5;11423058829;S
20241114;121643;1480.8;1;11423058958;B
20241114;121644;1480.8;1;11423058979;B
20241114;121719;1480.8;2;11423061254;B
20241114;121751;1480.6;1;11423063313;B
20241114;121816;1480.6;2;11423064978;B
20241114;121819;1480.6;1;11423065154;B
20241114;121827;1480.6;1;11423065686;B
20241114;121828;1480.8;2;11423065801;B
20241114;121930;1480.8;3;11423070544;B
20241114;121930;1480.8;1;11423070545;B
20241114;121934;1480.8;1;11423070952;B
20241114;121946;1480.8;13;11423071862;B
20241114;122010;1480.8;2;11423074045;B
20241114;122035;1480.8;1;11423077569;B
20241114;122039;1480.8;15;11423078177;B
20241114;122047;1480.8;1;11423079570;B
20241114;122052;1480.8;1;11423080427;B
20241114;122100;1480.8;4;11423081521;B
20241114;122115;1480.2;2;11423084227;S
20241114;122259;1480.8;799;11423096487;B
20241114;122259;1480.8;6;11423096488;B
20241114;122300;1481;3;11423096535;B
20241114;122426;1481;7;11423103238;B
20241114;122631;1480.8;72;11423112327;S
20241114;122640;1481;1;11423113125;B
20241114;122719;1481;3;11423116555;B
20241114;122742;1480.8;1;11423118092;S
20241114;122756;1481;1;11423119023;B
20241114;122821;1481;2;11423120745;B
20241114;122822;1480.8;1;11423120902;S
20241114;122857;1481;5;11423123392;B
20241114;122904;1481;1;11423124082;B
20241114;122919;1481;1;11423125420;B
20241114;122949;1480.8;120;11423128294;S
20241114;122949;1480.8;1;11423128295;S
20241114;122952;1480.8;1;11423128467;S
20241114;123034;1481;1;11423132144;B
20241114;123034;1481;1;11423132155;B
20241114;123034;1481;20;11423132206;B
20241114;123034;1481;1;11423132215;B
20241114;123034;1481;1;11423132260;B
20241114;123035;1481;1;11423132291;B
20241114;123035;1481;1;11423132324;B
20241114;123036;1481;1;11423132331;B
20241114;123036;1481;1;11423132362;B
20241114;123036;1481;1;11423132395;B
20241114;123037;1481;1;11423132416;B
20241114;123040;1480.8;1;11423132699;S
20241114;123047;1481;896;11423133240;B
20241114;123047;1481;2;11423133241;B
20241114;123047;1481;1;11423133242;B
20241114;123047;1481;5;11423133243;B
20241114;123047;1481;50;11423133244;B
20241114;123047;1481.6;3;11423133264;B
20241114;123047;1481.8;4;11423133266;B
20241114;123047;1481.8;2;11423133267;B
20241114;123048;1481.8;1;11423133320;B
20241114;123048;1481.8;100;11423133321;B
20241114;123049;1481.8;19;11423133340;B
20241114;123132;1481;2;11423136733;S
20241114;123141;1481.8;1;11423137485;B
20241114;123156;1481.8;2;11423138808;B
20241114;123223;1481.6;4;11423140993;B
20241114;123225;1481.6;13;11423141153;B
20241114;123225;1481.6;5;11423141159;B
20241114;123225;1481.6;60;11423141178;B
20241114;123238;1481.6;1;11423142053;B
20241114;123243;1481.8;50;11423142438;B
20241114;123258;1481.8;1;11423143455;B
20241114;123358;1481.8;2;11423148678;B
20241114;123406;1481;1;11423149215;S
20241114;123410;1481.8;2;11423149539;B
20241114;123410;1481.8;3;11423149559;B
20241114;123418;1481.8;6;11423150136;B
20241114;123420;1481.8;3;11423150243;B
20241114;123436;1481.8;2;11423151397;B
20241114;123441;1481.8;5;11423151709;B
20241114;123442;1481.8;1;11423151821;B
20241114;123445;1481.8;1;11423151980;B
20241114;123455;1481.8;4;11423152546;B
20241114;123457;1481.8;1;11423152613;B
20241114;123510;1481.8;3;11423153556;B
20241114;123510;1481.8;1;11423153574;B
20241114;123514;1481.8;5;11423153880;B
20241114;123514;1481.8;3;11423153881;B
20241114;123514;1482;2;11423153882;B
20241114;123518;1482;5;11423154245;B
20241114;123524;1481.8;4;11423154568;B
20241114;123525;1482;3;11423154680;B
20241114;123526;1482;55;11423154726;B
20241114;123611;1482;10;11423157878;B
20241114;123640;1482;1;11423160117;B
20241114;123647;1481.8;1;11423160723;S
20241114;123647;1481;1;11423160724;S
20241114;123648;1482;1;11423160803;B
20241114;123714;1482;16;11423162449;B
20241114;123737;1482;1;11423163824;B
20241114;123738;1482;3;11423163990;B
20241114;123740;1482;25;11423164116;B
20241114;123742;1482;5;11423164194;B
20241114;123813;1482;7;11423166375;B
20241114;123828;1481.8;19;11423167537;B
20241114;123829;1481.8;1;11423167669;B
20241114;123835;1481.8;1;11423168109;B
20241114;123839;1481.8;1;11423168335;B
20241114;123905;1481.8;1;11423170487;B
20241114;123906;1482;1;11423170616;B
20241114;123931;1481.8;1;11423173323;B
20241114;123953;1481.8;49;11423174946;B
20241114;124009;1482;3;11423176964;B
20241114;124017;1481.2;1;11423178377;S
20241114;124017;1481.2;18;11423178378;S
20241114;124017;1481;2;11423178379;S
20241114;124017;1481;1;11423178380;S
20241114;124017;1481;16;11423178381;S
20241114;124032;1481;1;11423179655;B
20241114;124039;1481;10;11423180176;B
20241114;124118;1481.8;30;11423183260;B
20241114;124119;1481.8;9;11423183334;B
20241114;124135;1481.8;22;11423184627;B
20241114;124140;1481;23;11423184940;S
20241114;124140;1481;4;11423184941;S
20241114;124140;1481;1;11423184942;S
20241114;124140;1481;1;11423184943;S
20241114;124206;1481;1;11423186590;B
20241114;124229;1481;4;11423188532;B
20241114;124321;1481;11;11423192523;B
20241114;124332;1481;27;11423193537;B
20241114;124332;1481;1;11423193538;B
20241114;124332;1481.8;2;11423193539;B
20241114;124338;1481.8;5;11423193814;B
20241114;124347;1481.8;2;11423194462;B
20241114;124350;1481.8;3;11423194610;B
20241114;124424;1481.8;5;11423196888;B
20241114;124433;1481.8;1;11423197506;B
20241114;124436;1481.8;1;11423197639;B
20241114;124437;1481.8;19;11423197755;B
20241114;124449;1481.8;1;11423198609;B
20241114;124558;1481.8;1;11423202724;B
20241114;124558;1481.8;1;11423202725;B
20241114;124559;1481.8;3;11423202753;B
20241114;124600;1481.8;283;11423202835;B
20241114;124600;1481.8;63;11423202836;B
20241114;124600;1481.8;1;11423202837;B
20241114;124600;1482;153;11423202838;B
20241114;124600;1482;4;11423202839;B
20241114;124615;1482;1;11423203926;B
20241114;124623;1481;2;11423204509;S
20241114;124655;1481;4;11423206920;S
20241114;124655;1481;4;11423206921;S
20241114;124655;1481;2;11423206922;S
20241114;124732;1481.8;10;11423210073;B
20241114;124736;1481.8;5;11423210390;B
20241114;124806;1481;2;11423212521;S
20241114;124807;1481.8;10;11423212556;B
20241114;124853;1482;3;11423216049;B
20241114;124853;1482;15;11423216050;B
20241114;124853;1482;1;11423216051;B
20241114;124853;1482;31;11423216052;B
20241114;124918;1481;3;11423217736;S
20241114;124949;1481.8;1;11423219877;B
20241114;125000;1481.8;2;11423220671;B
20241114;125025;1481;5;11423222298;S
20241114;125025;1481;10;11423222299;S
20241114;125025;1481;2;11423222300;S
20241114;125040;1481;1;11423223400;B
20241114;125041;1480.8;1;11423223464;S
20241114;125041;1480.8;1;11423223465;S
20241114;125041;1480.8;1;11423223466;S
20241114;125041;1480.6;1;11423223467;S
20241114;125041;1480.4;4;11423223468;S
20241114;125041;1480.4;51;11423223469;S
20241114;125041;1480.2;2;11423223470;S
20241114;125041;1480.2;1;11423223471;S
20241114;125041;1480.2;30;11423223472;S
20241114;125041;1480;5;11423223473;S
20241114;125041;1480;33;11423223474;S
20241114;125041;1480;7;11423223475;S
20241114;125041;1480;3;11423223476;S
20241114;125041;1480;4;11423223477;S
20241114;125041;1480;1;11423223478;S
20241114;125041;1480;2;11423223479;S
20241114;125041;1480;1;11423223480;S
20241114;125041;1479.8;5;11423223481;S
20241114;125041;1479.6;1;11423223482;S
20241114;125041;1479.6;1;11423223483;S
20241114;125048;1481.4;1;11423223904;B
20241114;125048;1481.6;16;11423223905;B
20241114;125048;1481.8;1;11423223906;B
20241114;125048;1481.8;51;11423223907;B
20241114;125103;1482;3;11423224778;B
20241114;125104;1481.8;1;11423224839;S
20241114;125127;1482;5;11423226348;B
20241114;125127;1482;2;11423226374;B
20241114;125138;1482;1;11423227080;B
20241114;125140;1482;10;11423227227;B
20241114;125201;1482;1;11423228795;B
20241114;125201;1482;1;11423228839;B
20241114;125202;1482;1;11423228879;B
20241114;125202;1482;1;11423228923;B
20241114;125203;1482;1;11423228965;B
20241114;125207;1482;2;11423229190;B
20241114;125221;1482;1;11423230063;B
20241114;125225;1482;1;11423230378;B
20241114;125232;1482;1;11423230929;B
20241114;125237;1482;1;11423231300;B
20241114;125327;1482;1;11423234423;B
20241114;125330;1481.8;1;11423234596;S
20241114;125338;1482;1;11423235114;B
20241114;125347;1482;50;11423235624;B
20241114;125410;1482;1;11423237088;B
20241114;125420;1482;2;11423237701;B
20241114;125424;1482;1;11423237947;B
20241114;125455;1482;1;11423239920;B
20241114;125507;1482;1;11423240651;B
20241114;125512;1482;1;11423241069;B
20241114;125512;1482;6;11423241070;B
20241114;125521;1482;1;11423241675;B
20241114;125535;1481.8;2;11423242449;S
20241114;125540;1481.8;50;11423242691;S
20241114;125553;1481.8;2;11423243458;S
20241114;125554;1482;1;11423243503;B
20241114;125554;1482;1;11423243504;B
20241114;125615;1482;2;11423244969;B
20241114;125620;1482;2;11423245293;B
20241114;125644;1482;10;11423247081;B
20241114;125644;1482;35;11423247083;B
20241114;125644;1482;4;11423247084;B
20241114;125644;1482;5;11423247085;B
20241114;125644;1482;1;11423247086;B
20241114;125648;1481.8;5;11423247425;S
20241114;125648;1481.8;2;11423247426;S
20241114;125648;1481.8;3;11423247427;S
20241114;125717;1481.8;1;11423249325;S
20241114;125718;1481.8;2;11423249424;S
20241114;125833;1482;1;11423254596;B
20241114;125857;1481.8;1;11423256284;S
20241114;125937;1482;1;11423258699;B
20241114;125937;1482.2;1;11423258737;B
20241114;125937;1482.2;1;11423258738;B
20241114;125937;1482.4;1;11423258739;B
20241114;125937;1482.4;1;11423258740;B
20241114;125937;1482.4;1;11423258741;B
20241114;125937;1482.4;1;11423258742;B
20241114;125937;1482.6;4;11423258743;B
20241114;125950;1482.4;5;11423259701;B
20241114;125951;1482.4;1;11423259782;B
20241114;130003;1482.4;4;11423260599;B
20241114;130003;1482.6;7;11423260600;B
20241114;130058;1482.6;1;11423264854;B
20241114;130058;1482.6;8;11423264859;B
20241114;130106;1482.6;1;11423265455;B
20241114;130141;1482.6;1;11423268292;B
20241114;130157;1482.6;100;11423270508;B
20241114;130159;1482.6;1;11423270675;B
20241114;130204;1482.6;1;11423271171;B
20241114;130221;1482.6;1;11423272680;B
20241114;130227;1482.6;22;11423273108;B
20241114;130227;1482.8;31;11423273109;B
20241114;130229;1482.6;20;11423273225;B
20241114;130245;1482.6;20;11423274630;B
20241114;130339;1482.6;1;11423278428;B
20241114;130339;1482.6;15;11423278447;B
20241114;130353;1482.6;2;11423279576;B
20241114;130401;1482.6;1;11423280225;B
20241114;130409;1482.6;3;11423280792;B
20241114;130434;1482.6;1;11423282763;B
20241114;130434;1482.8;1;11423282764;B
20241114;130440;1482.6;1;11423283305;B
20241114;130441;1482.6;1;11423283332;B
20241114;130441;1482.6;1;11423283360;B
20241114;130441;1482.6;1;11423283391;B
20241114;130442;1482.6;1;11423283412;B
20241114;130442;1482.6;1;11423283436;B
20241114;130442;1482.6;1;11423283458;B
20241114;130443;1482.6;1;11423283500;B
20241114;130443;1482.6;1;11423283526;B
20241114;130451;1482.6;1;11423284106;B
20241114;130501;1482.6;1;11423284995;B
20241114;130507;1482.6;1;11423285507;B
20241114;130507;1482.6;1;11423285508;B
20241114;130510;1482.8;1;11423285720;B
20241114;130516;1482.4;1;11423286163;S
20241114;130519;1482.8;1;11423286368;B
20241114;130544;1482.8;46;11423288191;B
20241114;130544;1482.8;100;11423288192;B
20241114;130544;1482.8;100;11423288193;B
20241114;130544;1483;2;11423288194;B
20241114;130544;1483;1;11423288195;B
20241114;130544;1483;100;11423288196;B
20241114;130544;1483;100;11423288197;B
20241114;130544;1483;460;11423288198;B
20241114;130544;1483;20;11423288199;B
20241114;130544;1483;15;11423288200;B
20241114;130544;1483;150;11423288201;B
20241114;130544;1483;1;11423288202;B
20241114;130544;1483.4;1;11423288203;B
20241114;130544;1483.4;1;11423288204;B
20241114;130544;1483.6;1;11423288205;B
20241114;130544;1484;1;11423288206;B
20241114;130544;1484;4;11423288207;B
20241114;130544;1484;1;11423288208;B
20241114;130544;1484.4;4;11423288209;B
20241114;130544;1484.4;30;11423288210;B
20241114;130544;1484.4;25;11423288211;B
20241114;130544;1484.6;1;11423288212;B
20241114;130544;1484.6;30;11423288213;B
20241114;130544;1484.6;42;11423288214;B
20241114;130544;1484.6;50;11423288215;B
20241114;130544;1484.8;10;11423288216;B
20241114;130544;1484.8;204;11423288217;B
20241114;130544;1484.6;5;11423288226;B
20241114;130544;1484.6;20;11423288229;B
20241114;130544;1484.8;96;11423288230;B
20241114;130544;1484.8;120;11423288231;B
20241114;130544;1485;1;11423288232;B
20241114;130544;1485;30;11423288233;B
20241114;130544;1485;1;11423288234;B
20241114;130544;1485;4;11423288235;B
20241114;130544;1485;1;11423288236;B
20241114;130544;1485;10;11423288237;B
20241114;130544;1485;537;11423288238;B
20241114;130544;1485;260;11423288239;B
20241114;130544;1485;1;11423288240;B
20241114;130544;1485;3;11423288241;B
20241114;130544;1485.2;4;11423288242;B
20241114;130544;1485.8;1;11423288243;B
20241114;130544;1486;141;11423288244;B
20241114;130544;1486;10;11423288256;B
20241114;130545;1484;2;11423288296;S
20241114;130604;1485.2;1;11423289626;B
20241114;130604;1486;3;11423289627;B
20241114;130611;1485.2;1;11423290076;S
20241114;130618;1486;2;11423290562;B
20241114;130623;1486;1;11423290841;B
20241114;130626;1486;1;11423291042;B
20241114;130639;1485.2;1;11423291911;S
20241114;130640;1486;1;11423291956;B
20241114;130644;1486;1;11423292121;B
20241114;130644;1486;1;11423292135;B
20241114;130651;1485.2;1;11423292478;S
20241114;130652;1485.2;1;11423292591;S
20241114;130706;1486;58;11423293575;B
20241114;130706;1486;143;11423293576;B
20241114;130706;1486;15;11423293577;B
20241114;130706;1486;9;11423293578;B
20241114;130710;1486;4;11423293881;B
20241114;130710;1485.6;1;11423293882;S
20241114;130710;1485.4;1;11423293883;S
20241114;130712;1486.2;1;11423293977;B
20241114;130714;1486.8;4;11423294201;B
20241114;130714;1487;1;11423294202;B
20241114;130729;1486.4;1;11423295216;S
20241114;130729;1485.4;5;11423295217;S
20241114;130738;1486.4;1;11423295781;B
20241114;130753;1486.8;1;11423296814;B
20241114;130754;1486.4;2;11423296848;S
20241114;130804;1486.8;1;11423297477;B
20241114;130818;1486.4;2;11423298880;S
20241114;130822;1486.8;1;11423299099;B
20241114;130822;1487;5;11423299100;B
20241114;130822;1487;1;11423299101;B
20241114;130825;1486.4;30;11423299383;S
20241114;130850;1486.4;1;11423301213;S
20241114;130901;1486.8;1;11423301936;B
20241114;130923;1486.8;1;11423303235;B
20241114;130929;1486.8;1;11423303577;B
20241114;130938;1486.8;2;11423304128;B
20241114;130938;1486.8;2;11423304129;B
20241114;130938;1486.8;1;11423304130;B
20241114;130949;1486.4;65;11423305043;S
20241114;130949;1486.4;1;11423305044;S
20241114;130949;1486.4;10;11423305045;S
20241114;130949;1485.6;5;11423305046;S
20241114;130949;1485.4;12;11423305047;S
20241114;130949;1485.2;7;11423305048;S
20241114;130952;1486.6;5;11423305284;B
20241114;130952;1486.8;5;11423305285;B
20241114;130952;1486.8;1;11423305286;B
20241114;130952;1487;6;11423305287;B
20241114;130952;1487;1;11423305288;B
20241114;130952;1487;89;11423305289;B
20241114;131000;1486.8;1;11423305808;B
20241114;131008;1485.6;10;11423306735;S
20241114;131012;1486.8;1;11423307367;B
20241114;131017;1486.8;2;11423307811;B
20241114;131017;1486.8;2;11423307812;B
20241114;131017;1487;7;11423307813;B
20241114;131018;1487;1;11423307885;B
20241114;131020;1487;1;11423308221;B
20241114;131024;1487;1;11423308650;B
20241114;131031;1487;1;11423309236;B
20241114;131032;1487.6;25;11423309334;B
20241114;131036;1487.8;6;11423309795;B
20241114;131042;1487.8;2;11423310280;B
20241114;131047;1487.8;52;11423310739;B
20241114;131047;1487.8;79;11423310740;B
20241114;131047;1487.8;19;11423310741;B
20241114;131053;1487.6;1;11423311474;S
20241114;131053;1487.6;1;11423311475;S
20241114;131053;1487.6;1;11423311476;S
20241114;131053;1487.6;1;11423311477;S
20241114;131053;1487.6;1;11423311478;S
20241114;131053;1487.6;1;11423311479;S
20241114;131053;1487.6;1;11423311480;S
20241114;131053;1487.6;1;11423311481;S
20241114;131053;1487.6;1;11423311482;S
20241114;131053;1487;1;11423311483;S
20241114;131054;1487.8;1;11423311568;B
20241114;131055;1487.8;1;11423311582;B
20241114;131055;1487.8;1;11423311604;B
20241114;131056;1487.8;1;11423311664;B
20241114;131056;1487.8;1;11423311678;B
20241114;131056;1487.8;1;11423311695;B
20241114;131057;1488;1;11423311724;B
20241114;131057;1488;30;11423311759;B
20241114;131057;1488;1;11423311760;B
20241114;131102;1487;28;11423312162;S
20241114;131102;1486.8;2;11423312163;S
20241114;131109;1488;24;11423312731;B
20241114;131109;1488;1;11423312732;B
20241114;131109;1488;1071;11423312733;B
20241114;131115;1488;339;11423313285;B
20241114;131115;1488.2;3700;11423313286;B
20241114;131115;1488.4;1;11423313287;B
20241114;131116;1488.6;10;11423313338;B
20241114;131116;1488.6;10;11423313376;B
20241114;131116;1488.6;10;11423313402;B
20241114;131116;1488.6;10;11423313412;B
20241114;131122;1488.6;11;11423313875;B
20241114;131123;1488.6;2;11423313942;B
20241114;131123;1488.6;2;11423313949;B
20241114;131123;1488.8;1;11423313950;B
20241114;131123;1488.8;3;11423313951;B
20241114;131123;1489;19;11423313952;B
20241114;131123;1489;25;11423313973;B
20241114;131124;1488.8;2;11423314057;S
20241114;131124;1489;25;11423314073;B
20241114;131124;1489;1;11423314078;B
20241114;131125;1489;44;11423314106;B
20241114;131125;1489;30;11423314138;B
20241114;131125;1489;25;11423314142;B
20241114;131126;1488.8;28;11423314150;S
20241114;131126;1488.8;4;11423314151;S
20241114;131126;1488.8;5;11423314152;S
20241114;131126;1488.8;4;11423314153;S
20241114;131126;1488.6;30;11423314154;S
20241114;131126;1488.6;64;11423314155;S
20241114;131126;1488.4;29;11423314156;S
20241114;131126;1488.4;30;11423314157;S
20241114;131126;1488.4;25;11423314158;S
20241114;131126;1488.2;981;11423314159;S
20241114;131126;1489;11;11423314173;B
20241114;131126;1489;1;11423314174;B
20241114;131126;1489.4;1;11423314175;B
20241114;131126;1489.4;25;11423314176;B
20241114;131126;1489.6;25;11423314177;B
20241114;131126;1489.8;1;11423314178;B
20241114;131126;1489.8;25;11423314179;B
20241114;131126;1490;1;11423314180;B
20241114;131126;1490;23;11423314181;B
20241114;131126;1490;50;11423314182;B
20241114;131126;1490;1;11423314183;B
20241114;131126;1490;10;11423314184;B
20241114;131126;1490;1;11423314185;B
20241114;131126;1490;20;11423314186;B
20241114;131126;1490;30;11423314187;B
20241114;131126;1490;4;11423314188;B
20241114;131126;1490;30;11423314189;B
20241114;131126;1490;1;11423314190;B
20241114;131126;1490.6;32;11423314191;B
20241114;131126;1490.8;119;11423314192;B
20241114;131126;1491;1;11423314193;B
20241114;131126;1491;88;11423314194;B
20241114;131126;1491;1;11423314200;B
20241114;131129;1489.2;3;11423314378;S
20241114;131135;1489.8;1;11423314874;B
20241114;131135;1489.8;5;11423314875;B
20241114;131135;1490;21;11423314876;B
20241114;131135;1490;23;11423314877;B
20241114;131137;1490;10;11423315089;B
20241114;131143;1490;111;11423315551;B
20241114;131144;1489.4;5;11423315646;S
20241114;131147;1489.4;45;11423315924;B
20241114;131147;1490;55;11423315925;B
20241114;131151;1490;485;11423316172;B
20241114;131151;1490;6;11423316173;B
20241114;131151;1489.2;6;11423316188;S
20241114;131151;1490;22;11423316194;B
20241114;131204;1490.2;2;11423317055;S
20241114;131204;1490.2;1;11423317106;S
20241114;131205;1490.8;5;11423317113;B
20241114;131205;1491;5;11423317114;B
20241114;131206;1491;150;11423317226;B
20241114;131208;1491;50;11423317387;B
20241114;131209;1491;100;11423317456;B
20241114;131218;1491;30;11423318162;B
20241114;131218;1491;30;11423318163;B
20241114;131218;1491;30;11423318164;B
20241114;131218;1491;16;11423318165;B
20241114;131222;1491.4;1;11423318380;B
20241114;131224;1491.4;1;11423318502;B
20241114;131225;1491.4;1;11423318661;B
20241114;131225;1491;21;11423318737;S
20241114;131225;1491.4;1;11423318742;B
20241114;131226;1491.4;1;11423318812;B
20241114;131228;1491.4;1;11423318974;B
20241114;131228;1491.4;1;11423319049;B
20241114;131229;1491.4;1;11423319076;B
20241114;131229;1491.2;5;11423319133;S
20241114;131229;1491.2;5;11423319134;S
20241114;131229;1491;13;11423319135;S
20241114;131229;1490.8;5;11423319136;S
20241114;131229;1490.8;51;11423319137;S
20241114;131229;1490.6;30;11423319138;S
20241114;131229;1490.6;11;11423319139;S
20241114;131229;1490.6;10;11423319145;S
20241114;131230;1491.4;1;11423319237;B
20241114;131230;1491.4;1;11423319462;B
20241114;131231;1491.4;1;11423319509;B
20241114;131231;1491.4;1;11423319570;B
20241114;131232;1491.4;1;11423319613;B
20241114;131232;1491.4;1;11423319623;B
20241114;131232;1491.4;1;11423319629;B
20241114;131232;1491.4;1;11423319656;B
20241114;131233;1491.4;1;11423319729;B
20241114;131233;1491.4;1;11423319750;B
20241114;131233;1491.4;1;11423319784;B
20241114;131233;1491.4;6;11423319803;B
20241114;131233;1491.6;3;11423319804;B
20241114;131234;1491.6;1;11423319806;B
20241114;131235;1491.6;1;11423319894;B
20241114;131236;1491.6;1;11423319970;B
20241114;131237;1491.6;1;11423320020;B
20241114;131238;1491.6;1;11423320095;B
20241114;131243;1491.6;17;11423320547;B
20241114;131243;1491.6;4;11423320548;B
20241114;131243;1491.8;9;11423320549;B
20241114;131243;1491.8;16;11423320560;B
20241114;131243;1492;10;11423320561;B
20241114;131243;1492;47;11423320562;B
20241114;131243;1492.2;9;11423320563;B
20241114;131243;1492.2;1;11423320565;B
20241114;131244;1491.4;1;11423320667;S
20241114;131244;1491.4;1;11423320668;S
20241114;131244;1491.4;1;11423320669;S
20241114;131244;1491.2;4;11423320670;S
20241114;131245;1491.6;10;11423320714;B
20241114;131247;1491.6;30;11423320842;S
20241114;131256;1492;1;11423321604;B
20241114;131256;1492.2;79;11423321605;B
20241114;131257;1492.2;19;11423321694;B
20241114;131257;1492.2;11;11423321695;B
20241114;131257;1492.2;9;11423321696;B
20241114;131300;1492.8;1;11423322046;B
20241114;131301;1492.4;9;11423322085;S
20241114;131301;1493;1;11423322212;B
20241114;131303;1492.4;10;11423322439;S
20241114;131304;1492.4;1;11423322477;S
20241114;131304;1493;1;11423322519;B
20241114;131305;1493;5;11423322562;B
20241114;131311;1492.4;30;11423323241;S
20241114;131311;1492.4;30;11423323242;S
20241114;131311;1492.2;21;11423323243;S
20241114;131311;1492;30;11423323244;S
20241114;131311;1492;40;11423323245;S
20241114;131311;1492;30;11423323246;S
20241114;131311;1491.8;9;11423323247;S
20241114;131314;1492.8;1;11423323513;B
20241114;131314;1492.8;49;11423323514;B
20241114;131317;1492.8;10;11423323967;B
20241114;131319;1492.8;15;11423324075;B
20241114;131319;1492.8;1;11423324076;B
20241114;131319;1492.8;2;11423324077;B
20241114;131319;1493;1;11423324078;B
20241114;131319;1493;9;11423324079;B
20241114;131319;1493;10;11423324153;B
20241114;131322;1492.8;1;11423324365;S
20241114;131322;1492.4;1;11423324366;S
20241114;131322;1492.4;19;11423324367;S
20241114;131323;1492.2;32;11423324479;S
20241114;131323;1492;18;11423324480;S
20241114;131324;1492.8;3;11423324526;B
20241114;131324;1492.8;17;11423324527;B
20241114;131346;1492.8;10;11423326670;B
20241114;131346;1492.8;69;11423326671;B
20241114;131348;1492.6;1;11423326806;B
20241114;131348;1492.8;14;11423326807;B
20241114;131349;1492.8;1;11423326933;B
20241114;131351;1492.4;200;11423327184;S
20241114;131352;1492.4;1;11423327386;S
20241114;131358;1492.4;16;11423328312;S
20241114;131358;1492;1;11423328313;S
