<DATE>;<TIME>;<LAST>;<VOL>;<ID>;<OPER>
20241108;095938;1495;1;11397626063;B
20241108;095938;1495;3;11397626064;B
20241108;095938;1495;50;11397626065;B
20241108;095938;1495;30;11397626066;B
20241108;095938;1495;32;11397626067;S
20241108;095938;1495;1;11397626068;B
20241108;095938;1495;1;11397626069;B
20241108;095938;1495;50;11397626070;B
20241108;095938;1495;1;11397626071;B
20241108;095938;1495;105;11397626072;S
20241108;095938;1495;1;11397626073;B
20241108;095938;1495;10;11397626074;B
20241108;095938;1495;1;11397626075;B
20241108;095938;1495;1;11397626076;S
20241108;095938;1495;14;11397626077;B
20241108;095938;1495;5;11397626078;B
20241108;095938;1495;5;11397626079;B
20241108;095938;1495;25;11397626080;B
20241108;095938;1495;23;11397626081;S
20241108;095938;1495;1;11397626082;S
20241108;095938;1495;20;11397626083;S
20241108;095938;1495;1;11397626084;S
20241108;095938;1495;19;11397626085;S
20241108;095938;1495;40;11397626086;S
20241108;095938;1495;1;11397626087;S
20241108;095938;1495;5;11397626088;S
20241108;095938;1495;10;11397626089;S
20241108;095938;1495;20;11397626090;S
20241108;100001;1495;10;11397631673;B
20241108;100002;1494;200;11397632136;S
20241108;100002;1494;1;11397632591;S
20241108;100002;1494;14;11397632844;S
20241108;100003;1494;1;11397633164;S
20241108;100003;1494;34;11397633261;S
20241108;100003;1494;1;11397633262;S
20241108;100003;1494;5;11397633263;S
20241108;100003;1494;6;11397633264;S
20241108;100003;1494;4;11397633265;S
20241108;100003;1494;6;11397633266;S
20241108;100004;1493.2;4;11397634256;S
20241108;100004;1493;16;11397634257;S
20241108;100004;1494;3;11397634525;B
20241108;100004;1493;2;11397634690;S
20241108;100004;1493;108;11397634753;S
20241108;100004;1493;3;11397634754;S
20241108;100004;1493;10;11397634900;S
20241108;100006;1494;1;11397636870;B
20241108;100006;1494;27;11397637051;B
20241108;100006;1494;23;11397637052;B
20241108;100006;1494;1;11397637072;B
20241108;100006;1494;3;11397637252;B
20241108;100006;1494;4;11397637260;B
20241108;100006;1494;2;11397637266;B
20241108;100006;1494;1;11397637271;B
20241108;100006;1494;1;11397637383;B
20241108;100006;1494;1;11397637399;B
20241108;100006;1494;14;11397637655;B
20241108;100006;1494.8;19;11397637656;B
20241108;100006;1494.8;1;11397637782;B
20241108;100006;1494.8;1;11397637788;B
20241108;100006;1494.8;1;11397637792;B
20241108;100006;1494.8;1;11397637794;B
20241108;100006;1494.8;1;11397637797;B
20241108;100006;1494.8;2;11397637803;B
20241108;100006;1494.8;1;11397637805;B
20241108;100006;1494.8;1;11397638381;B
20241108;100006;1494.8;5;11397638385;B
20241108;100006;1494.8;5;11397638393;B
20241108;100006;1494.8;1;11397638397;B
20241108;100006;1494.6;1;11397638452;B
20241108;100006;1494.6;2;11397638517;B
20241108;100006;1494.6;1;11397638875;B
20241108;100006;1494.6;1;11397638884;B
20241108;100006;1494.6;1;11397638885;B
20241108;100006;1493;3;11397638886;S
20241108;100006;1494.6;1;11397638893;B
20241108;100006;1494.6;11;11397638899;B
20241108;100007;1494.6;1;11397639192;B
20241108;100007;1494.4;30;11397639259;B
20241108;100007;1494.6;7;11397639260;B
20241108;100007;1494.8;30;11397639261;B
20241108;100007;1495;140;11397639262;B
20241108;100007;1495;93;11397639263;B
20241108;100007;1494.8;5;11397639627;B
20241108;100007;1493;2;11397639971;S
20241108;100007;1491.8;8;11397639972;S
20241108;100008;1494;1;11397640911;B
20241108;100008;1494;3;11397641439;B
20241108;100008;1494;4;11397641652;B
20241108;100008;1494.4;1;11397641654;B
20241108;100016;1493;6;11397645067;S
20241108;100016;1491.2;1;11397645068;S
20241108;100016;1491.2;43;11397645069;S
20241108;100016;1491;30;11397645070;S
20241108;100016;1491;50;11397645071;S
20241108;100016;1491;10;11397645072;S
20241108;100016;1490.8;51;11397645073;S
20241108;100017;1490;1;11397645652;S
20241108;100017;1490;18;11397645653;S
20241108;100017;1490;10;11397645654;S
20241108;100017;1490;45;11397645655;S
20241108;100017;1490;4;11397645656;S
20241108;100017;1490;10;11397645657;S
20241108;100017;1489.4;21;11397645658;S
20241108;100018;1489.2;30;11397645984;S
20241108;100018;1489;50;11397645985;S
20241108;100018;1488.6;30;11397645986;S
20241108;100018;1488.4;19;11397645987;S
20241108;100018;1488.2;30;11397645988;S
20241108;100018;1488;2;11397645989;S
20241108;100018;1488;33;11397645990;S
20241108;100018;1487.4;30;11397645991;S
20241108;100018;1487.2;52;11397645992;S
20241108;100020;1487.4;30;11397646698;S
20241108;100020;1487.2;68;11397646699;S
20241108;100020;1487;30;11397646700;S
20241108;100020;1486.8;50;11397646701;S
20241108;100020;1486.8;30;11397646702;S
20241108;100020;1486.8;200;11397646703;S
20241108;100020;1486.6;1;11397646704;S
20241108;100020;1486.6;150;11397646705;S
20241108;100020;1486.6;1;11397646706;S
20241108;100020;1485.2;30;11397646707;S
20241108;100020;1485;500;11397646708;S
20241108;100020;1485;1;11397646709;S
20241108;100020;1485;1;11397646710;S
20241108;100020;1485;3;11397646711;S
20241108;100020;1485;25;11397646712;S
20241108;100020;1485;1;11397646713;S
20241108;100020;1485;5;11397646714;S
20241108;100020;1485;50;11397646715;S
20241108;100020;1484;1;11397646716;S
20241108;100020;1484;1;11397646717;S
20241108;100020;1483.8;1;11397646718;S
20241108;100020;1483.8;1;11397646719;S
20241108;100020;1483.6;30;11397646720;S
20241108;100020;1483.4;10;11397646721;S
20241108;100020;1483.4;30;11397646722;S
20241108;100020;1483.4;123;11397646723;S
20241108;100020;1483.2;30;11397646724;S
20241108;100020;1483.2;10;11397646725;S
20241108;100020;1483.2;100;11397646726;S
20241108;100020;1483;1;11397646727;S
20241108;100020;1483;62;11397646728;S
20241108;100020;1483;1;11397646729;S
20241108;100020;1483;20;11397646730;S
20241108;100020;1482.8;1;11397646731;S
20241108;100020;1482.8;2;11397646732;S
20241108;100020;1482.8;1;11397646733;S
20241108;100020;1482.8;1;11397646734;S
20241108;100020;1482.8;1;11397646735;S
20241108;100020;1482.8;12;11397646736;S
20241108;100020;1482.8;1;11397646737;S
20241108;100020;1482.8;1;11397646738;S
20241108;100020;1482.8;1;11397646739;S
20241108;100020;1482.8;10;11397646740;S
20241108;100020;1482.8;1;11397646741;S
20241108;100020;1482.8;10;11397646742;S
20241108;100020;1482.8;4;11397646743;S
20241108;100020;1482.8;1;11397646744;S
20241108;100020;1482.8;1;11397646745;S
20241108;100020;1482.8;2;11397646746;S
20241108;100020;1482.8;1;11397646747;S
20241108;100020;1482.8;2;11397646748;S
20241108;100020;1482.8;1;11397646749;S
20241108;100020;1482.8;2;11397646750;S
20241108;100020;1482.8;1;11397646751;S
20241108;100020;1482.8;1;11397646752;S
20241108;100020;1482.8;1;11397646753;S
20241108;100020;1482.8;162;11397646754;S
20241108;100020;1482.8;1;11397646755;S
20241108;100020;1482.8;1;11397646756;S
20241108;100020;1482.8;1;11397646757;S
20241108;100020;1482.8;6;11397646758;S
20241108;100020;1482.8;1;11397646759;S
20241108;100020;1482.8;2;11397646760;S
20241108;100020;1482.4;2;11397646761;S
20241108;100020;1482.2;50;11397646762;S
20241108;100020;1482;15;11397646763;S
20241108;100020;1482;1;11397646764;S
20241108;100020;1481.6;75;11397646765;S
20241108;100020;1481.2;25;11397646766;S
20241108;100020;1481;1;11397646767;S
20241108;100020;1480.2;100;11397646768;S
20241108;100020;1480.2;2;11397646769;S
20241108;100020;1480;1;11397646770;S
20241108;100020;1480;4;11397646771;S
20241108;100020;1480;1;11397646772;S
20241108;100020;1480;20;11397646773;S
20241108;100020;1480;2;11397646774;S
20241108;100020;1480;50;11397646775;S
20241108;100020;1480;1;11397646776;S
20241108;100020;1480;1;11397646777;S
20241108;100020;1480;1;11397646778;S
20241108;100020;1480;50;11397646779;S
20241108;100020;1480;100;11397646780;S
20241108;100020;1480;1;11397646781;S
20241108;100020;1480;500;11397646782;S
20241108;100020;1480;6;11397646783;S
20241108;100020;1480;76;11397646784;S
20241108;100020;1479;10;11397646785;S
20241108;100020;1478.2;1;11397646786;S
20241108;100020;1478.2;3;11397646787;S
20241108;100020;1478.2;1;11397646788;S
20241108;100020;1478.2;50;11397646789;S
20241108;100020;1478;20;11397646790;S
20241108;100020;1478;3;11397646791;S
20241108;100020;1478;350;11397646792;S
20241108;100020;1478;1;11397646793;S
20241108;100020;1478;2;11397646794;S
20241108;100020;1478;1;11397646795;S
20241108;100020;1477.2;68;11397646796;S
20241108;100020;1477;11;11397646797;S
20241108;100020;1477;31;11397646798;S
20241108;100020;1477;5;11397646799;S
20241108;100020;1477;1;11397646800;S
20241108;100020;1476;1;11397646801;S
20241108;100020;1476;2;11397646802;S
20241108;100020;1476;2;11397646803;S
20241108;100020;1475.8;2;11397646804;S
20241108;100020;1475.2;1;11397646805;S
20241108;100020;1475.2;19;11397646806;S
20241108;100020;1476.4;3;11397646828;S
20241108;100021;1484.2;1;11397647408;B
20241108;100021;1480.2;30;11397647549;S
20241108;100021;1480;30;11397647550;S
20241108;100021;1477.2;30;11397647551;S
20241108;100021;1477.2;1;11397647552;S
20241108;100021;1477;9;11397647553;S
20241108;100021;1483.8;2;11397647607;B
20241108;100021;1480.2;30;11397647790;S
20241108;100021;1480;3;11397647791;S
20241108;100023;1480.6;30;11397648700;S
20241108;100023;1480.4;1;11397648701;S
20241108;100023;1480.2;19;11397648702;S
20241108;100024;1481.8;4;11397649132;B
20241108;100024;1481.8;6;11397649133;B
20241108;100024;1481.8;5;11397649134;B
20241108;100024;1482;120;11397649135;B
20241108;100025;1482;5;11397649379;B
20241108;100025;1484.4;50;11397649380;B
20241108;100025;1485.8;25;11397649381;B
20241108;100029;1485;30;11397652664;B
20241108;100029;1485.2;10;11397652665;B
20241108;100029;1486.2;20;11397652666;B
20241108;100032;1485;5;11397654021;B
20241108;100032;1487.4;30;11397654027;B
20241108;100032;1487.6;40;11397654028;B
20241108;100032;1487.6;30;11397654029;B
20241108;100032;1487.8;30;11397654030;B
20241108;100032;1488;75;11397654031;B
20241108;100032;1491;40;11397654032;B
20241108;100033;1491.2;30;11397654421;B
20241108;100038;1489.6;1;11397656516;B
20241108;100040;1489.4;9;11397657564;B
20241108;100040;1489.6;2;11397657565;B
20241108;100045;1488.4;9;11397659577;B
20241108;100046;1487.6;30;11397660003;B
20241108;100046;1487.6;10;11397660004;S
20241108;100048;1487.8;1;11397660672;B
20241108;100048;1489.6;1;11397660673;S
20241108;100052;1489.4;10;11397662171;S
20241108;100052;1488.4;1;11397662172;S
20241108;100052;1488;1;11397662173;S
20241108;100052;1487.8;51;11397662174;S
20241108;100052;1487.8;68;11397662175;S
20241108;100052;1487.6;50;11397662176;S
20241108;100052;1487.2;2;11397662177;S
20241108;100052;1487.2;17;11397662178;S
20241108;100054;1487.2;41;11397663029;S
20241108;100058;1487.8;15;11397664259;B
20241108;100101;1487.8;15;11397665734;B
20241108;100101;1488;2;11397665735;B
20241108;100101;1488.8;23;11397665736;B
20241108;100102;1489.4;20;11397665924;B
20241108;100106;1489;2;11397667582;B
20241108;100107;1487.8;2;11397667887;S
20241108;100107;1487.6;2;11397667888;S
20241108;100107;1487.2;29;11397667889;S
20241108;100111;1488.6;1;11397669263;B
20241108;100111;1488.6;39;11397669493;B
20241108;100111;1488.8;10;11397669494;B
20241108;100111;1489;15;11397669495;B
20241108;100113;1489.2;1;11397670116;B
20241108;100113;1487.4;15;11397670133;S
20241108;100113;1487.4;5;11397670134;S
20241108;100115;1489;5;11397670687;B
20241108;100116;1489;12;11397671110;B
20241108;100117;1487.6;1;11397671411;S
20241108;100117;1487.4;10;11397671412;S
20241108;100117;1487.2;44;11397671413;S
20241108;100117;1487.2;1;11397671414;S
20241108;100117;1487.2;10;11397671415;S
20241108;100117;1487;52;11397671416;S
20241108;100117;1486.2;4;11397671417;S
20241108;100117;1486.2;12;11397671418;S
20241108;100117;1486;1;11397671419;S
20241108;100117;1486;30;11397671420;S
20241108;100117;1485.8;68;11397671421;S
20241108;100117;1485.8;30;11397671422;S
20241108;100117;1485.6;30;11397671423;S
20241108;100117;1485.6;25;11397671424;S
20241108;100117;1485.4;30;11397671425;S
20241108;100117;1485.4;102;11397671426;S
20241108;100118;1487.6;10;11397671878;B
20241108;100118;1487.6;4;11397671879;B
20241108;100118;1487.6;1;11397671880;B
20241108;100118;1487.8;50;11397671881;B
20241108;100118;1488.8;35;11397671882;B
20241108;100118;1488.6;2;11397671899;B
20241108;100121;1488.8;2;11397672689;B
20241108;100125;1485.8;1;11397673808;S
20241108;100131;1487.2;10;11397675792;S
20241108;100131;1485.8;9;11397675793;S
20241108;100131;1485.6;23;11397675794;S
20241108;100131;1488;1;11397675870;B
20241108;100135;1485.6;14;11397677447;S
20241108;100135;1485.6;3;11397677448;S
20241108;100135;1485.4;98;11397677449;S
20241108;100135;1485.4;4;11397677450;S
20241108;100135;1485.2;8;11397677451;S
20241108;100137;1487.2;1;11397677909;B
20241108;100137;1485.2;4;11397678084;S
20241108;100139;1485.2;1;11397678774;S
20241108;100139;1487;1;11397678809;B
20241108;100140;1487;1;11397678894;B
20241108;100141;1487;2;11397679261;B
20241108;100144;1486.8;5;11397680295;B
20241108;100145;1486.6;11;11397680390;B
20241108;100145;1485.2;12;11397680410;S
20241108;100145;1485.2;9;11397680411;S
20241108;100145;1485;1;11397680412;S
20241108;100145;1485;68;11397680413;S
20241108;100146;1485.2;10;11397680951;S
20241108;100146;1485;290;11397680952;S
20241108;100147;1486.4;3;11397681243;B
20241108;100147;1486.4;30;11397681244;B
20241108;100147;1486.6;51;11397681245;B
20241108;100147;1486.6;16;11397681246;B
20241108;100147;1486.6;6;11397681257;B
20241108;100150;1485.2;50;11397682236;S
20241108;100151;1486.2;5;11397682360;B
20241108;100151;1486.6;1;11397682361;B
20241108;100151;1486.6;4;11397682362;B
20241108;100152;1486.6;1;11397682879;B
20241108;100154;1486.4;30;11397683280;B
20241108;100154;1486.6;3;11397683281;B
20241108;100154;1486.4;1;11397683309;B
20241108;100157;1486.6;1;11397684399;B
20241108;100201;1485.6;30;11397685787;B
20241108;100201;1485.8;68;11397685788;B
20241108;100201;1486;30;11397685789;B
20241108;100211;1487;20;11397689376;B
20241108;100214;1487.8;45;11397690303;B
20241108;100214;1488;30;11397690304;B
20241108;100214;1488.2;51;11397690305;B
20241108;100214;1488.2;30;11397690306;B
20241108;100214;1488.4;30;11397690307;B
20241108;100214;1488.4;411;11397690308;B
20241108;100214;1488.6;30;11397690309;B
20241108;100214;1488.6;40;11397690310;B
20241108;100214;1488.6;30;11397690312;S
20241108;100214;1488.6;1;11397690395;S
20241108;100217;1488.6;200;11397691331;S
20241108;100218;1488.8;4;11397691759;B
20241108;100222;1488.8;1;11397692953;B
20241108;100222;1488.8;7;11397692965;B
20241108;100226;1488.8;1;11397694061;B
20241108;100230;1488.6;1;11397695335;S
20241108;100232;1488.6;101;11397695825;S
20241108;100234;1488.6;3;11397696494;B
20241108;100236;1487.2;2;11397696910;S
20241108;100241;1488.4;2;11397698706;B
20241108;100241;1488.6;57;11397698707;B
20241108;100241;1488.6;41;11397698708;B
20241108;100241;1487.2;4;11397698710;S
20241108;100243;1487.4;25;11397699344;S
20241108;100243;1487.8;2;11397699473;B
20241108;100248;1488.6;7;11397700701;B
20241108;100250;1488.4;1;11397701317;B
20241108;100253;1487.8;40;11397702119;S
20241108;100253;1487.4;49;11397702120;S
20241108;100255;1487.4;33;11397702470;S
20241108;100255;1487.4;17;11397702471;S
20241108;100257;1488.4;2;11397702820;B
20241108;100258;1487.4;50;11397703140;S
20241108;100303;1488.6;51;11397704307;B
20241108;100303;1488.8;149;11397704308;B
20241108;100303;1488;10;11397704554;S
20241108;100308;1488;51;11397705625;S
20241108;100308;1488;15;11397705626;S
20241108;100308;1487.4;1;11397705627;S
20241108;100308;1487.4;33;11397705628;S
20241108;100310;1488;1;11397706245;B
20241108;100314;1488;4;11397707618;S
20241108;100326;1488.4;3;11397711041;B
20241108;100329;1488;5;11397711940;S
20241108;100329;1488;20;11397711941;S
20241108;100332;1488.4;1;11397712705;B
20241108;100332;1488.4;31;11397712776;B
20241108;100332;1488.4;50;11397712777;B
20241108;100332;1488.6;68;11397712778;B
20241108;100332;1488.6;33;11397712779;B
20241108;100332;1488.8;19;11397712780;B
20241108;100333;1488.6;1;11397713004;B
20241108;100337;1488;10;11397714594;S
20241108;100338;1488;26;11397714864;S
20241108;100338;1488;2;11397714865;S
20241108;100338;1488;12;11397714866;S
20241108;100340;1488.4;3;11397715574;B
20241108;100342;1488.4;1;11397716109;B
20241108;100343;1488.4;1;11397716238;B
20241108;100349;1488;238;11397718899;S
20241108;100349;1488;10;11397718900;S
20241108;100349;1488;50;11397718901;S
20241108;100352;1487.6;1;11397720339;B
20241108;100355;1487.4;10;11397721570;S
20241108;100355;1487.4;1;11397721571;S
20241108;100400;1487.6;1;11397723507;B
20241108;100404;1487.4;4;11397724929;S
20241108;100405;1487.6;5;11397725311;B
20241108;100407;1487.4;25;11397725746;S
20241108;100407;1487.4;1;11397725747;S
20241108;100407;1487.2;2;11397725748;S
20241108;100407;1487;2;11397725749;S
20241108;100409;1487;2;11397726689;S
20241108;100409;1487;4;11397726690;S
20241108;100412;1487;48;11397728020;S
20241108;100415;1487;2;11397729379;S
20241108;100417;1487;2;11397730285;S
20241108;100418;1487;104;11397730800;S
20241108;100418;1487;1;11397730801;S
20241108;100418;1487;10;11397730802;S
20241108;100426;1487;1;11397733591;B
20241108;100428;1486.8;1;11397734104;S
20241108;100428;1486.8;611;11397734105;S
20241108;100428;1486.8;25;11397734106;S
20241108;100429;1486.2;6;11397734353;S
20241108;100429;1485.8;4;11397734354;S
20241108;100431;1485.8;15;11397734729;B
20241108;100436;1486;285;11397736886;S
20241108;100436;1485.6;27;11397736887;S
20241108;100436;1485.4;40;11397736888;S
20241108;100436;1485.2;145;11397736889;S
20241108;100436;1485;27;11397736890;S
20241108;100436;1484;49;11397736891;S
20241108;100436;1483.8;1;11397736892;S
20241108;100436;1483.8;2;11397736893;S
20241108;100436;1483.8;30;11397736894;S
20241108;100436;1483.6;1;11397736895;S
20241108;100436;1483.6;4;11397736896;S
20241108;100437;1485.4;3;11397737108;B
20241108;100440;1485.8;4;11397738081;B
20241108;100442;1485;90;11397738740;S
20241108;100442;1483.6;10;11397738741;S
20241108;100445;1485.6;1;11397739485;B
20241108;100446;1483.6;11;11397739843;S
20241108;100446;1483.2;2;11397739844;S
20241108;100446;1483;7;11397739845;S
20241108;100446;1482.8;1;11397739846;S
20241108;100446;1482.8;4;11397739847;S
20241108;100446;1482.6;5;11397739848;S
20241108;100447;1485;1;11397740071;B
20241108;100449;1482.4;1;11397740538;S
20241108;100449;1482.2;9;11397740539;S
20241108;100451;1481.8;38;11397741128;S
20241108;100451;1481.8;4;11397741129;S
20241108;100451;1481.6;24;11397741130;S
20241108;100451;1481.6;1;11397741212;S
20241108;100454;1483.6;1;11397742110;B
20241108;100456;1484.6;1;11397742407;B
20241108;100457;1481.6;1;11397742704;S
20241108;100459;1484.8;1;11397743378;B
20241108;100459;1481.6;4;11397743414;S
20241108;100459;1481.6;2;11397743415;S
20241108;100459;1481.4;34;11397743416;S
20241108;100500;1484;1;11397743682;B
20241108;100500;1484.6;5;11397743687;B
20241108;100502;1484.6;1;11397744313;B
20241108;100503;1481.8;1;11397744641;S
20241108;100504;1481.6;7;11397745018;S
20241108;100505;1483;10;11397745282;B
20241108;100505;1483;40;11397745283;B
20241108;100506;1483.2;18;11397745610;B
20241108;100506;1483.4;11;11397745611;B
20241108;100506;1483.6;97;11397745612;B
20241108;100506;1484.2;40;11397745613;B
20241108;100506;1484.6;34;11397745614;B
20241108;100507;1482.8;40;11397745832;S
20241108;100507;1482.8;51;11397745833;S
20241108;100507;1482.6;9;11397745834;S
20241108;100508;1481.8;1;11397746069;S
20241108;100508;1483.8;1;11397746312;B
20241108;100508;1484.8;19;11397746313;B
20241108;100508;1481.8;1;11397746523;S
20241108;100509;1484.6;33;11397746556;B
20241108;100509;1484.8;51;11397746557;B
20241108;100509;1484.8;4;11397746558;B
20241108;100509;1484.8;12;11397746559;B
20241108;100509;1482.6;1;11397746831;S
20241108;100516;1484.4;50;11397749891;B
20241108;100516;1485;40;11397749892;B
20241108;100516;1486;1;11397749893;B
20241108;100516;1486.2;9;11397749894;B
20241108;100518;1486.2;2;11397750715;B
20241108;100518;1483.6;12;11397750730;S
20241108;100519;1486;12;11397750979;B
20241108;100519;1486.2;19;11397750980;B
20241108;100519;1486.4;69;11397750981;B
20241108;100522;1484;1;11397752078;S
20241108;100523;1484;4;11397752286;S
20241108;100531;1484;10;11397754926;S
20241108;100532;1484.8;1;11397755152;B
20241108;100532;1484.2;25;11397755214;S
20241108;100532;1483.8;75;11397755215;S
20241108;100534;1484.8;2;11397755664;B
20241108;100537;1484.8;1;11397756404;B
20241108;100540;1484.8;1;11397757160;B
20241108;100540;1486.2;1;11397757161;B
20241108;100540;1486.4;31;11397757162;B
20241108;100540;1486.8;17;11397757163;B
20241108;100540;1487.6;4;11397757218;B
20241108;100542;1485;51;11397757792;S
20241108;100542;1484.8;11;11397757793;S
20241108;100556;1485.2;1;11397761225;S
20241108;100603;1485;1;11397763283;B
20241108;100606;1485.2;6;11397763937;B
20241108;100610;1485.2;20;11397764942;B
20241108;100611;1485.2;2;11397765135;B
20241108;100611;1485.2;1;11397765309;B
20241108;100612;1485;39;11397765540;S
20241108;100612;1485;5;11397765541;S
20241108;100617;1485;56;11397766815;B
20241108;100617;1485.2;20;11397766816;B
20241108;100617;1485.2;1;11397766817;B
20241108;100617;1487;1;11397766818;B
20241108;100617;1487.2;19;11397766819;B
20241108;100624;1487.4;1;11397768554;B
20241108;100624;1487.6;1;11397768555;B
20241108;100627;1487.6;40;11397769302;B
20241108;100628;1487.2;33;11397769525;B
20241108;100628;1487.6;10;11397769526;B
20241108;100628;1487.8;30;11397769527;B
20241108;100628;1488;138;11397769528;B
20241108;100631;1488;1;11397770038;B
20241108;100631;1488;1;11397770199;B
20241108;100631;1487.8;1;11397770301;B
20241108;100631;1487.8;15;11397770302;B
20241108;100631;1488.4;1;11397770303;B
20241108;100631;1488.4;15;11397770304;B
20241108;100631;1488.6;30;11397770305;B
20241108;100631;1488.6;51;11397770306;B
20241108;100631;1488.8;319;11397770307;B
20241108;100631;1488.8;8;11397770308;B
20241108;100631;1488.8;73;11397770309;B
20241108;100631;1488.8;30;11397770310;B
20241108;100631;1489;300;11397770311;B
20241108;100631;1489;8;11397770312;B
20241108;100631;1489;150;11397770313;B
20241108;100631;1489;100;11397770319;B
20241108;100632;1489;1;11397770398;B
20241108;100632;1489;99;11397770477;B
20241108;100632;1489;651;11397770478;B
20241108;100632;1489;34;11397770479;B
20241108;100632;1489.4;20;11397770550;B
20241108;100632;1489.8;1;11397770551;B
20241108;100632;1490;50;11397770552;B
20241108;100632;1490;679;11397770553;B
20241108;100632;1490;1;11397770564;B
20241108;100633;1490;2;11397770676;B
20241108;100633;1490;100;11397770766;B
20241108;100633;1490;54;11397770767;B
20241108;100633;1490;64;11397770774;B
20241108;100633;1490;36;11397770775;B
20241108;100633;1490;100;11397770816;B
20241108;100634;1490;15;11397770909;B
20241108;100634;1490;11;11397770989;B
20241108;100634;1490.4;4;11397770990;S
20241108;100634;1490.6;10;11397771001;B
20241108;100634;1490.8;2;11397771002;B
20241108;100634;1491;1;11397771003;B
20241108;100634;1491;2;11397771004;B
20241108;100634;1491.2;1;11397771078;B
20241108;100636;1492;2;11397771365;B
20241108;100636;1492.2;13;11397771366;B
20241108;100636;1492.2;33;11397771440;B
20241108;100636;1492.2;4;11397771612;B
20241108;100636;1492.2;14;11397771613;B
20241108;100636;1492.6;70;11397771614;B
20241108;100636;1492.8;5;11397771615;B
20241108;100636;1493;7;11397771616;B
20241108;100638;1492.8;1;11397771945;B
20241108;100638;1493;9;11397771946;B
20241108;100638;1493;2;11397772001;B
20241108;100638;1493;1;11397772005;B
20241108;100642;1491.8;1;11397772667;S
20241108;100643;1493;10;11397772960;B
20241108;100643;1493;2;11397773026;B
20241108;100645;1493;141;11397773467;B
20241108;100645;1493.4;1;11397773468;B
20241108;100645;1493.4;200;11397773469;B
20241108;100645;1494.2;8;11397773470;B
20241108;100646;1491.8;2;11397773521;S
20241108;100646;1491.8;2;11397773522;S
20241108;100646;1494.4;50;11397773593;B
20241108;100649;1493.2;30;11397774156;S
20241108;100649;1492.2;8;11397774157;S
20241108;100649;1492.2;2;11397774158;S
20241108;100649;1494.4;2;11397774306;B
20241108;100649;1494.6;100;11397774307;B
20241108;100649;1494.8;219;11397774308;B
20241108;100649;1495;19;11397774309;B
20241108;100650;1495;15;11397774379;B
20241108;100650;1495;60;11397774403;B
20241108;100650;1494;10;11397774420;S
20241108;100650;1494;10;11397774422;S
20241108;100650;1494;10;11397774460;B
20241108;100650;1495;13;11397774461;B
20241108;100650;1495;27;11397774462;B
20241108;100650;1495;206;11397774463;B
20241108;100650;1495;44;11397774464;B
20241108;100650;1495;16;11397774468;B
20241108;100650;1495;1;11397774469;B
20241108;100650;1495;1;11397774470;B
20241108;100650;1495;50;11397774471;B
20241108;100650;1495;1;11397774472;B
20241108;100650;1495.4;31;11397774473;B
20241108;100650;1495.4;10;11397774476;B
20241108;100650;1495.4;1;11397774478;B
20241108;100650;1495.6;1;11397774479;B
20241108;100650;1495.6;98;11397774480;B
20241108;100650;1495.2;10;11397774488;S
20241108;100650;1495.2;10;11397774489;S
20241108;100650;1495.2;10;11397774490;S
20241108;100650;1495.2;10;11397774491;S
20241108;100650;1495.6;38;11397774508;B
20241108;100650;1495.6;10;11397774509;B
20241108;100650;1496;1;11397774510;B
20241108;100650;1496;1;11397774511;B
20241108;100650;1496;1;11397774532;B
20241108;100650;1496;1;11397774533;B
20241108;100650;1496.8;3;11397774534;B
20241108;100650;1497;10;11397774535;B
20241108;100650;1497;31;11397774536;B
20241108;100650;1497;1;11397774537;B
20241108;100650;1497.8;3;11397774538;B
20241108;100651;1497.8;6;11397774564;B
20241108;100651;1497.8;68;11397774565;B
20241108;100651;1498;5;11397774566;B
20241108;100651;1498;1;11397774567;B
20241108;100651;1498;1;11397774568;B
20241108;100651;1498;1;11397774569;B
20241108;100651;1498;218;11397774570;B
20241108;100651;1498;1;11397774571;B
20241108;100651;1498;200;11397774602;B
20241108;100651;1497.8;30;11397774613;S
20241108;100651;1498;50;11397774622;B
20241108;100651;1498.2;10;11397774623;B
20241108;100651;1498.2;11;11397774626;B
20241108;100651;1498.2;39;11397774627;B
20241108;100651;1498.2;30;11397774666;B
20241108;100651;1498.2;10;11397774675;B
20241108;100651;1498.2;1;11397774687;B
20241108;100651;1498.2;30;11397774696;B
20241108;100651;1498.2;240;11397774700;B
20241108;100651;1498.8;20;11397774701;B
20241108;100651;1498.8;120;11397774702;B
20241108;100651;1499;20;11397774703;B
20241108;100651;1499;10;11397774728;B
20241108;100651;1499;2;11397774732;B
20241108;100651;1499;28;11397774735;B
20241108;100651;1499;2;11397774736;B
20241108;100651;1499;1;11397774737;B
20241108;100651;1499;4;11397774741;B
20241108;100651;1499;126;11397774742;B
20241108;100651;1499;30;11397774757;B
20241108;100651;1499;44;11397774762;B
20241108;100651;1499;1;11397774763;B
20241108;100651;1499.2;5;11397774764;B
20241108;100651;1499.2;2;11397774765;B
20241108;100651;1499.2;48;11397774766;B
20241108;100651;1497;5;11397774771;S
20241108;100651;1498;5;11397774782;B
20241108;100651;1499;15;11397774783;B
20241108;100651;1499.2;30;11397774784;B
20241108;100651;1499;5;11397774789;B
20241108;100651;1499.2;22;11397774790;B
20241108;100651;1499.2;10;11397774791;B
20241108;100651;1499.2;10;11397774792;B
20241108;100651;1499.2;10;11397774799;B
20241108;100651;1499;30;11397774801;S
20241108;100651;1498.2;3;11397774807;S
20241108;100651;1497.2;2;11397774808;S
20241108;100651;1499.2;220;11397774813;B
20241108;100651;1499.4;20;11397774814;B
20241108;100651;1499.4;30;11397774815;B
20241108;100651;1499.6;5;11397774816;B
20241108;100651;1499.6;25;11397774817;B
20241108;100651;1499.6;1;11397774819;B
20241108;100651;1497.2;2;11397774843;S
20241108;100651;1497;11;11397774844;S
20241108;100651;1499.6;30;11397774845;B
20241108;100651;1499;3;11397774850;S
20241108;100652;1498;22;11397774852;B
20241108;100652;1499.6;4;11397774853;B
20241108;100652;1499.6;11;11397774854;B
20241108;100652;1499.8;13;11397774855;B
20241108;100652;1499.8;30;11397774862;B
20241108;100652;1499.8;16;11397774865;B
20241108;100652;1499.8;5;11397774866;B
20241108;100652;1499.8;20;11397774867;B
20241108;100652;1499.8;2;11397774868;B
20241108;100652;1499.8;17;11397774869;B
20241108;100652;1499.8;250;11397774871;B
20241108;100652;1499.8;2;11397774875;B
20241108;100652;1499;3;11397774880;S
20241108;100652;1497.2;2;11397774881;S
20241108;100652;1499.6;2;11397774896;B
20241108;100652;1499.8;8;11397774897;B
20241108;100652;1499.8;10;11397774898;B
20241108;100652;1499.8;4;11397774901;B
20241108;100652;1499.8;100;11397774926;B
20241108;100652;1499.8;500;11397774939;B
20241108;100652;1499.8;10;11397774968;B
20241108;100652;1499.8;139;11397774970;B
20241108;100652;1499;1;11397774991;B
20241108;100652;1499;2;11397775006;B
20241108;100652;1499.8;48;11397775007;B
20241108;100652;1499.8;48;11397775012;B
20241108;100652;1499.8;2;11397775013;B
20241108;100652;1499.8;10;11397775021;B
20241108;100652;1498.8;3;11397775036;S
20241108;100652;1497.4;1;11397775037;S
20241108;100652;1499.6;1;11397775043;B
20241108;100652;1499.6;52;11397775044;B
20241108;100652;1499.8;18;11397775045;B
20241108;100652;1499.8;2;11397775046;B
20241108;100652;1500;1;11397775047;B
20241108;100652;1500;120;11397775048;B
20241108;100652;1500;30;11397775049;B
20241108;100652;1500;1;11397775050;B
20241108;100652;1500;5;11397775051;B
20241108;100652;1500;1;11397775052;B
20241108;100652;1500;1;11397775053;B
20241108;100652;1500;98;11397775054;B
20241108;100652;1500;69;11397775056;B
20241108;100652;1500;30;11397775057;B
20241108;100652;1500;1;11397775058;B
20241108;100652;1500;29;11397775059;B
20241108;100652;1500;20;11397775060;B
20241108;100652;1500;10;11397775061;B
20241108;100652;1500;5;11397775062;B
20241108;100652;1500;5;11397775063;B
20241108;100652;1500;1;11397775064;B
20241108;100652;1500;7;11397775065;B
20241108;100652;1500;23;11397775066;B
20241108;100652;1500;50;11397775067;B
20241108;100653;1498.2;10;11397775076;S
20241108;100653;1500;50;11397775091;B
20241108;100653;1499.8;20;11397775111;B
20241108;100653;1500;30;11397775112;B
20241108;100653;1500;50;11397775120;B
20241108;100653;1499.8;10;11397775161;B
20241108;100653;1499.8;25;11397775175;B
20241108;100653;1499.8;50;11397775182;B
20241108;100653;1499.8;115;11397775201;B
20241108;100653;1499.8;1;11397775202;B
20241108;100653;1500;9;11397775203;B
20241108;100653;1500;8;11397775204;B
20241108;100653;1500;9;11397775205;B
20241108;100653;1500;1;11397775206;B
20241108;100653;1500;1;11397775207;B
20241108;100653;1500;14;11397775208;B
20241108;100653;1500;26;11397775212;B
20241108;100653;1500;89;11397775213;B
20241108;100653;1498.2;6;11397775219;S
20241108;100653;1500;3;11397775222;B
20241108;100653;1500;10;11397775231;B
20241108;100653;1498.2;2;11397775232;S
20241108;100653;1499.8;2;11397775242;B
20241108;100653;1500;23;11397775243;B
20241108;100653;1500;133;11397775245;B
20241108;100653;1500;35;11397775253;B
20241108;100654;1499.6;15;11397775350;B
20241108;100654;1499.2;50;11397775397;B
20241108;100655;1499;10;11397775482;B
20241108;100655;1498.8;1;11397775497;S
20241108;100655;1497.6;3;11397775565;S
20241108;100655;1497.6;3;11397775566;S
20241108;100655;1497.6;34;11397775567;S
20241108;100655;1498.8;34;11397775572;B
20241108;100655;1499;16;11397775573;B
20241108;100655;1497.2;50;11397775581;S
20241108;100655;1498.8;1;11397775586;B
20241108;100655;1497.2;2;11397775603;S
20241108;100656;1498.4;1;11397775629;B
20241108;100656;1498.4;1;11397775720;B
20241108;100656;1497.8;1;11397775813;B
20241108;100656;1497.8;2;11397775822;B
20241108;100657;1497.8;1;11397775942;B
20241108;100657;1498.2;1;11397775982;B
20241108;100658;1497.8;1;11397776240;B
20241108;100658;1498;200;11397776241;B
20241108;100658;1498;4;11397776242;B
20241108;100658;1498.2;19;11397776243;B
20241108;100658;1498.6;26;11397776244;B
20241108;100702;1498.4;2;11397777128;B
20241108;100703;1498.4;1;11397777184;B
20241108;100703;1497.6;1;11397777235;S
20241108;100704;1498.4;2;11397777338;B
20241108;100705;1498.4;16;11397777689;B
20241108;100705;1498.4;2;11397777702;B
20241108;100706;1498.4;2;11397778069;B
20241108;100706;1498.6;24;11397778070;B
20241108;100706;1498.8;174;11397778071;B
20241108;100707;1498.4;5;11397778227;S
20241108;100707;1498.2;2;11397778228;S
20241108;100707;1498.2;3;11397778229;S
20241108;100707;1498.8;34;11397778249;B
20241108;100708;1499;10;11397778333;B
20241108;100708;1499;3;11397778334;B
20241108;100708;1499;1;11397778379;B
20241108;100708;1498.8;200;11397778477;B
20241108;100708;1499.2;200;11397778478;B
20241108;100708;1499.6;100;11397778479;B
20241108;100709;1499.4;47;11397778608;B
20241108;100709;1499.6;23;11397778609;B
20241108;100709;1499.6;12;11397778616;B
20241108;100709;1499.6;48;11397778617;B
20241108;100709;1500;40;11397778618;B
20241108;100709;1500;274;11397778662;B
20241108;100709;1500;1;11397778663;B
20241108;100709;1500;1;11397778664;B
20241108;100709;1500;6;11397778665;B
20241108;100709;1500;6;11397778666;B
20241108;100709;1500;4;11397778667;B
20241108;100709;1500;1;11397778668;B
20241108;100709;1500;1;11397778669;B
20241108;100709;1500;5;11397778670;B
20241108;100709;1500;1;11397778671;B
20241108;100709;1500;50;11397778672;B
20241108;100709;1500;100;11397778673;B
20241108;100709;1500;36;11397778674;B
20241108;100709;1500;1;11397778675;B
20241108;100709;1500;13;11397778676;B
20241108;100709;1499.6;2;11397778690;S
20241108;100709;1499.6;28;11397778691;S
20241108;100709;1499.6;5;11397778692;S
20241108;100709;1499.6;2;11397778693;S
20241108;100709;1500;1;11397778694;B
20241108;100709;1500;7;11397778702;B
20241108;100709;1500.2;5;11397778703;B
20241108;100709;1500.2;2;11397778704;B
20241108;100709;1500.8;4;11397778706;B
20241108;100709;1501;1;11397778707;B
20241108;100709;1501;1;11397778708;B
20241108;100709;1501;94;11397778709;B
20241108;100709;1501;6;11397778710;B
20241108;100709;1501;5;11397778711;B
20241108;100709;1501;89;11397778712;B
20241108;100709;1501;5;11397778713;B
20241108;100709;1501.2;1;11397778714;B
20241108;100709;1501.2;5;11397778715;B
20241108;100709;1501.4;4;11397778716;B
20241108;100709;1501.8;35;11397778717;B
20241108;100709;1501.8;165;11397778718;B
20241108;100709;1502;1;11397778719;B
20241108;100709;1502;1;11397778720;B
20241108;100709;1502;15;11397778721;B
20241108;100709;1502;18;11397778722;B
20241108;100709;1502;100;11397778725;B
20241108;100709;1502;10;11397778726;B
20241108;100709;1502;38;11397778732;B
20241108;100709;1502;228;11397778733;B
20241108;100709;1502.4;4;11397778734;B
20241108;100709;1502.8;40;11397778735;B
20241108;100709;1503;1;11397778736;B
20241108;100709;1504.8;3;11397778742;B
20241108;100709;1504.8;22;11397778753;B
20241108;100709;1505;3;11397778754;B
20241108;100709;1505;25;11397778756;B
20241108;100709;1505;2;11397778777;B
20241108;100709;1505;3;11397778778;B
20241108;100710;1504.8;15;11397778781;S
20241108;100710;1505;7;11397778782;B
20241108;100710;1505;9;11397778783;B
20241108;100710;1504.8;15;11397778784;S
20241108;100710;1504.8;30;11397778785;B
20241108;100710;1504.6;2;11397778786;S
20241108;100710;1504.8;5;11397778787;B
20241108;100710;1504.8;6;11397778788;S
20241108;100710;1504.8;19;11397778804;S
20241108;100710;1504.6;28;11397778805;S
20241108;100710;1504.6;30;11397778806;S
20241108;100710;1504.4;205;11397778807;S
20241108;100710;1504.4;30;11397778808;S
20241108;100710;1504.4;30;11397778809;S
20241108;100710;1502.8;18;11397778810;S
20241108;100710;1502.8;1;11397778811;S
20241108;100710;1502.8;10;11397778812;S
20241108;100710;1505;6;11397778835;B
20241108;100710;1506;1;11397778836;B
20241108;100710;1506;10;11397778837;B
20241108;100710;1506.2;30;11397778838;B
20241108;100710;1506.6;21;11397778839;B
20241108;100710;1506.6;1;11397778851;B
20241108;100710;1504.8;20;11397778873;S
20241108;100710;1506.6;8;11397778888;B
20241108;100710;1507;92;11397778889;B
20241108;100710;1504.6;30;11397778943;S
20241108;100710;1504.2;5;11397778975;S
20241108;100710;1503.6;45;11397778976;S
20241108;100710;1504.8;200;11397778980;S
20241108;100710;1504.8;10;11397778981;S
20241108;100710;1503.4;30;11397778982;S
20241108;100710;1503.2;101;11397778983;S
20241108;100710;1503.2;30;11397778984;S
20241108;100710;1503.2;4;11397778985;S
20241108;100710;1503.2;10;11397778986;S
20241108;100710;1503.2;50;11397778987;S
20241108;100710;1503;120;11397778988;S
20241108;100710;1502.8;30;11397778989;S
20241108;100710;1502.8;1;11397778990;S
20241108;100710;1502.6;70;11397778991;S
20241108;100710;1502.4;1;11397778992;S
20241108;100710;1502.2;30;11397778993;S
20241108;100710;1502;101;11397778994;S
20241108;100710;1502.2;6;11397778995;S
20241108;100710;1502.2;30;11397778996;S
20241108;100710;1502;14;11397778997;S
20241108;100710;1505;1;11397778998;B
20241108;100710;1506;13;11397778999;B
20241108;100710;1505.4;1;11397779001;B
20241108;100711;1502.2;1;11397779087;S
20241108;100711;1502.2;29;11397779088;S
20241108;100711;1504.2;51;11397779122;B
20241108;100711;1504.2;30;11397779123;B
20241108;100711;1504.4;30;11397779124;B
20241108;100711;1504.6;1;11397779125;B
20241108;100711;1504.6;4;11397779126;B
20241108;100711;1504.6;17;11397779127;B
20241108;100711;1504.4;4;11397779144;B
20241108;100712;1503;3;11397779285;S
20241108;100713;1503.8;30;11397779392;B
20241108;100713;1503.8;30;11397779393;B
20241108;100713;1504;50;11397779394;B
20241108;100713;1504;10;11397779395;B
20241108;100713;1504.2;30;11397779466;B
20241108;100713;1504.2;8;11397779489;B
20241108;100713;1504.2;1;11397779517;B
20241108;100713;1503.6;4;11397779528;S
20241108;100713;1503.8;2;11397779570;B
20241108;100714;1503.8;5;11397779813;B
20241108;100714;1503.8;1;11397779814;B
20241108;100715;1503.8;9;11397779954;B
20241108;100715;1503.8;1;11397779955;B
20241108;100715;1504;90;11397779956;B
20241108;100715;1504;8;11397779984;B
20241108;100715;1504;30;11397780037;B
20241108;100715;1504;1;11397780041;B
20241108;100715;1504;71;11397780042;B
20241108;100715;1504.4;234;11397780043;B
20241108;100715;1504.4;16;11397780044;B
20241108;100715;1504.8;20;11397780045;B
20241108;100715;1505;20;11397780046;B
20241108;100715;1505;25;11397780055;B
20241108;100715;1505;5;11397780085;B
20241108;100715;1505;1;11397780086;B
20241108;100715;1505;1;11397780087;B
20241108;100715;1505;2;11397780088;B
20241108;100715;1505.6;10;11397780089;B
20241108;100715;1505.8;12;11397780090;B
20241108;100715;1506;12;11397780091;B
20241108;100715;1506;66;11397780092;B
20241108;100716;1506;4;11397780170;B
20241108;100716;1506.2;2;11397780171;B
20241108;100716;1506.2;98;11397780227;B
20241108;100716;1506.4;2;11397780228;B
20241108;100716;1506.4;8;11397780278;B
20241108;100716;1506.6;4;11397780298;B
20241108;100716;1506.6;13;11397780299;B
20241108;100716;1506.6;17;11397780301;B
20241108;100716;1507;100;11397780322;B
20241108;100716;1507;25;11397780323;B
20241108;100716;1506.8;10;11397780329;S
20241108;100716;1506.8;8;11397780330;S
20241108;100716;1507;2;11397780333;B
20241108;100716;1507;81;11397780346;B
20241108;100716;1507.6;25;11397780353;B
20241108;100716;1507.2;75;11397780356;S
20241108;100717;1507.6;15;11397780370;B
20241108;100717;1507.8;2;11397780371;B
20241108;100717;1507.8;8;11397780372;B
20241108;100717;1507.2;7;11397780443;S
20241108;100717;1507.8;5;11397780462;B
20241108;100717;1507.8;5;11397780499;B
20241108;100717;1507.2;1;11397780511;S
20241108;100717;1507.6;5;11397780585;S
20241108;100717;1507.2;36;11397780589;S
20241108;100717;1507;5;11397780590;S
20241108;100717;1506.8;5;11397780591;S
20241108;100717;1506.2;4;11397780592;S
20241108;100717;1507.6;20;11397780632;B
20241108;100717;1507.8;15;11397780634;B
20241108;100717;1507.8;67;11397780643;B
20241108;100717;1507.8;30;11397780644;B
20241108;100717;1508;10;11397780645;B
20241108;100717;1508;250;11397780646;B
20241108;100717;1508.4;30;11397780647;B
20241108;100718;1506.6;30;11397780664;S
20241108;100718;1506.6;21;11397780668;S
20241108;100718;1506.6;29;11397780669;S
20241108;100718;1506.6;1;11397780670;S
20241108;100718;1506.6;37;11397780671;S
20241108;100718;1506.6;6;11397780720;S
20241108;100718;1506.6;8;11397780739;S
20241108;100718;1506.6;22;11397780740;S
20241108;100718;1507.8;1;11397780748;B
20241108;100718;1507.8;3;11397780754;B
20241108;100718;1507.8;25;11397780783;B
20241108;100718;1507.8;5;11397780785;B
20241108;100718;1506.6;8;11397780788;S
20241108;100718;1506.4;3;11397780789;S
20241108;100718;1507.8;17;11397780825;B
20241108;100718;1508;53;11397780826;B
20241108;100719;1508;47;11397780879;B
20241108;100719;1508;10;11397780880;B
20241108;100719;1508;4;11397780881;B
20241108;100719;1508.4;5;11397780882;B
20241108;100719;1508.6;4;11397780883;B
20241108;100719;1508.8;12;11397780884;B
20241108;100719;1508.8;39;11397780927;B
20241108;100719;1509;110;11397780928;B
20241108;100719;1509.2;25;11397780929;B
20241108;100719;1509.6;28;11397780930;B
20241108;100719;1509.6;10;11397780931;B
20241108;100719;1509.8;3;11397780932;B
20241108;100719;1509.8;30;11397780933;B
20241108;100719;1509.8;50;11397780934;B
20241108;100719;1510;25;11397780935;B
20241108;100719;1510;1;11397780936;B
20241108;100719;1510;1;11397780937;B
20241108;100719;1510;30;11397780938;B
20241108;100719;1510;40;11397780939;B
20241108;100719;1510;10;11397780940;B
20241108;100719;1510;10;11397780941;B
20241108;100719;1510;50;11397780942;B
20241108;100719;1510;30;11397780943;B
20241108;100719;1510.2;1;11397780944;B
20241108;100719;1510.2;7;11397780945;B
20241108;100719;1507;2;11397780947;S
20241108;100719;1507.8;4;11397781012;S
20241108;100719;1510;2;11397781015;B
20241108;100719;1510.2;18;11397781016;B
20241108;100719;1507.8;5;11397781039;S
20241108;100719;1507.8;31;11397781040;S
20241108;100719;1508;2;11397781047;S
20241108;100719;1508;1;11397781048;S
20241108;100719;1508;2;11397781049;S
20241108;100719;1508.8;1;11397781058;B
20241108;100719;1508.8;1;11397781060;S
20241108;100719;1509;7;11397781088;B
20241108;100719;1509.8;6;11397781089;B
20241108;100719;1510;9;11397781090;B
20241108;100719;1510;2;11397781091;B
20241108;100719;1510;1;11397781092;B
20241108;100720;1508.8;1;11397781098;S
20241108;100720;1508.8;1;11397781124;S
20241108;100720;1508.8;2;11397781127;S
20241108;100720;1508.8;1;11397781137;S
20241108;100720;1508.8;1;11397781138;S
20241108;100720;1508.8;1;11397781154;S
20241108;100720;1508.8;139;11397781181;S
20241108;100720;1508.8;2;11397781206;S
20241108;100720;1508.8;2;11397781207;S
20241108;100720;1509;5;11397781210;B
20241108;100720;1509.2;5;11397781211;B
20241108;100720;1508.8;8;11397781225;S
20241108;100720;1508;3;11397781226;S
20241108;100721;1509;10;11397781266;B
20241108;100721;1508;2;11397781388;S
20241108;100721;1508;8;11397781389;S
20241108;100721;1508.2;8;11397781423;B
20241108;100721;1508.2;22;11397781468;B
20241108;100721;1508.4;100;11397781469;B
20241108;100721;1508.4;20;11397781470;B
20241108;100721;1508.4;20;11397781471;B
20241108;100721;1508.8;1;11397781472;B
20241108;100721;1509;21;11397781473;B
20241108;100721;1509.2;25;11397781474;B
20241108;100721;1509.2;1;11397781475;B
20241108;100721;1509.2;30;11397781476;B
20241108;100721;1509.2;10;11397781477;B
20241108;100721;1509.4;161;11397781478;B
20241108;100721;1509.4;30;11397781479;B
20241108;100721;1509.6;100;11397781480;B
20241108;100721;1509.6;30;11397781481;B
20241108;100721;1509.8;5;11397781482;B
20241108;100721;1509.8;30;11397781483;B
20241108;100721;1509.8;40;11397781484;B
20241108;100721;1510;2;11397781485;B
20241108;100721;1510;23;11397781486;B
20241108;100721;1510;5;11397781487;B
20241108;100721;1510;4;11397781488;B
20241108;100721;1510;200;11397781489;B
20241108;100721;1510;10;11397781490;B
20241108;100721;1510;110;11397781491;B
20241108;100722;1509.2;6;11397781527;B
20241108;100722;1508.2;30;11397781558;B
20241108;100722;1509.2;19;11397781559;B
20241108;100722;1509.8;18;11397781560;B
20241108;100722;1510;68;11397781561;B
20241108;100722;1510;15;11397781562;B
20241108;100722;1510;3;11397781563;B
20241108;100722;1510;2;11397781564;B
20241108;100722;1510;1;11397781565;B
20241108;100722;1510;1;11397781566;B
20241108;100722;1510;4;11397781567;B
20241108;100722;1510;255;11397781568;B
20241108;100722;1510;6;11397781569;B
20241108;100722;1510;6;11397781570;B
20241108;100722;1510;20;11397781571;B
20241108;100722;1510;3;11397781572;B
20241108;100722;1510;4;11397781573;B
20241108;100722;1510;30;11397781574;B
20241108;100722;1510;3;11397781575;B
20241108;100722;1510;5;11397781576;B
20241108;100722;1510;15;11397781577;B
20241108;100722;1510;50;11397781578;B
20241108;100722;1510;2;11397781579;B
20241108;100722;1510.2;25;11397781580;B
20241108;100722;1510.2;25;11397781581;B
20241108;100722;1510.8;4;11397781582;B
20241108;100722;1508.6;10;11397781632;S
20241108;100722;1508.6;1;11397781633;S
20241108;100722;1508.4;39;11397781634;S
20241108;100722;1510;3;11397781642;B
20241108;100722;1510.6;8;11397781643;B
20241108;100722;1510.6;31;11397781652;B
20241108;100722;1510.8;25;11397781653;B
20241108;100722;1510.8;3;11397781654;B
20241108;100722;1511;1;11397781655;B
20241108;100722;1511;1;11397781656;B
20241108;100722;1511;14;11397781657;B
20241108;100723;1509.8;1;11397781764;B
20241108;100723;1509.8;1;11397781784;B
20241108;100723;1509.2;10;11397781787;S
20241108;100723;1509;5;11397781788;S
20241108;100723;1508.6;3;11397781789;S
20241108;100723;1508.6;10;11397781790;S
20241108;100723;1508.6;472;11397781831;B
20241108;100723;1509.8;28;11397781832;B
20241108;100723;1511;2;11397781842;B
20241108;100724;1510.6;1;11397781946;B
20241108;100724;1510;1;11397781957;S
20241108;100724;1510.6;1;11397781965;B
20241108;100724;1510.8;4;11397781966;B
20241108;100724;1510.8;5;11397781967;B
20241108;100724;1511;14;11397781968;B
20241108;100724;1511;87;11397781969;B
20241108;100724;1510.2;1;11397782019;S
20241108;100724;1510.8;1;11397782032;B
20241108;100724;1511;9;11397782047;B
20241108;100724;1511;1;11397782048;B
20241108;100724;1511;9;11397782065;B
20241108;100724;1511;100;11397782066;B
20241108;100724;1511.2;100;11397782067;B
20241108;100724;1511.2;10;11397782068;B
20241108;100724;1511.2;25;11397782069;B
20241108;100724;1511.4;2;11397782070;B
20241108;100724;1511.4;75;11397782071;B
20241108;100724;1510.8;1;11397782100;B
20241108;100724;1510.2;10;11397782122;S
20241108;100724;1510;95;11397782123;S
20241108;100725;1510;1;11397782187;S
20241108;100725;1510.8;1;11397782192;B
20241108;100725;1510;1;11397782252;S
20241108;100725;1510.8;15;11397782256;B
20241108;100725;1510.8;1;11397782289;B
20241108;100725;1510;7;11397782388;S
20241108;100725;1510;10;11397782389;S
20241108;100725;1510.4;1;11397782407;B
20241108;100725;1510;10;11397782415;S
20241108;100725;1510;10;11397782439;S
20241108;100726;1509.4;9;11397782470;B
20241108;100726;1509.4;1;11397782474;B
20241108;100726;1509.4;90;11397782477;B
20241108;100726;1510.4;8;11397782478;B
20241108;100726;1510.4;10;11397782479;B
20241108;100726;1510.8;7;11397782480;B
20241108;100726;1510.8;10;11397782481;B
20241108;100726;1511.4;155;11397782482;B
20241108;100726;1511.4;1;11397782556;B
20241108;100727;1510.6;1;11397782630;B
20241108;100727;1511.2;30;11397782717;B
20241108;100727;1511.2;125;11397782718;B
20241108;100727;1511.2;10;11397782719;B
20241108;100727;1511.4;119;11397782720;B
20241108;100727;1512;1;11397782721;B
20241108;100727;1512;5;11397782722;B
20241108;100727;1512;10;11397782723;B
20241108;100727;1512.6;30;11397782724;B
20241108;100727;1512.8;25;11397782725;B
20241108;100727;1513.2;30;11397782726;B
20241108;100727;1513.4;10;11397782727;B
20241108;100727;1513.6;1;11397782728;B
20241108;100727;1513.6;30;11397782729;B
20241108;100727;1513.8;30;11397782730;B
20241108;100727;1513.8;44;11397782731;B
20241108;100727;1510.6;40;11397782732;S
20241108;100727;1513;1;11397782788;B
20241108;100727;1513.4;9;11397782789;B
20241108;100727;1510.8;7;11397782806;S
20241108;100727;1513.4;1;11397782809;B
20241108;100727;1513.6;4;11397782810;B
20241108;100728;1512.8;25;11397782828;B
20241108;100728;1511.8;5;11397782874;S
20241108;100728;1511.6;25;11397782908;S
20241108;100728;1511.6;3;11397782909;S
20241108;100728;1511.6;22;11397782910;S
20241108;100728;1511.4;1;11397782911;S
20241108;100728;1511.4;33;11397782912;S
20241108;100728;1511.2;16;11397782913;S
20241108;100729;1511;81;11397783207;S
20241108;100729;1511;19;11397783210;S
20241108;100729;1510.4;4;11397783211;S
20241108;100729;1510.2;5;11397783212;S
20241108;100729;1510.2;30;11397783213;S
20241108;100729;1510.2;24;11397783214;S
20241108;100729;1510;18;11397783215;S
20241108;100729;1511.6;6;11397783251;B
20241108;100729;1511;20;11397783266;S
20241108;100730;1511;10;11397783284;S
20241108;100730;1511;2;11397783301;S
20241108;100730;1511.2;5;11397783336;B
20241108;100730;1511.2;15;11397783337;B
20241108;100730;1511.4;1;11397783338;B
20241108;100730;1511.6;2;11397783339;B
20241108;100730;1511.8;25;11397783340;B
20241108;100730;1511.8;40;11397783341;B
20241108;100730;1512;10;11397783342;B
20241108;100730;1512;10;11397783343;B
20241108;100730;1512;1;11397783344;B
20241108;100730;1512.2;30;11397783345;B
20241108;100730;1512.4;5;11397783346;B
20241108;100730;1512.4;2;11397783347;B
20241108;100730;1512.4;5;11397783348;B
20241108;100730;1512.4;50;11397783349;B
20241108;100730;1512.6;1;11397783350;B
20241108;100730;1512.6;4;11397783351;B
20241108;100730;1512.6;45;11397783352;B
20241108;100730;1512.8;154;11397783353;B
20241108;100730;1512.8;25;11397783354;B
20241108;100730;1513;70;11397783355;B
20241108;100730;1511;1;11397783448;S
20241108;100730;1511.6;10;11397783465;B
20241108;100730;1512.6;90;11397783466;B
20241108;100731;1512.6;11;11397783538;B
20241108;100731;1511.2;4;11397783662;S
20241108;100731;1511;2;11397783663;S
20241108;100731;1511;4;11397783664;S
20241108;100732;1511;1;11397783841;S
20241108;100732;1511.6;10;11397783866;B
20241108;100732;1511.4;1;11397783915;B
20241108;100732;1511.4;4;11397783916;B
20241108;100732;1511.4;15;11397783954;B
20241108;100732;1511;10;11397783968;S
20241108;100733;1511.4;11;11397783981;B
20241108;100733;1511.6;45;11397783982;B
20241108;100733;1511;6;11397783987;S
20241108;100733;1510.6;30;11397783988;S
20241108;100733;1510.4;10;11397783989;S
20241108;100733;1510.2;30;11397783990;S
20241108;100733;1510;24;11397783991;S
20241108;100733;1511;3;11397784270;B
20241108;100734;1511;47;11397784279;B
20241108;100734;1511.2;10;11397784280;B
20241108;100734;1511.6;43;11397784281;B
20241108;100734;1511.6;1;11397784305;B
20241108;100734;1510;4;11397784359;S
20241108;100734;1509.8;10;11397784360;S
20241108;100734;1509.8;1;11397784370;B
20241108;100734;1509.8;20;11397784437;B
20241108;100735;1509.8;65;11397784547;B
20241108;100735;1510.8;2;11397784548;B
20241108;100735;1511.2;1;11397784549;B
20241108;100735;1511.4;10;11397784550;B
20241108;100735;1511.6;51;11397784551;B
20241108;100735;1511.6;1;11397784552;B
20241108;100735;1511.6;10;11397784553;B
20241108;100735;1512;1;11397784554;B
20241108;100735;1512.2;2;11397784555;B
20241108;100735;1512.6;6;11397784556;B
20241108;100735;1511;30;11397784686;B
20241108;100735;1512;7;11397784687;B
20241108;100735;1512.2;3;11397784688;B
20241108;100737;1511.6;1;11397784906;S
20241108;100737;1511.4;16;11397784907;S
20241108;100737;1511.4;1;11397784938;S
20241108;100737;1512.2;30;11397784965;B
20241108;100737;1512.2;5;11397784967;S
20241108;100737;1512.4;1;11397784980;B
20241108;100737;1511.6;11;11397784996;S
20241108;100738;1512;10;11397785191;S
20241108;100738;1512.2;35;11397785318;S
20241108;100738;1512.4;16;11397785341;B
20241108;100738;1512.4;33;11397785361;B
20241108;100739;1512.2;15;11397785574;S
20241108;100739;1512.2;1;11397785575;S
20241108;100739;1512;40;11397785577;B
20241108;100739;1512;3;11397785608;B
20241108;100739;1512;1;11397785627;B
20241108;100739;1511.6;2;11397785685;S
20241108;100739;1511.4;298;11397785686;S
20241108;100740;1511.6;5;11397785734;B
20241108;100740;1511.4;35;11397785750;S
20241108;100740;1511;170;11397785751;S
20241108;100740;1511;6;11397785752;S
20241108;100740;1511;18;11397785753;S
20241108;100740;1510;5;11397785754;S
20241108;100740;1509;4;11397785876;S
20241108;100740;1508;1;11397785877;S
20241108;100740;1508;5;11397785878;S
20241108;100741;1508;20;11397785959;B
20241108;100741;1509.8;5;11397785960;B
20241108;100741;1509.8;5;11397785961;B
20241108;100741;1509.8;30;11397785962;B
20241108;100741;1510;66;11397785963;B
20241108;100741;1510;24;11397785964;B
20241108;100741;1508;6;11397786104;S
20241108;100741;1509.6;1;11397786110;B
20241108;100741;1509.6;1;11397786128;B
20241108;100741;1509.6;15;11397786148;B
20241108;100741;1509.8;19;11397786149;B
20241108;100742;1509.4;20;11397786285;B
20241108;100742;1509.6;30;11397786286;B
20241108;100742;1509.8;11;11397786287;B
20241108;100742;1509.8;14;11397786288;B
20241108;100742;1509.4;1;11397786331;B
20241108;100743;1508.2;1;11397786735;S
20241108;100743;1508;1;11397786736;S
20241108;100743;1507.8;5;11397786737;S
20241108;100743;1507.8;51;11397786738;S
20241108;100743;1507.6;2;11397786739;S
20241108;100743;1507.6;1;11397786740;S
20241108;100743;1507.6;40;11397786741;S
20241108;100743;1507.2;1;11397786742;S
20241108;100743;1507.2;10;11397786743;S
20241108;100743;1507.2;40;11397786744;S
20241108;100743;1507;48;11397786745;S
20241108;100743;1509;30;11397786755;B
20241108;100743;1509;5;11397786766;B
20241108;100744;1506.6;5;11397786935;S
20241108;100744;1506.2;200;11397786936;S
20241108;100744;1505.8;50;11397786937;S
20241108;100744;1505.6;45;11397786938;S
20241108;100744;1505.6;3;11397786942;S
20241108;100744;1505.6;4;11397786949;S
20241108;100744;1506.8;10;11397786986;S
20241108;100745;1507.2;10;11397787051;B
20241108;100745;1507.4;10;11397787052;B
20241108;100745;1505.6;48;11397787066;S
20241108;100745;1505.2;25;11397787067;S
20241108;100745;1504.8;25;11397787068;S
20241108;100745;1504.4;1;11397787069;S
20241108;100745;1504.2;1;11397787070;S
20241108;100745;1504.4;3;11397787124;S
20241108;100745;1504.4;25;11397787125;S
20241108;100745;1504.2;29;11397787126;S
20241108;100745;1504.2;30;11397787127;B
20241108;100745;1504.2;30;11397787130;B
20241108;100745;1504.2;30;11397787131;B
20241108;100745;1504.2;14;11397787132;B
20241108;100745;1504;1;11397787142;S
20241108;100745;1504;19;11397787145;S
20241108;100745;1503.8;30;11397787146;S
20241108;100745;1503.6;1;11397787147;S
20241108;100746;1505.4;2;11397787309;B
20241108;100746;1505.8;51;11397787310;B
20241108;100746;1506;20;11397787311;B
20241108;100746;1506;27;11397787312;B
20241108;100746;1503.8;1;11397787315;S
20241108;100746;1504.2;50;11397787342;S
20241108;100746;1504;27;11397787343;S
20241108;100746;1503.8;10;11397787344;S
20241108;100746;1503.6;39;11397787345;S
20241108;100746;1503.6;20;11397787346;S
20241108;100746;1503.4;2;11397787347;S
20241108;100746;1503.4;1;11397787348;S
20241108;100746;1502.6;1;11397787349;S
20241108;100747;1505.8;5;11397787416;B
20241108;100747;1506;51;11397787417;B
20241108;100747;1506;10;11397787418;B
20241108;100747;1506;5;11397787462;B
20241108;100747;1506;10;11397787486;B
20241108;100747;1506.2;40;11397787487;B
20241108;100747;1506.4;30;11397787488;B
20241108;100747;1506.4;4;11397787489;B
20241108;100747;1506.6;51;11397787490;B
20241108;100747;1506.6;50;11397787491;B
20241108;100747;1506.8;30;11397787492;B
20241108;100747;1507;10;11397787493;B
20241108;100747;1507.2;1;11397787494;B
20241108;100747;1507.4;30;11397787495;B
20241108;100747;1507.6;50;11397787496;B
20241108;100747;1507.8;30;11397787497;B
20241108;100747;1508;5;11397787498;B
20241108;100747;1508;48;11397787499;B
20241108;100747;1507.8;4;11397787521;B
20241108;100747;1504.8;1;11397787549;S
20241108;100747;1504.6;1;11397787550;S
20241108;100747;1504.6;51;11397787551;S
20241108;100747;1504.4;1;11397787552;S
20241108;100747;1504.4;4;11397787553;S
20241108;100747;1504.4;40;11397787554;S
20241108;100747;1504.2;50;11397787555;S
20241108;100747;1504;30;11397787556;S
20241108;100747;1503.8;51;11397787557;S
20241108;100747;1503.8;30;11397787558;S
20241108;100747;1503.6;44;11397787559;S
20241108;100747;1506.6;2;11397787577;B
20241108;100747;1503.6;6;11397787597;S
20241108;100747;1502.8;2;11397787598;S
20241108;100747;1502.6;19;11397787599;S
20241108;100748;1505.8;1;11397787663;B
20241108;100748;1504.8;1;11397787757;B
20241108;100749;1504.8;9;11397788086;B
20241108;100749;1505.4;1;11397788087;B
20241108;100749;1505.4;9;11397788088;B
20241108;100749;1505.6;31;11397788089;B
20241108;100750;1505.6;10;11397788256;B
20241108;100751;1505.6;3;11397788468;B
20241108;100751;1505.6;7;11397788492;B
20241108;100751;1505.8;6;11397788493;B
20241108;100752;1506;20;11397788970;B
20241108;100754;1506;19;11397789455;B
20241108;100754;1506.2;1;11397789456;B
20241108;100755;1506.2;3;11397789568;B
20241108;100755;1506.2;7;11397789569;B
20241108;100755;1506.2;1;11397789578;B
20241108;100756;1505.4;3;11397789794;S
20241108;100757;1505.6;1;11397790045;B
20241108;100757;1505.6;1;11397790046;B
20241108;100757;1506;5;11397790047;B
20241108;100757;1506.2;6;11397790048;B
20241108;100757;1505.4;2;11397790091;S
20241108;100757;1505.4;51;11397790092;S
20241108;100757;1505.2;1;11397790093;S
20241108;100757;1505.2;20;11397790094;S
20241108;100757;1505;20;11397790095;S
20241108;100757;1505;6;11397790096;S
20241108;100758;1505.2;3;11397790220;S
20241108;100758;1506.2;1;11397790246;B
20241108;100758;1506.6;10;11397790302;B
20241108;100758;1506.2;1;11397790316;S
20241108;100758;1506.6;20;11397790398;B
20241108;100758;1506.8;30;11397790399;B
20241108;100758;1507;30;11397790400;B
20241108;100758;1507.2;30;11397790401;B
20241108;100758;1507.2;26;11397790402;B
20241108;100758;1507.6;30;11397790403;B
20241108;100758;1507.6;34;11397790404;B
20241108;100758;1507.6;6;11397790408;B
20241108;100758;1507.6;3;11397790409;B
20241108;100758;1507.8;27;11397790442;B
20241108;100759;1507.8;73;11397790483;B
20241108;100759;1507.8;30;11397790484;B
20241108;100759;1508;2;11397790522;B
20241108;100759;1508.2;2;11397790523;B
20241108;100759;1508.4;50;11397790524;B
20241108;100759;1508.6;1;11397790525;B
20241108;100759;1508.8;100;11397790526;B
20241108;100759;1509;1;11397790527;B
20241108;100759;1509.4;5;11397790528;B
20241108;100759;1509.4;32;11397790529;B
20241108;100759;1509.4;18;11397790543;B
20241108;100759;1509.6;4;11397790544;B
20241108;100759;1509.6;51;11397790545;B
20241108;100759;1509.6;48;11397790546;B
20241108;100759;1509.8;11;11397790547;B
20241108;100759;1509.8;1;11397790548;B
20241108;100759;1509.8;100;11397790549;B
20241108;100759;1510;76;11397790550;B
20241108;100759;1510;2;11397790551;B
20241108;100759;1510;1;11397790552;B
20241108;100759;1511.2;1;11397790553;B
20241108;100759;1511.2;25;11397790554;B
20241108;100759;1511.2;120;11397790555;B
20241108;100759;1511.4;25;11397790556;B
20241108;100759;1511.6;100;11397790557;B
20241108;100759;1511.6;50;11397790558;B
20241108;100759;1511.6;66;11397790559;B
20241108;100759;1512;20;11397790560;B
20241108;100759;1512;71;11397790561;B
20241108;100759;1508.4;10;11397790631;S
20241108;100759;1508.4;4;11397790632;S
20241108;100759;1508.2;25;11397790633;S
20241108;100759;1511.4;4;11397790670;B
20241108;100759;1511.6;25;11397790671;B
20241108;100759;1511.6;10;11397790672;B
20241108;100759;1511.8;39;11397790673;B
20241108;100759;1511.8;25;11397790674;B
20241108;100759;1512;129;11397790675;B
20241108;100759;1512;10;11397790676;B
20241108;100759;1512;25;11397790677;B
20241108;100759;1512;1;11397790678;B
20241108;100759;1512.4;51;11397790679;B
20241108;100759;1512.4;1;11397790680;B
20241108;100759;1512.4;2;11397790681;B
20241108;100759;1512.4;70;11397790682;B
20241108;100759;1512.6;11;11397790683;B
20241108;100759;1512.6;10;11397790684;B
20241108;100759;1512.6;87;11397790685;B
20241108;100800;1510.8;4;11397790710;B
20241108;100800;1510.6;1;11397790745;B
20241108;100800;1510.8;6;11397790746;B
20241108;100800;1512.6;15;11397790747;B
20241108;100800;1512.6;102;11397790794;B
20241108;100800;1512.8;10;11397790795;B
20241108;100800;1513;16;11397790796;B
20241108;100800;1513;15;11397790797;B
20241108;100800;1513;1;11397790798;B
20241108;100800;1513;145;11397790799;B
20241108;100800;1513;11;11397790800;B
20241108;100800;1510.4;30;11397790863;S
20241108;100800;1512.4;1;11397790876;B
20241108;100800;1512.8;30;11397790877;B
20241108;100800;1512.8;50;11397790878;S
20241108;100800;1512.8;19;11397790895;S
20241108;100801;1512.8;5;11397790913;S
20241108;100801;1511.2;15;11397791013;S
20241108;100801;1511.2;28;11397791014;S
20241108;100801;1512.8;40;11397791163;B
20241108;100802;1512.6;25;11397791184;B
20241108;100802;1513;475;11397791185;B
20241108;100802;1512.6;50;11397791211;B
20241108;100802;1513;5;11397791212;B
20241108;100802;1513;2;11397791317;B
20241108;100802;1513;50;11397791377;B
20241108;100802;1513;1;11397791385;B
20241108;100803;1511.8;5;11397791437;S
20241108;100803;1511.8;40;11397791438;S
20241108;100803;1511.6;5;11397791439;S
20241108;100803;1511.4;10;11397791440;S
20241108;100804;1512.4;1;11397791734;B
20241108;100804;1512.6;15;11397791735;B
20241108;100804;1512.6;5;11397791736;B
20241108;100804;1513;44;11397791737;B
20241108;100804;1512.8;40;11397791761;B
20241108;100804;1513;30;11397791762;B
20241108;100804;1511.4;10;11397791932;S
20241108;100804;1511.4;4;11397791933;S
20241108;100805;1510.8;3;11397791979;S
20241108;100805;1511.4;40;11397792014;B
20241108;100805;1511.4;100;11397792070;B
20241108;100805;1511.4;373;11397792088;B
20241108;100805;1510.8;2;11397792108;S
20241108;100805;1510.8;20;11397792109;S
20241108;100805;1510.4;25;11397792110;S
20241108;100805;1510;3;11397792111;S
20241108;100806;1510;2;11397792179;S
20241108;100806;1508.8;2;11397792180;S
20241108;100806;1508.6;2;11397792181;S
20241108;100806;1508.4;10;11397792182;S
20241108;100806;1508;8;11397792189;B
20241108;100806;1508;1;11397792200;B
20241108;100806;1507.8;40;11397792307;B
20241108;100807;1507.8;10;11397792519;B
20241108;100807;1508;25;11397792520;B
20241108;100807;1510.4;2;11397792521;B
20241108;100807;1510.8;5;11397792522;B
20241108;100807;1511.2;20;11397792523;B
20241108;100807;1511.2;4;11397792524;B
20241108;100808;1508.2;1;11397792612;S
20241108;100808;1510.2;2;11397792614;B
20241108;100808;1510.6;40;11397792615;B
20241108;100808;1510.8;14;11397792616;B
20241108;100808;1510.8;11;11397792619;B
20241108;100808;1511.4;373;11397792620;B
20241108;100808;1512;53;11397792621;B
20241108;100808;1512;20;11397792622;B
20241108;100808;1512.2;10;11397792623;B
20241108;100808;1512.2;100;11397792624;B
20241108;100808;1512.4;100;11397792625;B
20241108;100808;1512.4;100;11397792626;B
20241108;100808;1512.4;20;11397792627;B
20241108;100808;1512.6;10;11397792628;B
20241108;100808;1512.6;5;11397792629;B
20241108;100808;1512.8;25;11397792630;B
20241108;100808;1512.8;4;11397792631;B
20241108;100808;1512.8;58;11397792632;B
20241108;100808;1512.8;40;11397792633;B
20241108;100808;1513;17;11397792634;B
20241108;100808;1513;450;11397792635;B
20241108;100808;1513;845;11397792636;B
20241108;100808;1513;50;11397792650;B
20241108;100808;1510;4;11397792670;S
20241108;100808;1510;25;11397792671;S
20241108;100808;1509.2;21;11397792672;S
20241108;100808;1512.8;21;11397792711;B
20241108;100808;1513;29;11397792712;B
20241108;100808;1510;7;11397792748;S
20241108;100808;1509.8;10;11397792749;S
20241108;100808;1509.6;10;11397792750;S
20241108;100808;1509.4;10;11397792751;S
20241108;100808;1509.2;51;11397792752;S
20241108;100808;1509;12;11397792753;S
20241108;100809;1512.4;1;11397792865;B
20241108;100810;1512;10;11397792977;B
20241108;100810;1512;1;11397793038;B
20241108;100810;1512;1;11397793115;B
20241108;100810;1512;5;11397793116;B
20241108;100810;1512;10;11397793117;B
20241108;100810;1512.2;4;11397793118;B
20241108;100811;1510.8;1;11397793316;S
20241108;100812;1511;10;11397793529;S
20241108;100812;1511.4;5;11397793616;B
20241108;100812;1511.6;10;11397793617;B
20241108;100812;1512.4;10;11397793618;B
20241108;100812;1512;1;11397793706;B
20241108;100812;1511.2;11;11397793730;S
20241108;100812;1512.4;40;11397793739;B
20241108;100812;1512.6;36;11397793740;B
20241108;100812;1512.8;50;11397793741;B
20241108;100812;1513;76;11397793742;B
20241108;100812;1513;98;11397793743;B
20241108;100812;1513;50;11397793763;B
20241108;100813;1513;20;11397793868;B
20241108;100813;1513;10;11397793875;B
20241108;100813;1512;5;11397793904;S
20241108;100813;1512.2;5;11397793916;S
20241108;100813;1512.2;2;11397793917;S
20241108;100813;1512.2;33;11397793918;S
20241108;100813;1512;5;11397793926;S
20241108;100813;1513;25;11397793945;B
20241108;100814;1512;1;11397793981;S
20241108;100814;1512;4;11397793982;S
20241108;100814;1513;1;11397794065;B
20241108;100814;1512.8;3;11397794073;B
20241108;100814;1512.8;1;11397794087;B
20241108;100814;1512.8;246;11397794114;B
20241108;100814;1513;186;11397794115;B
20241108;100815;1513;1;11397794148;B
20241108;100816;1512.4;1;11397794597;S
20241108;100816;1512;6;11397794598;S
20241108;100816;1512;1;11397794601;B
20241108;100817;1511.6;50;11397794719;S
20241108;100818;1511.6;1;11397794924;B
20241108;100818;1511.8;5;11397794925;B
20241108;100818;1511.8;88;11397794926;B
20241108;100818;1512;6;11397794927;B
20241108;100818;1511.2;10;11397794956;S
20241108;100818;1511;1;11397794957;S
20241108;100818;1510.6;2;11397794958;S
20241108;100818;1510.6;7;11397794959;S
20241108;100818;1511.8;7;11397795087;B
20241108;100818;1512;112;11397795088;B
20241108;100819;1512;1;11397795112;B
20241108;100819;1510.6;1;11397795206;S
20241108;100819;1510.6;50;11397795263;S
20241108;100819;1510.4;20;11397795264;S
20241108;100819;1510.4;130;11397795265;S
20241108;100820;1510.4;8;11397795461;S
20241108;100820;1510.4;25;11397795480;S
20241108;100820;1511.2;1;11397795507;B
20241108;100821;1511.2;9;11397795550;B
20241108;100821;1511.2;1;11397795551;B
20241108;100821;1511.6;1;11397795552;B
20241108;100821;1511.8;1;11397795553;B
20241108;100821;1511.8;8;11397795554;B
20241108;100821;1511.8;2;11397795556;B
20241108;100821;1510.6;1;11397795666;S
20241108;100822;1511;15;11397795702;B
20241108;100822;1511;20;11397795703;B
20241108;100822;1511.8;42;11397795704;B
20241108;100822;1512;23;11397795705;B
20241108;100822;1510.8;5;11397795710;S
20241108;100822;1511.8;5;11397795782;B
20241108;100822;1511.8;100;11397795783;B
20241108;100822;1512;50;11397795784;B
20241108;100822;1512;26;11397795785;B
20241108;100822;1512.6;15;11397795786;B
20241108;100822;1512.8;4;11397795787;B
20241108;100822;1512.8;2;11397795788;B
20241108;100822;1513;4;11397795789;B
20241108;100822;1513;9;11397795790;B
20241108;100822;1513;1;11397795791;B
20241108;100822;1513;2;11397795792;B
20241108;100822;1513;42;11397795793;B
20241108;100823;1513;58;11397795958;B
20241108;100823;1513;2;11397795959;B
20241108;100823;1513;5;11397795960;B
20241108;100823;1513;5;11397795961;B
20241108;100823;1513.2;2;11397795962;B
20241108;100823;1513.2;28;11397795963;B
20241108;100823;1513.2;25;11397796002;B
20241108;100823;1513.2;25;11397796003;B
20241108;100823;1513.2;25;11397796004;B
20241108;100823;1513.2;25;11397796005;B
20241108;100823;1513.2;4;11397796007;B
20241108;100823;1513.2;1;11397796008;B
20241108;100823;1513.4;20;11397796009;B
20241108;100823;1513;10;11397796073;B
20241108;100824;1512;1;11397796103;S
20241108;100824;1511.4;12;11397796104;S
20241108;100824;1511.4;20;11397796246;S
20241108;100824;1511.6;10;11397796278;S
20241108;100824;1513;17;11397796327;B
20241108;100824;1513.2;10;11397796328;B
20241108;100824;1513.4;24;11397796329;B
20241108;100826;1512.8;2;11397796847;B
20241108;100826;1511.8;3;11397796850;S
20241108;100828;1512;5;11397797284;S
20241108;100828;1511.8;2;11397797285;S
20241108;100828;1511.2;31;11397797286;S
20241108;100828;1511;4;11397797287;S
20241108;100828;1510.8;41;11397797288;S
20241108;100828;1510.6;36;11397797289;S
20241108;100828;1510.6;131;11397797290;S
20241108;100828;1510.4;200;11397797366;S
20241108;100828;1511;1;11397797442;S
20241108;100828;1510.4;137;11397797443;S
20241108;100828;1510.2;5;11397797444;S
20241108;100828;1510.2;40;11397797445;S
20241108;100828;1510;3;11397797446;S
20241108;100828;1510;114;11397797447;S
20241108;100828;1512.2;4;11397797517;B
20241108;100828;1512.2;5;11397797518;B
20241108;100828;1510;16;11397797548;S
20241108;100828;1510;10;11397797549;S
20241108;100829;1509.8;5;11397797760;S
20241108;100829;1509.4;2;11397797761;S
20241108;100829;1509.2;4;11397797762;S
20241108;100829;1509;3;11397797763;S
20241108;100829;1509;186;11397797764;S
20241108;100830;1510;100;11397797876;B
20241108;100830;1510;66;11397798121;B
20241108;100830;1509;20;11397798199;S
20241108;100831;1509;10;11397798304;S
20241108;100831;1511;1;11397798311;B
20241108;100831;1511;3;11397798348;B
20241108;100831;1511.2;7;11397798349;B
20241108;100832;1510;25;11397798401;S
20241108;100832;1511.2;2;11397798453;B
20241108;100832;1511.4;13;11397798454;B
20241108;100832;1510.8;5;11397798611;B
20241108;100832;1511.4;15;11397798612;B
20241108;100832;1510.2;1;11397798734;S
20241108;100833;1511;1;11397798879;B
20241108;100833;1511.4;3;11397798880;B
20241108;100834;1511.4;4;11397799137;B
20241108;100834;1511.4;16;11397799182;B
20241108;100835;1510.2;5;11397799387;S
20241108;100835;1510;25;11397799388;S
20241108;100836;1510.2;1;11397799594;S
20241108;100836;1511.2;2;11397799609;B
20241108;100836;1511.4;1;11397799610;B
20241108;100836;1511.6;18;11397799611;B
20241108;100836;1511.6;11;11397799612;B
20241108;100839;1510.4;1;11397800168;S
20241108;100839;1510.2;51;11397800169;S
20241108;100839;1510.2;10;11397800170;S
20241108;100839;1511.6;51;11397800243;B
20241108;100839;1511.8;1;11397800244;B
20241108;100839;1511.8;28;11397800245;B
20241108;100839;1511.8;50;11397800246;B
20241108;100839;1512;79;11397800247;B
20241108;100841;1510.4;5;11397800813;S
20241108;100841;1510.2;51;11397800814;S
20241108;100841;1510.2;51;11397800815;S
20241108;100841;1510.2;1;11397800816;S
20241108;100841;1510;20;11397800817;S
20241108;100841;1510;210;11397800818;S
20241108;100841;1509.6;1;11397800819;S
20241108;100841;1509.6;4;11397800820;S
20241108;100841;1509.4;77;11397800821;S
20241108;100841;1509.2;3;11397800822;S
20241108;100841;1509.2;2;11397800823;S
20241108;100841;1509.2;36;11397800824;S
20241108;100841;1509.2;2;11397800825;S
20241108;100841;1509;851;11397800826;S
20241108;100841;1509;40;11397800827;S
20241108;100841;1509;50;11397800828;S
20241108;100841;1508.8;45;11397800829;S
20241108;100841;1508.8;1;11397800830;S
20241108;100841;1508.6;1;11397800831;S
20241108;100841;1508.2;1;11397800832;S
20241108;100841;1508;5;11397800833;S
20241108;100841;1508;5;11397800834;S
20241108;100841;1508;45;11397800835;S
20241108;100841;1508;1;11397800854;B
20241108;100841;1507.8;2;11397800868;B
20241108;100842;1507.4;1;11397801211;S
20241108;100842;1507.8;2;11397801236;B
20241108;100843;1507;10;11397801467;S
20241108;100843;1507;5;11397801468;S
20241108;100843;1507;2;11397801469;S
20241108;100843;1506.8;5;11397801470;S
20241108;100843;1506.8;40;11397801471;S
20241108;100843;1506.6;18;11397801472;S
20241108;100844;1507.6;1;11397801500;S
20241108;100844;1507.6;2;11397801508;S
20241108;100844;1506.6;22;11397801775;S
20241108;100844;1506.6;1;11397801776;S
20241108;100844;1506.2;4;11397801777;S
20241108;100844;1506;100;11397801778;S
20241108;100844;1506;73;11397801779;S
20241108;100844;1506.4;10;11397801872;S
20241108;100844;1507.4;17;11397801914;B
20241108;100844;1506;5;11397801994;S
20241108;100845;1506;22;11397802025;S
20241108;100845;1506;10;11397802026;S
20241108;100845;1506;1;11397802027;S
20241108;100846;1505.8;2;11397802206;S
20241108;100846;1505.8;5;11397802207;S
20241108;100846;1505.6;1;11397802208;S
20241108;100846;1505.4;17;11397802209;S
20241108;100846;1505.2;8;11397802210;S
20241108;100846;1505.2;10;11397802309;S
20241108;100846;1505.2;4;11397802335;S
20241108;100846;1505.2;5;11397802336;S
20241108;100846;1505.2;20;11397802337;S
20241108;100846;1505.2;100;11397802338;S
20241108;100846;1505;105;11397802339;S
20241108;100846;1505;20;11397802340;S
20241108;100847;1505;43;11397802367;S
20241108;100847;1505;500;11397802371;S
20241108;100847;1505.6;381;11397802392;S
20241108;100847;1506.4;36;11397802393;B
20241108;100847;1506.6;35;11397802394;B
20241108;100847;1507.2;4;11397802395;B
20241108;100847;1507.4;5;11397802396;B
20241108;100847;1507.4;51;11397802397;B
20241108;100847;1507.6;23;11397802398;B
20241108;100847;1507.6;46;11397802399;B
20241108;100847;1507;5;11397802431;B
20241108;100847;1507.6;5;11397802432;B
20241108;100847;1507.8;1;11397802433;B
20241108;100847;1507.8;4;11397802466;S
20241108;100847;1505.8;51;11397802467;S
20241108;100847;1505.8;45;11397802468;S
20241108;100848;1505.8;6;11397802601;S
20241108;100848;1505.6;5;11397802602;S
20241108;100848;1505.6;114;11397802648;S
20241108;100848;1505;326;11397802649;S
20241108;100848;1505;1;11397802650;S
20241108;100848;1505;20;11397802651;S
20241108;100848;1504.6;20;11397802652;S
20241108;100848;1504.2;120;11397802653;S
20241108;100848;1504.2;4;11397802654;S
20241108;100848;1504;100;11397802655;S
20241108;100848;1503;5;11397802656;S
20241108;100848;1503;50;11397802657;S
20241108;100848;1502.4;66;11397802658;S
20241108;100848;1502.2;200;11397802659;S
20241108;100848;1502.2;2;11397802660;S
20241108;100848;1502.2;10;11397802661;S
20241108;100848;1501;20;11397802662;S
20241108;100848;1501;10;11397802663;S
20241108;100848;1501;15;11397802664;S
20241108;100848;1501;5;11397802665;S
20241108;100848;1501;5;11397802666;S
20241108;100848;1501;5;11397802667;S
20241108;100848;1500.8;1;11397802668;S
20241108;100848;1500.8;25;11397802669;S
20241108;100848;1500.4;50;11397802670;S
20241108;100848;1500.4;25;11397802671;S
20241108;100848;1500.2;50;11397802672;S
20241108;100848;1500;15;11397802673;S
20241108;100848;1500;185;11397802674;S
20241108;100848;1500;5;11397802675;S
20241108;100848;1500;100;11397802676;S
20241108;100848;1500;10;11397802677;S
20241108;100848;1500;5;11397802678;S
20241108;100848;1500;4;11397802679;S
20241108;100848;1499.6;33;11397802680;S
20241108;100848;1498.8;4;11397802681;S
20241108;100848;1498.4;2;11397802682;S
20241108;100848;1498;30;11397802683;S
20241108;100848;1497.8;18;11397802684;S
20241108;100848;1497.8;10;11397802685;S
20241108;100848;1497.6;3;11397802686;S
20241108;100848;1497.6;20;11397802687;S
20241108;100848;1497.6;25;11397802688;S
20241108;100848;1497.4;273;11397802689;S
20241108;100848;1502.6;20;11397802693;B
20241108;100848;1503.4;25;11397802703;S
20241108;100848;1497.4;25;11397802704;S
20241108;100848;1506.4;13;11397802791;B
20241108;100848;1503.2;2;11397802828;S
20241108;100849;1503.2;18;11397802852;S
20241108;100849;1501;1;11397802853;S
20241108;100849;1500.2;25;11397802854;S
20241108;100849;1498.4;21;11397802855;S
20241108;100849;1498.4;13;11397802856;S
20241108;100849;1498.2;22;11397802857;S
20241108;100849;1502;25;11397802858;B
20241108;100849;1501;25;11397802860;S
20241108;100849;1498.4;8;11397802861;S
20241108;100849;1498.4;7;11397802862;S
20241108;100849;1498.4;6;11397802863;S
20241108;100849;1498.2;287;11397802864;S
20241108;100849;1497.4;40;11397802865;S
20241108;100849;1497.2;20;11397802866;S
20241108;100849;1497;230;11397802867;S
20241108;100849;1497;1;11397802868;S
20241108;100849;1497;50;11397802869;S
20241108;100849;1496.8;200;11397802870;S
20241108;100849;1496.8;100;11397802871;S
20241108;100849;1496;20;11397802872;S
20241108;100849;1496;100;11397802873;S
20241108;100849;1495.8;25;11397802874;S
20241108;100849;1495;5;11397802875;S
20241108;100849;1495;1;11397802876;S
20241108;100849;1495;100;11397802877;S
20241108;100849;1494.8;10;11397802878;S
20241108;100849;1494.8;2;11397802879;S
20241108;100849;1494.6;200;11397802880;S
20241108;100849;1494;50;11397802881;S
20241108;100849;1494;50;11397802882;S
20241108;100849;1493.8;66;11397802883;S
20241108;100849;1493;150;11397802884;S
20241108;100849;1493;25;11397802885;S
20241108;100849;1492.8;250;11397802886;S
20241108;100849;1492.4;1;11397802887;S
20241108;100849;1492.4;250;11397802888;S
20241108;100849;1492.2;20;11397802889;S
20241108;100849;1492.2;141;11397802890;S
20241108;100849;1492.4;10;11397802892;S
20241108;100849;1492.4;5;11397802894;S
20241108;100849;1492.4;2;11397802895;S
20241108;100849;1500.6;2;11397802902;S
20241108;100849;1504.2;1;11397802911;B
20241108;100849;1500.6;1;11397802928;S
20241108;100849;1500.6;39;11397802929;B
20241108;100849;1500.6;50;11397802942;B
20241108;100849;1500.2;10;11397802957;S
20241108;100849;1498.4;1;11397802971;S
20241108;100849;1498.6;10;11397803006;S
20241108;100850;1501;1;11397803123;S
20241108;100850;1500;1;11397803228;B
20241108;100850;1499.6;10;11397803291;B
20241108;100850;1499.8;1;11397803292;B
20241108;100850;1498.6;3;11397803301;S
20241108;100852;1499.4;4;11397803547;B
20241108;100852;1499.6;10;11397803548;B
20241108;100852;1499.6;15;11397803549;B
20241108;100852;1499.8;9;11397803550;B
20241108;100852;1499.8;21;11397803551;B
20241108;100852;1500.6;50;11397803552;B
20241108;100852;1501.4;10;11397803553;B
20241108;100852;1502.4;20;11397803554;B
20241108;100853;1501;3;11397803869;S
20241108;100853;1500.8;5;11397803975;S
20241108;100855;1502.4;1;11397804262;B
20241108;100855;1503.4;31;11397804263;B
20241108;100855;1503.6;158;11397804264;B
20241108;100855;1504.2;51;11397804458;B
20241108;100855;1504.4;4;11397804459;B
20241108;100856;1504.4;18;11397804508;B
20241108;100856;1504.6;2;11397804509;B
20241108;100856;1504.6;5;11397804510;B
20241108;100856;1502.6;10;11397804723;S
20241108;100856;1502.6;51;11397804724;S
20241108;100856;1502.4;39;11397804725;S
20241108;100857;1502.6;68;11397804761;S
20241108;100857;1502.4;1;11397804762;S
20241108;100857;1502.4;25;11397804763;S
20241108;100857;1502.2;22;11397804764;S
20241108;100857;1502.2;27;11397804765;S
20241108;100857;1502;5;11397804766;S
20241108;100857;1502;10;11397804767;S
20241108;100857;1502;1;11397804768;S
20241108;100857;1501.8;51;11397804769;S
20241108;100857;1501.6;5;11397804770;S
20241108;100857;1501.6;125;11397804771;S
20241108;100857;1501.6;10;11397804772;S
20241108;100857;1501.4;10;11397804773;S
20241108;100857;1501;1;11397804932;S
20241108;100858;1501;19;11397805030;S
20241108;100858;1500.8;10;11397805031;S
20241108;100858;1500.8;1;11397805032;S
20241108;100858;1500.6;1;11397805033;S
20241108;100858;1500.6;5;11397805034;S
20241108;100858;1501.2;10;11397805047;B
20241108;100858;1502.8;10;11397805052;B
20241108;100859;1501.8;20;11397805219;B
20241108;100859;1502;5;11397805220;B
20241108;100859;1502.4;5;11397805221;B
20241108;100859;1502.4;6;11397805240;B
20241108;100900;1500.8;9;11397805416;S
20241108;100901;1501.6;68;11397805592;B
20241108;100901;1501.6;22;11397805593;B
20241108;100901;1501.8;25;11397805594;B
20241108;100901;1501.8;27;11397805595;B
20241108;100901;1502;1;11397805596;B
20241108;100901;1502.2;10;11397805597;B
20241108;100901;1502.4;40;11397805598;B
20241108;100901;1502.4;7;11397805599;B
20241108;100902;1501.6;5;11397805779;B
20241108;100902;1502.2;41;11397805780;B
20241108;100902;1502.2;15;11397805781;B
20241108;100902;1502.2;19;11397805782;B
20241108;100903;1502.2;23;11397806001;B
20241108;100903;1502.4;43;11397806002;B
20241108;100903;1502.4;20;11397806003;B
20241108;100903;1502.6;10;11397806004;B
20241108;100903;1503;4;11397806005;B
20241108;100903;1502.8;40;11397806014;B
20241108;100904;1502.6;15;11397806886;B
20241108;100905;1502;25;11397807047;S
20241108;100905;1501.8;1;11397807048;S
20241108;100905;1501.6;10;11397807049;S
20241108;100905;1501.6;15;11397807050;S
20241108;100905;1501.6;20;11397807051;S
20241108;100905;1501.4;29;11397807073;B
20241108;100905;1502.6;51;11397807074;B
20241108;100905;1502.6;2;11397807075;B
20241108;100905;1503;62;11397807076;B
20241108;100906;1504;2;11397807087;B
20241108;100906;1503;2;11397807114;S
20241108;100906;1503;54;11397807117;S
20241108;100906;1501.4;23;11397807118;S
20241108;100906;1501.4;51;11397807119;S
20241108;100906;1501.4;2;11397807120;S
20241108;100906;1501.2;30;11397807121;S
20241108;100906;1501;4;11397807122;S
20241108;100906;1500.8;40;11397807123;S
20241108;100906;1500.6;183;11397807124;S
20241108;100906;1501;2;11397807350;S
20241108;100906;1500.8;23;11397807351;S
20241108;100906;1500.6;275;11397807352;S
20241108;100907;1500.6;15;11397807406;S
20241108;100908;1501;1;11397807585;S
20241108;100908;1500.8;15;11397807649;S
20241108;100909;1501;10;11397807854;S
20241108;100909;1500.8;12;11397807855;S
20241108;100909;1500.8;2;11397807856;S
20241108;100909;1500.6;326;11397807857;S
20241108;100909;1500.6;23;11397807902;S
20241108;100911;1501.8;2;11397808147;B
20241108;100912;1501.8;17;11397808434;B
20241108;100912;1501.2;2;11397808438;S
20241108;100912;1501;198;11397808439;S
20241108;100912;1501.8;1;11397808512;B
20241108;100914;1501.8;10;11397808805;B
20241108;100914;1502;20;11397808806;B
20241108;100914;1502.2;4;11397808807;B
20241108;100914;1502.2;20;11397808808;B
20241108;100914;1502.4;23;11397808809;B
20241108;100914;1502.6;20;11397808810;B
20241108;100914;1503.2;15;11397808811;B
20241108;100914;1503.2;51;11397808812;B
20241108;100914;1503.2;40;11397808813;B
20241108;100914;1503.8;51;11397808814;B
20241108;100914;1504;1;11397808815;B
20241108;100914;1504;1;11397808816;B
20241108;100914;1504;394;11397808817;B
20241108;100915;1502.6;20;11397808999;B
20241108;100915;1502.8;15;11397809000;B
20241108;100915;1501.4;1;11397809038;S
20241108;100916;1501.6;3;11397809213;S
20241108;100917;1502.8;5;11397809472;B
20241108;100917;1502.8;3;11397809473;B
20241108;100917;1503;8;11397809474;B
20241108;100918;1502.2;1;11397809717;S
20241108;100918;1501.6;5;11397809718;S
20241108;100921;1502.8;25;11397810378;B
20241108;100921;1502.8;25;11397810379;B
20241108;100921;1503;15;11397810380;B
20241108;100921;1503;26;11397810381;B
20241108;100921;1503;9;11397810382;B
20241108;100922;1502.8;33;11397810426;B
20241108;100922;1502.8;20;11397810427;B
20241108;100922;1503;11;11397810428;B
20241108;100922;1503.2;20;11397810429;B
20241108;100922;1503.2;20;11397810430;B
20241108;100922;1503.4;5;11397810431;B
20241108;100922;1503.6;2;11397810432;B
20241108;100922;1503.6;62;11397810433;B
20241108;100922;1503.8;2;11397810434;B
20241108;100922;1503.8;1;11397810435;B
20241108;100922;1503.8;49;11397810436;B
20241108;100922;1504;201;11397810437;B
20241108;100923;1502.6;1;11397810662;B
20241108;100923;1502.6;9;11397811334;B
20241108;100923;1503.4;16;11397811335;B
20241108;100924;1503;20;11397811567;B
20241108;100924;1503.2;20;11397811568;B
20241108;100925;1503.4;4;11397811968;B
20241108;100925;1503.6;62;11397811969;B
20241108;100925;1504;434;11397811970;B
20241108;100926;1504;15;11397812263;B
20241108;100926;1504;1;11397812264;B
20241108;100926;1504;75;11397812265;B
20241108;100926;1504;20;11397812369;S
20241108;100926;1504;47;11397812376;S
20241108;100926;1503.2;2;11397812377;S
20241108;100926;1503.2;4;11397812440;S
20241108;100928;1504;6;11397812899;B
20241108;100928;1504;50;11397812900;B
20241108;100928;1504;62;11397812901;B
20241108;100928;1504.2;182;11397812902;B
20241108;100929;1504.2;18;11397812958;B
20241108;100929;1504.8;40;11397812959;B
20241108;100929;1506;40;11397812960;B
20241108;100929;1506.4;5;11397812961;B
20241108;100929;1506.6;15;11397812962;B
20241108;100929;1506.6;15;11397812963;B
20241108;100929;1506.8;184;11397812964;B
20241108;100929;1507;50;11397812965;B
20241108;100929;1507.2;5;11397812966;B
20241108;100929;1507.2;66;11397812967;B
20241108;100929;1507.2;50;11397812968;B
20241108;100929;1507.6;12;11397812969;B
20241108;100930;1507.2;1;11397813202;B
20241108;100930;1507.2;2;11397813288;B
20241108;100931;1507.2;1;11397813501;B
20241108;100931;1505.2;1;11397813620;S
20241108;100933;1506;10;11397814057;B
20241108;100933;1507;90;11397814058;B
20241108;100935;1506.8;27;11397814313;B
20241108;100935;1507;10;11397814314;B
20241108;100935;1507;25;11397814315;B
20241108;100935;1507.2;20;11397814316;B
20241108;100935;1507.2;56;11397814317;B
20241108;100935;1507.2;25;11397814318;B
20241108;100935;1507.2;40;11397814319;B
20241108;100935;1507.4;22;11397814320;B
20241108;100936;1507.4;1;11397814593;B
20241108;100937;1507.4;20;11397814702;B
20241108;100937;1507.4;2;11397814902;B
20241108;100938;1507.4;1;11397814920;B
20241108;100938;1505.8;3;11397814927;S
20241108;100938;1507.4;41;11397815086;B
20241108;100940;1506.4;1;11397815471;B
20241108;100941;1505.2;1;11397815641;S
20241108;100941;1506.2;1;11397815696;B
20241108;100943;1506;9;11397816258;B
20241108;100944;1506;3;11397816369;B
20241108;100948;1506;8;11397816857;B
20241108;100948;1506;12;11397816858;B
20241108;100948;1506;10;11397816891;B
20241108;100949;1505.4;5;11397816980;S
20241108;100949;1505.2;10;11397816981;S
20241108;100950;1504.8;4;11397817183;S
20241108;100950;1504.6;16;11397817184;S
20241108;100951;1504.6;21;11397817387;S
20241108;100951;1504.4;28;11397817388;S
20241108;100951;1504.2;31;11397817389;S
20241108;100951;1505.2;2;11397817451;B
20241108;100951;1505.2;20;11397817496;B
20241108;100952;1505;2;11397817534;B
20241108;100956;1504.2;25;11397818537;S
20241108;100957;1504.2;5;11397819036;S
20241108;100957;1503.8;1;11397819037;S
20241108;100957;1503.4;20;11397819038;S
20241108;100957;1503.2;1;11397819039;S
20241108;100957;1503;10;11397819040;S
20241108;100957;1503;8;11397819041;S
20241108;100957;1503;18;11397819042;S
20241108;100957;1502.8;1;11397819125;S
20241108;100958;1502.6;29;11397819426;S
20241108;100958;1502.4;40;11397819427;S
20241108;100958;1502.2;12;11397819428;S
20241108;100958;1502;11;11397819429;S
20241108;100958;1502;9;11397819430;S
20241108;100958;1503;1;11397819516;B
20241108;101000;1502.8;5;11397819837;B
20241108;101000;1503;4;11397819838;B
20241108;101000;1503.2;4;11397819839;B
20241108;101000;1503.2;10;11397819840;B
20241108;101000;1504;1;11397819841;B
20241108;101000;1504.2;1;11397819842;B
20241108;101000;1504.2;28;11397819896;B
20241108;101000;1504.2;1;11397819897;B
20241108;101000;1504.4;20;11397819920;B
20241108;101000;1504.4;1;11397819921;B
20241108;101000;1504.4;19;11397819922;B
20241108;101000;1504.6;40;11397819923;B
20241108;101000;1504.8;10;11397819924;B
20241108;101000;1504.8;35;11397819925;B
20241108;101000;1504.8;3;11397819943;B
20241108;101001;1504.8;2;11397820367;B
20241108;101002;1504.2;171;11397820530;S
20241108;101002;1502.8;27;11397820531;S
20241108;101002;1502.8;51;11397820532;S
20241108;101002;1502.6;5;11397820533;S
20241108;101002;1502.6;40;11397820534;S
20241108;101002;1502.6;6;11397820535;S
20241108;101003;1504;2;11397820693;B
20241108;101003;1504;8;11397820694;B
20241108;101003;1502.8;1;11397820703;S
20241108;101004;1504;10;11397820757;B
20241108;101004;1504.4;40;11397820834;B
20241108;101004;1504.6;47;11397820835;B
20241108;101005;1504.6;3;11397821028;B
20241108;101008;1504.2;1;11397821488;B
20241108;101008;1504.4;15;11397821489;B
20241108;101008;1504.6;1;11397821490;B
20241108;101008;1504.6;18;11397821491;B
20241108;101009;1504.6;9;11397821548;B
20241108;101009;1504.8;41;11397821549;B
20241108;101014;1504.8;8;11397822703;B
20241108;101015;1504.8;2;11397822840;B
20241108;101017;1504.8;1;11397823267;B
20241108;101017;1504.8;8;11397823414;B
20241108;101017;1504.8;6;11397823415;B
20241108;101018;1504.8;5;11397823533;B
20241108;101019;1504.8;14;11397823707;B
20241108;101019;1504.8;3;11397823708;B
20241108;101019;1504.8;1;11397823709;B
20241108;101019;1505;10;11397823710;B
20241108;101019;1505;100;11397823711;B
20241108;101019;1505;177;11397823712;B
20241108;101019;1505;1;11397823713;B
20241108;101019;1504.6;1;11397823723;S
20241108;101020;1504.8;4;11397823971;B
20241108;101020;1505;38;11397823972;B
20241108;101021;1503.8;35;11397824281;S
20241108;101023;1505;3;11397824541;B
20241108;101025;1504.8;1;11397824923;B
20241108;101026;1504.4;1;11397825136;S
20241108;101026;1505;1;11397825211;B
20241108;101027;1505;81;11397825291;B
20241108;101027;1505;19;11397825292;B
20241108;101027;1505;5;11397825458;B
20241108;101029;1505;1;11397825760;B
20241108;101032;1504.8;5;11397826342;S
20241108;101032;1504.8;6;11397826343;S
20241108;101032;1505;8;11397826385;B
20241108;101032;1505;49;11397826419;B
20241108;101033;1505;1;11397826553;B
20241108;101033;1504.8;3;11397826608;S
20241108;101033;1504.8;10;11397826609;S
20241108;101033;1504.8;33;11397826610;S
20241108;101035;1504.8;1;11397827050;B
20241108;101036;1504.8;3;11397827241;B
20241108;101036;1504.8;1;11397827242;B
20241108;101036;1504.8;40;11397827243;B
20241108;101036;1504.8;10;11397827244;B
20241108;101036;1504.8;2;11397827245;B
20241108;101036;1505;117;11397827246;B
20241108;101036;1505;1;11397827247;B
20241108;101036;1505;25;11397827248;B
20241108;101036;1505;148;11397827249;B
20241108;101036;1505;2;11397827250;B
20241108;101036;1505;1;11397827251;B
20241108;101037;1503.6;9;11397827361;S
20241108;101039;1504.8;10;11397828045;B
20241108;101039;1504;12;11397828076;S
20241108;101039;1503.8;18;11397828077;S
20241108;101040;1503.8;22;11397828209;S
20241108;101040;1503.4;27;11397828210;S
20241108;101040;1503.4;17;11397828211;S
20241108;101040;1503.2;28;11397828212;S
20241108;101040;1503.2;6;11397828213;S
20241108;101041;1503.2;45;11397828382;S
20241108;101041;1503;155;11397828383;S
20241108;101042;1503;5;11397828636;S
20241108;101042;1503;9;11397828637;S
20241108;101042;1503.2;2;11397828682;S
20241108;101042;1503.2;2;11397828715;S
20241108;101045;1503.2;2;11397829360;S
20241108;101046;1503.2;2;11397829385;S
20241108;101047;1503.2;2;11397829610;S
20241108;101047;1504;4;11397829655;B
20241108;101047;1504;16;11397829656;B
20241108;101047;1503.2;15;11397829750;S
20241108;101047;1503;1;11397829751;S
20241108;101048;1503;7;11397829927;B
20241108;101049;1503;27;11397830015;B
20241108;101051;1503;3;11397830506;S
20241108;101051;1502.8;4;11397830507;S
20241108;101051;1502.8;1;11397830508;S
20241108;101051;1502.6;6;11397830509;S
20241108;101052;1502.6;14;11397830651;S
20241108;101052;1502.2;2;11397830652;S
20241108;101052;1502.2;8;11397830653;S
20241108;101052;1502.2;8;11397830769;S
20241108;101052;1502;36;11397830770;S
20241108;101052;1502;15;11397830771;S
20241108;101052;1502;5;11397830772;S
20241108;101052;1501.6;2;11397830773;S
20241108;101052;1501.6;40;11397830774;S
20241108;101052;1501.6;10;11397830775;S
20241108;101052;1501.4;40;11397830776;S
20241108;101052;1501.2;100;11397830777;S
20241108;101052;1501;2;11397830778;S
20241108;101052;1501;1;11397830779;S
20241108;101052;1501;1;11397830780;S
20241108;101052;1501;25;11397830781;S
20241108;101052;1501;215;11397830782;S
20241108;101053;1501.2;25;11397831154;S
20241108;101053;1501;50;11397831258;S
20241108;101053;1501;35;11397831268;S
20241108;101053;1500.6;10;11397831269;S
20241108;101053;1500.6;2;11397831270;S
20241108;101053;1500.4;5;11397831271;S
20241108;101053;1500.4;10;11397831272;S
20241108;101053;1500.2;10;11397831273;S
20241108;101053;1500;18;11397831274;S
20241108;101053;1500;26;11397831309;S
20241108;101053;1500;1;11397831310;S
20241108;101053;1500;10;11397831311;S
20241108;101053;1500;1;11397831312;S
20241108;101053;1500;100;11397831313;S
20241108;101053;1500;20;11397831314;S
20241108;101053;1500;10;11397831315;S
20241108;101053;1499.2;5;11397831316;S
20241108;101053;1498.6;27;11397831317;S
20241108;101054;1498.4;2;11397831665;S
20241108;101055;1500;25;11397831979;B
20241108;101055;1500.4;25;11397831980;B
20241108;101055;1500.4;20;11397831981;B
20241108;101055;1501;3;11397831982;B
20241108;101055;1501.6;27;11397831983;B
20241108;101059;1500.8;1;11397833117;B
20241108;101059;1499.4;10;11397833152;S
20241108;101059;1499.2;27;11397833153;S
20241108;101059;1499;3;11397833154;S
20241108;101100;1499;17;11397833660;S
20241108;101101;1499;50;11397833921;S
20241108;101104;1499;1;11397834624;S
20241108;101104;1499.2;1;11397834918;S
20241108;101104;1499;29;11397834919;S
20241108;101104;1498.4;64;11397834920;S
20241108;101104;1498.2;2;11397834921;S
20241108;101104;1498;15;11397834922;S
20241108;101104;1498;89;11397834923;S
20241108;101106;1498;11;11397835321;S
20241108;101106;1498;25;11397835322;S
20241108;101106;1498;14;11397835323;S
20241108;101109;1498;1;11397836044;S
20241108;101109;1499;2;11397836180;B
20241108;101109;1499;1;11397836181;B
20241108;101109;1499.6;3;11397836193;B
20241108;101109;1499;25;11397836317;S
20241108;101110;1499;57;11397836437;S
20241108;101110;1498;35;11397836438;S
20241108;101110;1498;208;11397836439;S
20241108;101111;1499.6;1;11397836558;B
20241108;101111;1499.6;1;11397836559;B
20241108;101111;1500;7;11397836560;B
20241108;101111;1500.2;4;11397836561;B
20241108;101111;1500.2;10;11397836562;B
20241108;101111;1500.4;4;11397836563;B
20241108;101111;1500.4;1;11397836564;B
20241108;101111;1500.6;2;11397836565;B
20241108;101111;1498.2;2;11397836566;S
20241108;101111;1498.2;20;11397836567;S
20241108;101111;1498;3;11397836568;S
20241108;101112;1498;50;11397836796;S
20241108;101112;1499.6;2;11397836811;B
20241108;101112;1500.2;7;11397836812;B
20241108;101118;1500.4;1;11397838329;B
20241108;101118;1500.8;1;11397838330;B
20241108;101118;1500.8;24;11397838331;B
20241108;101118;1501;1;11397838332;B
20241108;101118;1501.4;19;11397838333;B
20241108;101118;1501.8;2;11397838334;B
20241108;101118;1502;2;11397838335;B
20241108;101119;1502.6;42;11397838615;B
20241108;101119;1502.8;25;11397838616;B
20241108;101120;1502.8;15;11397838795;B
20241108;101120;1502.8;1;11397838796;B
20241108;101120;1503;6;11397838797;B
20241108;101121;1503.2;1;11397838981;B
20241108;101121;1500.8;10;11397839040;S
20241108;101121;1500.6;51;11397839041;S
20241108;101121;1500.4;19;11397839042;S
20241108;101121;1500.4;50;11397839043;S
20241108;101121;1500.2;2;11397839044;S
20241108;101121;1500;2;11397839045;S
20241108;101121;1500;500;11397839046;S
20241108;101121;1498.4;17;11397839047;S
20241108;101121;1498.4;49;11397839048;S
20241108;101125;1500.6;60;11397840093;S
20241108;101130;1501.8;2;11397841053;B
20241108;101130;1502;1;11397841054;B
20241108;101130;1502;19;11397841055;B
20241108;101130;1502.2;40;11397841056;B
20241108;101130;1502.8;51;11397841057;B
20241108;101130;1502.8;51;11397841058;B
20241108;101130;1502.8;38;11397841059;B
20241108;101130;1500.8;19;11397841151;S
20241108;101130;1500.8;51;11397841152;S
20241108;101130;1500.6;20;11397841153;S
20241108;101130;1500.6;10;11397841154;S
20241108;101131;1500.6;2;11397841332;S
20241108;101131;1500.6;2;11397841354;S
20241108;101133;1500.6;2;11397841687;S
20241108;101134;1500.6;134;11397841900;S
20241108;101134;1499.2;40;11397841901;S
20241108;101134;1499;51;11397841902;S
20241108;101134;1498.8;4;11397841903;S
20241108;101134;1498.6;2;11397841904;S
20241108;101134;1498.6;30;11397841905;S
20241108;101134;1498.4;513;11397841906;S
20241108;101134;1498.2;25;11397841907;S
20241108;101134;1498.2;1;11397841908;S
20241108;101135;1500;19;11397842039;B
20241108;101136;1498.2;2;11397842347;S
20241108;101138;1500.2;1;11397842897;B
20241108;101139;1500.2;29;11397843156;B
20241108;101139;1500.6;2;11397843157;B
20241108;101139;1500.6;4;11397843158;B
20241108;101139;1500.8;51;11397843159;B
20241108;101139;1500.8;51;11397843160;B
20241108;101139;1500.8;11;11397843161;B
20241108;101139;1500.8;40;11397843162;B
20241108;101139;1501;100;11397843163;B
20241108;101139;1501.8;50;11397843164;B
20241108;101139;1501.8;5;11397843165;B
20241108;101139;1502;157;11397843166;B
20241108;101140;1499.6;30;11397843403;S
20241108;101141;1500.2;5;11397843590;S
20241108;101142;1500.2;2;11397843695;B
20241108;101142;1500;3;11397843708;S
20241108;101144;1499.8;2;11397844407;B
20241108;101146;1499.4;3;11397844691;B
20241108;101146;1499.8;23;11397844692;B
20241108;101147;1500.2;1;11397844860;B
20241108;101147;1500;1;11397845040;S
20241108;101150;1500;1;11397845601;S
20241108;101151;1500;7;11397845764;B
20241108;101154;1498.6;2;11397846905;S
20241108;101155;1499;2;11397847202;B
20241108;101159;1498.6;2;11397848268;S
20241108;101204;1498.4;2;11397849537;S
20241108;101206;1498.6;4;11397849823;B
20241108;101207;1498.6;3;11397850079;B
20241108;101211;1498.4;1;11397850933;S
20241108;101211;1498.2;5;11397850934;S
20241108;101218;1498.6;1;11397852763;B
20241108;101220;1498.2;12;11397853136;S
20241108;101220;1498;4;11397853137;S
20241108;101220;1498;6;11397853138;S
20241108;101220;1498;5;11397853139;S
20241108;101220;1498;17;11397853140;S
20241108;101220;1498;6;11397853141;S
20241108;101221;1498;1;11397853612;S
20241108;101222;1498;16;11397853817;S
20241108;101222;1498;1;11397853818;S
20241108;101222;1497.6;20;11397853819;S
20241108;101222;1497.6;3;11397853820;S
20241108;101222;1497.6;2;11397853920;S
20241108;101224;1498;13;11397854130;B
20241108;101224;1498.6;58;11397854180;B
20241108;101224;1498.6;7;11397854181;B
20241108;101225;1498;13;11397854299;S
20241108;101225;1497.6;5;11397854300;S
20241108;101225;1497.6;5;11397854301;S
20241108;101225;1497.6;16;11397854306;S
20241108;101225;1497.4;10;11397854307;S
20241108;101225;1498.6;8;11397854308;B
20241108;101225;1498.6;12;11397854309;B
20241108;101225;1497.2;7;11397854379;S
20241108;101225;1497.2;44;11397854380;S
20241108;101225;1497.2;1;11397854381;S
20241108;101225;1497.2;3;11397854382;S
20241108;101225;1497.2;12;11397854383;S
20241108;101225;1497;10;11397854384;S
20241108;101225;1497;130;11397854385;S
20241108;101226;1498;1;11397854506;B
20241108;101226;1498.4;20;11397854507;B
20241108;101226;1498.6;10;11397854508;B
20241108;101226;1498.8;4;11397854509;B
20241108;101226;1498.8;51;11397854510;B
20241108;101226;1498.8;25;11397854511;B
20241108;101226;1499;40;11397854512;B
20241108;101226;1499;42;11397854513;B
20241108;101226;1499;46;11397854514;B
20241108;101226;1499;4;11397854515;B
20241108;101226;1497.6;50;11397854646;S
20241108;101232;1497.2;1;11397855712;S
20241108;101232;1497;3;11397855713;S
20241108;101232;1497;1;11397855714;S
20241108;101234;1497.2;20;11397856138;B
20241108;101234;1497.2;5;11397856139;B
20241108;101235;1497.6;20;11397856242;B
20241108;101235;1497.6;20;11397856352;B
20241108;101236;1498;1;11397856602;S
20241108;101236;1498.4;1;11397856707;B
20241108;101238;1498.4;4;11397857099;B
20241108;101238;1499;17;11397857100;B
20241108;101238;1499.6;10;11397857101;B
20241108;101238;1499.6;2;11397857102;B
20241108;101238;1499.8;1;11397857103;B
20241108;101238;1499.8;14;11397857104;B
20241108;101239;1499.8;1;11397857247;B
20241108;101241;1499.8;35;11397857566;B
20241108;101243;1499.8;1;11397858519;B
20241108;101243;1499.8;2;11397858520;B
20241108;101244;1499.8;1;11397858546;B
20241108;101245;1499.8;2;11397858833;B
20241108;101245;1499.8;24;11397858865;B
20241108;101249;1498.6;10;11397859974;S
20241108;101249;1498.6;2;11397859975;S
20241108;101249;1498.4;38;11397859976;S
20241108;101255;1498.2;1;11397861047;S
20241108;101256;1498.6;2;11397861307;B
20241108;101300;1498.4;1;11397862469;B
20241108;101300;1498.6;1;11397862470;B
20241108;101302;1498.6;5;11397862874;B
