<DATE>;<TIME>;<LAST>;<VOL>;<ID>;<OPER>
20241101;095947;1284.6;1;11370547748;B
20241101;095947;1284.6;1;11370547749;B
20241101;095947;1284.6;5;11370547750;B
20241101;095947;1284.6;7;11370547751;S
20241101;100001;1284.4;1;11370550176;S
20241101;100001;1284.4;10;11370550177;S
20241101;100003;1284.2;6;11370551257;S
20241101;100003;1283.2;4;11370551258;S
20241101;100024;1283.4;7;11370563456;B
20241101;100028;1283.2;30;11370564504;S
20241101;100028;1283.2;16;11370564506;S
20241101;100028;1283.2;1;11370564507;S
20241101;100029;1283;1;11370564907;S
20241101;100029;1283;74;11370564908;S
20241101;100030;1283;126;11370565045;S
20241101;100032;1282;1;11370565567;S
20241101;100032;1281.8;1;11370565568;S
20241101;100032;1281.8;2;11370565569;S
20241101;100036;1281.4;5;11370566450;B
20241101;100039;1281;1;11370567078;S
20241101;100044;1280.8;1;11370568212;B
20241101;100057;1281;3;11370571285;S
20241101;100059;1281.8;7;11370571532;B
20241101;100101;1282;2;11370572097;S
20241101;100107;1281.6;3;11370573767;B
20241101;100116;1282.4;30;11370575697;B
20241101;100116;1282.6;70;11370575698;B
20241101;100118;1281.8;23;11370576103;B
20241101;100118;1282.4;427;11370576104;B
20241101;100123;1281.6;3;11370577218;S
20241101;100132;1282.8;2;11370579679;B
20241101;100132;1283.4;7;11370579680;B
20241101;100135;1283.6;46;11370580278;B
20241101;100137;1284.6;30;11370580470;B
20241101;100137;1284.6;30;11370580471;B
20241101;100137;1284.6;30;11370580472;B
20241101;100137;1284.6;17;11370580473;B
20241101;100138;1284.8;40;11370580727;B
20241101;100140;1284.8;28;11370581150;B
20241101;100140;1285;30;11370581151;B
20241101;100140;1285.2;1;11370581152;B
20241101;100144;1287;1;11370581918;B
20241101;100144;1287.2;1;11370581919;B
20241101;100144;1287.2;40;11370581920;B
20241101;100144;1287.2;40;11370581921;B
20241101;100144;1287.2;155;11370581922;B
20241101;100144;1287.8;50;11370581923;B
20241101;100144;1288;6;11370581924;B
20241101;100144;1288.8;30;11370581925;B
20241101;100144;1289;30;11370581926;B
20241101;100144;1289;30;11370581927;B
20241101;100147;1289.8;3;11370582752;B
20241101;100157;1289.8;1;11370584938;B
20241101;100158;1289.8;1;11370585195;B
20241101;100215;1289.6;5;11370588901;B
20241101;100218;1289.2;4;11370589617;B
20241101;100220;1289;1;11370589873;S
20241101;100224;1289.6;6;11370590756;B
20241101;100247;1288.8;4;11370594654;S
20241101;100252;1288.8;4;11370595406;S
20241101;100253;1288.8;10;11370595468;S
20241101;100254;1288.8;1;11370595639;S
20241101;100256;1288.8;30;11370596008;S
20241101;100256;1288.8;30;11370596009;S
20241101;100256;1288.8;30;11370596010;S
20241101;100256;1288.8;30;11370596011;S
20241101;100257;1288.8;30;11370596173;S
20241101;100257;1288.8;8;11370596174;S
20241101;100308;1289.2;1;11370598043;B
20241101;100310;1289.4;1;11370598505;B
20241101;100324;1289.4;3;11370601336;B
20241101;100334;1289.4;1;11370603422;S
20241101;100404;1288;3;11370609046;B
20241101;100435;1286.6;23;11370613495;S
20241101;100445;1288;1;11370615565;B
20241101;100447;1288;1;11370615813;B
20241101;100447;1288;1;11370615814;B
20241101;100453;1286.8;12;11370616757;S
20241101;100457;1287.8;30;11370617448;B
20241101;100457;1288;10;11370617449;B
20241101;100503;1288;4;11370618488;B
20241101;100504;1288;2;11370618772;B
20241101;100512;1286.4;1;11370620531;S
20241101;100512;1286.4;24;11370620532;S
20241101;100516;1287.8;1;11370621633;B
20241101;100522;1287.8;2;11370622834;B
20241101;100528;1287.6;30;11370624519;B
20241101;100528;1287.8;5;11370624520;B
20241101;100528;1288;10;11370624521;B
20241101;100528;1288;12;11370624593;B
20241101;100528;1288.8;12;11370624594;B
20241101;100529;1288.8;3;11370624773;B
20241101;100529;1288.8;27;11370625007;B
20241101;100529;1289;11;11370625008;B
20241101;100529;1289.2;30;11370625009;B
20241101;100529;1289.6;36;11370625010;B
20241101;100529;1289.8;1;11370625011;B
20241101;100529;1289.8;1;11370625012;B
20241101;100529;1289.8;144;11370625013;B
20241101;100529;1287;1;11370625014;S
20241101;100530;1289.2;30;11370625083;B
20241101;100530;1289.4;1;11370625084;B
20241101;100530;1289.6;30;11370625085;B
20241101;100530;1289.8;139;11370625086;B
20241101;100530;1290;2;11370625089;B
20241101;100530;1290;28;11370625274;B
20241101;100530;1290;112;11370625275;B
20241101;100530;1290;93;11370625276;B
20241101;100530;1290;1000;11370625286;B
20241101;100531;1290;2;11370625313;B
20241101;100531;1290;212;11370625327;B
20241101;100531;1291.2;2;11370625328;B
20241101;100531;1291.2;5;11370625329;B
20241101;100531;1291.4;6;11370625330;B
20241101;100531;1291.8;60;11370625331;B
20241101;100531;1292;25;11370625332;B
20241101;100531;1292.4;6;11370625333;B
20241101;100531;1292.8;8;11370625334;B
20241101;100531;1293;10;11370625335;B
20241101;100531;1293;22;11370625336;B
20241101;100531;1293.6;532;11370625337;B
20241101;100531;1293.8;30;11370625338;B
20241101;100531;1293.6;1;11370625339;S
20241101;100531;1293.8;30;11370625340;B
20241101;100531;1293.8;30;11370625341;B
20241101;100531;1293.8;30;11370625342;B
20241101;100531;1293.8;28;11370625343;B
20241101;100531;1294;15;11370625346;B
20241101;100531;1294;3;11370625347;B
20241101;100531;1294;16;11370625348;B
20241101;100531;1294;3;11370625350;B
20241101;100531;1294;2;11370625352;B
20241101;100531;1293.8;1;11370625353;S
20241101;100531;1293.8;1;11370625354;S
20241101;100531;1293.8;4;11370625366;B
20241101;100531;1294;61;11370625370;B
20241101;100531;1294;8;11370625371;B
20241101;100531;1294;29;11370625372;B
20241101;100531;1294.8;3;11370625373;B
20241101;100531;1295;30;11370625374;B
20241101;100531;1295;70;11370625375;B
20241101;100531;1296;6;11370625376;B
20241101;100531;1296.8;37;11370625377;B
20241101;100531;1296.8;13;11370625378;B
20241101;100531;1297.6;187;11370625379;B
20241101;100532;1297.6;5;11370625478;S
20241101;100532;1295.4;3;11370625517;S
20241101;100532;1295.4;27;11370625561;S
20241101;100532;1295.2;12;11370625562;S
20241101;100532;1294.8;59;11370625563;S
20241101;100532;1294.6;40;11370625564;S
20241101;100532;1294.6;60;11370625565;S
20241101;100532;1294.4;30;11370625566;S
20241101;100532;1294.2;34;11370625567;S
20241101;100532;1297.6;59;11370625569;B
20241101;100532;1297.6;30;11370625570;B
20241101;100532;1297.8;30;11370625571;B
20241101;100532;1298;5;11370625572;B
20241101;100532;1298;1;11370625573;B
20241101;100532;1298;173;11370625574;B
20241101;100532;1298;40;11370625575;B
20241101;100532;1298.2;23;11370625576;B
20241101;100532;1298.2;60;11370625577;B
20241101;100532;1298.2;12;11370625578;B
20241101;100532;1298.4;100;11370625579;B
20241101;100532;1298.8;17;11370625580;B
20241101;100532;1298.8;30;11370625581;B
20241101;100532;1299;197;11370625582;B
20241101;100532;1299;38;11370625593;B
20241101;100532;1299;38;11370625613;B
20241101;100532;1299;24;11370625627;B
20241101;100532;1299.2;3;11370625628;B
20241101;100532;1299.6;34;11370625629;B
20241101;100532;1299.8;15;11370625630;B
20241101;100532;1300;70;11370625631;B
20241101;100532;1300;9;11370625632;B
20241101;100532;1300;21;11370625693;B
20241101;100532;1301;134;11370625694;B
20241101;100533;1299.4;30;11370625785;S
20241101;100533;1299.2;25;11370625786;S
20241101;100533;1300;10;11370625803;B
20241101;100533;1301;51;11370625804;B
20241101;100533;1301;15;11370625805;B
20241101;100533;1302;25;11370625806;B
20241101;100533;1302;100;11370625807;B
20241101;100533;1302.8;50;11370625809;S
20241101;100533;1302.8;1;11370625812;S
20241101;100533;1302.8;2;11370625814;S
20241101;100533;1302.8;20;11370625817;S
20241101;100533;1303;1;11370625848;S
20241101;100533;1302.8;26;11370625880;S
20241101;100533;1302.8;30;11370625881;S
20241101;100533;1301.4;34;11370625882;S
20241101;100533;1301.2;30;11370625883;S
20241101;100533;1301;16;11370625884;S
20241101;100534;1300;12;11370625933;B
20241101;100534;1298.8;2;11370625954;S
20241101;100534;1298.8;28;11370625986;S
20241101;100534;1298.6;6;11370625987;S
20241101;100534;1298.6;41;11370625988;S
20241101;100535;1297.6;30;11370626234;S
20241101;100535;1297.4;45;11370626235;S
20241101;100535;1296;23;11370626287;S
20241101;100535;1296;7;11370626294;S
20241101;100535;1295.8;13;11370626295;S
20241101;100535;1296.8;16;11370626307;B
20241101;100535;1297;84;11370626308;B
20241101;100535;1296;1;11370626352;S
20241101;100536;1296;75;11370626405;S
20241101;100536;1296.2;25;11370626446;B
20241101;100536;1296.2;30;11370626448;S
20241101;100536;1296.2;24;11370626449;B
20241101;100536;1296.8;86;11370626527;B
20241101;100536;1297;41;11370626528;B
20241101;100536;1297;125;11370626529;B
20241101;100536;1297.4;30;11370626530;B
20241101;100536;1297.6;50;11370626531;B
20241101;100536;1298;1;11370626532;B
20241101;100536;1298;30;11370626533;B
20241101;100536;1298.2;22;11370626534;B
20241101;100536;1299.2;30;11370626535;B
20241101;100536;1299.4;45;11370626536;B
20241101;100536;1299.6;25;11370626537;B
20241101;100536;1299.8;250;11370626538;B
20241101;100536;1299.8;65;11370626539;B
20241101;100537;1296;30;11370626632;S
20241101;100537;1295.8;20;11370626633;S
20241101;100537;1299.2;20;11370626643;B
20241101;100537;1299.4;6;11370626644;B
20241101;100538;1299.8;25;11370626935;B
20241101;100539;1299.6;30;11370627022;S
20241101;100539;1299.4;20;11370627023;S
20241101;100539;1299.6;10;11370627041;S
20241101;100539;1299.8;25;11370627108;B
20241101;100539;1299.8;2;11370627109;B
20241101;100540;1299.4;54;11370627235;S
20241101;100540;1298.4;8;11370627236;S
20241101;100540;1298.4;40;11370627237;S
20241101;100540;1298.2;60;11370627238;S
20241101;100540;1297.4;30;11370627239;S
20241101;100540;1297.2;6;11370627240;S
20241101;100540;1297;25;11370627451;B
20241101;100540;1297.2;13;11370627452;B
20241101;100541;1297.2;11;11370627503;B
20241101;100541;1297.2;28;11370627570;B
20241101;100541;1299.4;10;11370627571;B
20241101;100542;1297;8;11370627762;S
20241101;100542;1296.8;30;11370627784;S
20241101;100542;1296.6;2;11370627785;S
20241101;100542;1296.4;18;11370627786;S
20241101;100542;1299;2;11370627791;B
20241101;100543;1298.2;8;11370628058;B
20241101;100543;1298.4;2;11370628059;B
20241101;100544;1298.4;16;11370628217;B
20241101;100544;1298.6;59;11370628218;B
20241101;100544;1298.8;40;11370628219;B
20241101;100544;1299;23;11370628220;B
20241101;100544;1299.2;6;11370628221;B
20241101;100544;1299.2;60;11370628222;B
20241101;100544;1299.8;25;11370628223;B
20241101;100544;1299.8;2;11370628224;B
20241101;100544;1300;1;11370628225;B
20241101;100544;1299.4;6;11370628355;S
20241101;100544;1299;250;11370628484;B
20241101;100544;1299.8;4;11370628485;B
20241101;100544;1300;2;11370628486;B
20241101;100544;1301.6;30;11370628487;B
20241101;100544;1301.8;43;11370628488;B
20241101;100544;1302;5;11370628489;B
20241101;100544;1302;50;11370628490;B
20241101;100545;1300.8;25;11370628642;B
20241101;100545;1301;359;11370628643;B
20241101;100546;1301;187;11370628702;B
20241101;100546;1302;197;11370628703;B
20241101;100546;1300.2;30;11370628706;S
20241101;100546;1300.2;30;11370628707;B
20241101;100546;1300.2;30;11370628708;B
20241101;100546;1300.2;50;11370628812;B
20241101;100547;1300.2;30;11370628928;B
20241101;100547;1300.2;30;11370628929;B
20241101;100547;1300.2;25;11370628930;B
20241101;100547;1300.2;25;11370628942;B
20241101;100547;1300.2;5;11370628943;B
20241101;100547;1300.2;20;11370628945;B
20241101;100548;1301.4;30;11370629188;S
20241101;100548;1301.4;10;11370629189;S
20241101;100549;1302.2;25;11370629346;B
20241101;100549;1300;2;11370629420;S
20241101;100549;1299;1;11370629421;S
20241101;100552;1300.8;30;11370630025;B
20241101;100552;1301;25;11370630026;B
20241101;100552;1301.2;22;11370630027;B
20241101;100552;1301.4;33;11370630028;B
20241101;100552;1301.4;250;11370630029;B
20241101;100552;1302;30;11370630030;B
20241101;100552;1302.4;50;11370630031;B
20241101;100552;1302.8;1;11370630032;B
20241101;100552;1302.8;559;11370630033;B
20241101;100552;1300.6;59;11370630056;S
20241101;100552;1300.4;30;11370630057;S
20241101;100552;1300.2;6;11370630058;S
20241101;100552;1300;150;11370630059;S
20241101;100552;1300;5;11370630060;S
20241101;100553;1300.8;1;11370630344;B
20241101;100553;1302.2;5;11370630345;B
20241101;100553;1302.4;11;11370630346;B
20241101;100553;1302.4;6;11370630347;B
20241101;100553;1302.6;2;11370630348;B
20241101;100554;1302.6;57;11370630450;B
20241101;100554;1302.8;218;11370630451;B
20241101;100554;1303;1;11370630471;S
20241101;100555;1303.4;20;11370630807;B
20241101;100555;1303.6;80;11370630808;B
20241101;100556;1303.6;20;11370630966;B
20241101;100556;1304;5;11370630967;B
20241101;100557;1303.6;2;11370631122;B
20241101;100557;1304;5;11370631123;B
20241101;100557;1304;1;11370631124;B
20241101;100557;1304;6;11370631125;B
20241101;100557;1304.8;30;11370631126;B
20241101;100557;1304.8;6;11370631127;S
20241101;100559;1305;3;11370631701;B
20241101;100600;1304.8;1;11370631801;S
20241101;100600;1303.6;2;11370631802;S
20241101;100601;1304.6;5;11370632064;S
20241101;100602;1304.6;1;11370632227;S
20241101;100602;1303.6;23;11370632228;S
20241101;100602;1303.2;8;11370632229;S
20241101;100602;1303;20;11370632230;S
20241101;100602;1302.6;90;11370632265;B
20241101;100602;1304.4;10;11370632266;B
20241101;100603;1302.6;5;11370632390;S
20241101;100603;1304.8;10;11370632570;B
20241101;100603;1304.8;5;11370632571;B
20241101;100604;1305;4;11370632619;B
20241101;100604;1305;1;11370632651;B
20241101;100604;1305;1;11370632663;B
20241101;100604;1305;1;11370632682;B
20241101;100604;1305;1;11370632699;B
20241101;100604;1304.8;222;11370632749;S
20241101;100604;1304.4;1;11370632750;S
20241101;100604;1303.8;40;11370632751;S
20241101;100604;1303.8;1;11370632757;B
20241101;100605;1303.8;1;11370632804;B
20241101;100605;1303.8;1;11370632844;B
20241101;100605;1303.8;1;11370632871;B
20241101;100605;1303.8;5;11370632874;B
20241101;100605;1303.8;1;11370632887;B
20241101;100605;1303.8;1;11370632903;B
20241101;100605;1303.8;1;11370632981;B
20241101;100606;1303.8;1;11370633001;B
20241101;100606;1303.8;1;11370633017;B
20241101;100606;1303.8;1;11370633026;B
20241101;100606;1303.8;2;11370633039;B
20241101;100606;1303.8;1;11370633049;B
20241101;100606;1303.8;1;11370633070;B
20241101;100606;1303.8;1;11370633092;B
20241101;100606;1303.8;1;11370633183;B
20241101;100607;1303.8;1;11370633257;B
20241101;100607;1303.8;1;11370633277;B
20241101;100607;1303.8;1;11370633288;B
20241101;100607;1303.8;1;11370633313;B
20241101;100607;1303.8;1;11370633373;B
20241101;100607;1303.8;1;11370633414;B
20241101;100608;1303.8;1;11370633445;B
20241101;100608;1303.6;2;11370633456;S
20241101;100608;1303.8;1;11370633470;B
20241101;100608;1303.8;1;11370633505;B
20241101;100608;1303.6;10;11370633508;S
20241101;100608;1303.8;8;11370633509;B
20241101;100608;1303.8;1;11370633520;B
20241101;100609;1303.8;1;11370633643;B
20241101;100609;1303.8;1;11370633668;B
20241101;100609;1303.8;1;11370633684;B
20241101;100609;1303.8;1;11370633719;B
20241101;100609;1303.8;1;11370633753;B
20241101;100609;1303.8;1;11370633794;B
20241101;100610;1303.8;1;11370633831;B
20241101;100610;1303.8;1;11370633900;B
20241101;100611;1303.8;1;11370634117;B
20241101;100612;1303.8;1;11370634204;B
20241101;100613;1304;6;11370634525;B
20241101;100613;1304;1;11370634537;B
20241101;100614;1303.8;3;11370634792;S
20241101;100614;1302.6;6;11370634793;S
20241101;100614;1302.4;20;11370634794;S
20241101;100614;1302.2;25;11370634795;S
20241101;100614;1302.2;60;11370634796;S
20241101;100614;1302;45;11370634797;S
20241101;100615;1301.6;20;11370635072;B
20241101;100616;1301.6;20;11370635297;B
20241101;100616;1301.6;2;11370635304;B
20241101;100620;1301.6;1;11370636133;B
20241101;100620;1301.6;1;11370636212;B
20241101;100621;1301.6;1;11370636243;B
20241101;100621;1301.6;1;11370636273;B
20241101;100621;1301.6;1;11370636291;B
20241101;100621;1301.4;30;11370636301;S
20241101;100621;1301.2;20;11370636302;S
20241101;100621;1300.8;30;11370636303;S
20241101;100621;1300.8;20;11370636304;S
20241101;100621;1301.6;1;11370636306;B
20241101;100621;1301.6;10;11370636308;B
20241101;100621;1301;2;11370636316;S
20241101;100621;1301.6;1;11370636343;B
20241101;100622;1301.6;82;11370636437;B
20241101;100622;1303;6;11370636438;B
20241101;100622;1303.2;12;11370636439;B
20241101;100622;1300.8;30;11370636440;S
20241101;100622;1300.8;54;11370636441;S
20241101;100622;1300.6;82;11370636442;S
20241101;100623;1302.6;1;11370636639;B
20241101;100623;1302.6;1;11370636706;B
20241101;100624;1302.8;6;11370636741;B
20241101;100624;1303;19;11370636742;B
20241101;100624;1302.4;1;11370636770;B
20241101;100624;1301.8;2;11370636885;S
20241101;100626;1302.4;9;11370637072;B
20241101;100627;1303.2;33;11370637295;B
20241101;100628;1303.2;1;11370637382;S
20241101;100628;1304;18;11370637432;B
20241101;100631;1304;1;11370637957;S
20241101;100632;1304;134;11370638065;S
20241101;100632;1303.2;119;11370638066;S
20241101;100632;1302.4;31;11370638067;S
20241101;100632;1301.4;30;11370638068;S
20241101;100632;1301.4;6;11370638069;S
20241101;100632;1301.2;59;11370638070;S
20241101;100632;1301;12;11370638071;S
20241101;100632;1300.8;20;11370638072;S
20241101;100632;1300.8;24;11370638073;S
20241101;100632;1300.4;30;11370638074;S
20241101;100632;1300.2;6;11370638075;S
20241101;100632;1300;19;11370638076;S
20241101;100632;1299.8;42;11370638077;S
20241101;100632;1299.8;8;11370638078;S
20241101;100632;1299.2;1;11370638079;S
20241101;100632;1299;30;11370638080;S
20241101;100632;1298.8;429;11370638081;S
20241101;100633;1299.6;38;11370638392;S
20241101;100633;1299.2;387;11370638393;S
20241101;100634;1300.6;30;11370638545;B
20241101;100634;1300.8;6;11370638546;B
20241101;100634;1301.6;14;11370638547;B
20241101;100634;1301.2;6;11370638549;B
20241101;100634;1301;10;11370638642;B
20241101;100634;1301;3;11370638718;B
20241101;100640;1299.2;8;11370639550;S
20241101;100640;1299;42;11370639551;S
20241101;100642;1300.2;5;11370639768;B
20241101;100642;1300.2;25;11370639771;B
20241101;100642;1300.4;8;11370639772;B
20241101;100642;1300.4;27;11370639773;B
20241101;100642;1300.6;30;11370639774;B
20241101;100642;1300.8;1;11370639775;B
20241101;100642;1301.2;59;11370639776;B
20241101;100642;1301.4;38;11370639777;B
20241101;100642;1301.6;60;11370639778;B
20241101;100642;1301.6;30;11370639779;B
20241101;100642;1301.6;12;11370639780;B
20241101;100642;1301.8;78;11370639781;B
20241101;100642;1302.6;132;11370639782;B
20241101;100646;1300;2;11370640353;S
20241101;100646;1299.6;3;11370640354;S
20241101;100649;1299.2;2;11370640985;S
20241101;100652;1299.2;1;11370641434;S
20241101;100652;1299.2;3;11370641435;S
20241101;100652;1299.2;8;11370641436;S
20241101;100653;1299;1;11370641609;S
20241101;100654;1299;5;11370641901;S
20241101;100656;1299.2;1;11370642245;B
20241101;100657;1299.2;2;11370642312;B
20241101;100703;1299;14;11370643259;S
20241101;100703;1298.4;33;11370643260;S
20241101;100703;1298.2;3;11370643261;S
20241101;100703;1298.2;100;11370643262;S
20241101;100703;1298.2;35;11370643263;S
20241101;100704;1299.2;50;11370643353;B
20241101;100706;1299.2;2;11370643654;B
20241101;100709;1299.2;32;11370644146;B
20241101;100720;1299.2;1;11370645941;B
20241101;100721;1299.2;5;11370646079;B
20241101;100725;1298.2;13;11370646764;S
20241101;100725;1299.2;10;11370646811;B
20241101;100726;1298.2;1;11370646976;S
20241101;100726;1298.2;50;11370646977;S
20241101;100726;1298;1;11370646978;S
20241101;100726;1298;30;11370646979;S
20241101;100726;1298;15;11370646980;S
20241101;100726;1297.8;3;11370646981;S
20241101;100731;1298.8;2;11370647850;B
20241101;100732;1298.8;2;11370648004;B
20241101;100743;1297.8;47;11370650278;S
20241101;100743;1297.4;53;11370650279;S
20241101;100745;1297.4;6;11370650649;S
20241101;100745;1297.4;4;11370650650;S
20241101;100745;1297.2;65;11370650651;S
20241101;100750;1297.6;1;11370651846;S
20241101;100750;1297.2;2;11370651847;S
20241101;100751;1297.2;95;11370652026;S
20241101;100751;1297.2;5;11370652027;S
20241101;100754;1297.8;2;11370652669;B
20241101;100755;1297.8;1;11370652813;B
20241101;100759;1298.4;1;11370653598;B
20241101;100759;1298.4;1;11370653621;B
20241101;100807;1297.8;1;11370654888;B
20241101;100807;1297.6;2;11370654991;S
20241101;100807;1297.6;2;11370654992;S
20241101;100807;1297.6;2;11370654993;S
20241101;100807;1297.6;2;11370654994;S
20241101;100807;1297.6;2;11370654995;S
20241101;100807;1297.4;8;11370654996;S
20241101;100812;1297.4;1;11370655868;B
20241101;100812;1297.4;10;11370655877;B
20241101;100814;1297.2;4;11370656198;S
20241101;100818;1297.2;34;11370657037;S
20241101;100818;1297.2;4;11370657038;S
20241101;100822;1297.4;4;11370657851;B
20241101;100822;1297.8;2;11370657852;B
20241101;100822;1297.8;2;11370657853;B
20241101;100822;1297.8;1;11370657854;B
20241101;100822;1298;5;11370657855;B
20241101;100822;1298;20;11370657856;B
20241101;100822;1298.4;36;11370657857;B
20241101;100822;1298.6;6;11370657858;B
20241101;100830;1298.8;5;11370659583;B
20241101;100830;1299;4;11370659584;B
20241101;100831;1299;1;11370660016;B
20241101;100839;1298.8;30;11370661394;B
20241101;100839;1299;1;11370661395;B
20241101;100839;1299.2;19;11370661396;B
20241101;100848;1298.6;1;11370662697;S
20241101;100850;1299;2;11370663143;B
20241101;100850;1299.2;6;11370663144;B
20241101;100850;1299.2;7;11370663145;B
20241101;100852;1299.2;4;11370663498;B
20241101;100854;1298.6;42;11370663905;S
20241101;100907;1298.2;17;11370666568;S
20241101;100908;1298.2;13;11370666858;S
20241101;100908;1298;10;11370666859;S
20241101;100908;1297.8;2;11370666860;S
20241101;100927;1297.8;5;11370670219;S
20241101;100928;1297.8;5;11370670320;B
20241101;100928;1298.2;10;11370670321;B
20241101;100928;1298.2;1;11370670322;B
20241101;100928;1298.6;30;11370670323;B
20241101;100928;1298.8;2;11370670324;B
20241101;100928;1298.8;25;11370670325;B
20241101;100949;1298.6;15;11370673723;B
20241101;100952;1298.8;2;11370674554;B
20241101;101003;1298.8;57;11370676212;B
20241101;101003;1299;30;11370676213;B
20241101;101003;1299.2;13;11370676214;B
20241101;101009;1299;20;11370676911;B
20241101;101010;1299.2;1;11370677054;B
20241101;101010;1297.6;1;11370677055;S
20241101;101015;1298.6;2;11370677696;B
20241101;101016;1298.6;5;11370677791;B
20241101;101016;1299.2;25;11370677792;B
20241101;101016;1299.2;3;11370677793;B
20241101;101016;1299.6;30;11370677794;B
20241101;101016;1299.8;30;11370677795;B
20241101;101016;1299.8;34;11370677796;B
20241101;101016;1300;3;11370677797;B
20241101;101016;1300;4;11370677798;B
20241101;101016;1300;1;11370677799;B
20241101;101016;1300.2;40;11370677800;B
20241101;101016;1300.4;20;11370677801;B
20241101;101016;1300.4;5;11370677802;B
20241101;101022;1299;5;11370678577;B
20241101;101029;1299;5;11370679886;B
20241101;101030;1299;2;11370680149;S
20241101;101032;1299;5;11370680391;S
20241101;101033;1299.8;1;11370680531;B
20241101;101035;1299.8;1;11370680703;B
20241101;101035;1300;1;11370680704;B
20241101;101035;1300;33;11370680705;B
20241101;101035;1299;2;11370680711;S
20241101;101054;1299;6;11370683174;S
20241101;101054;1299;7;11370683175;S
20241101;101054;1299;27;11370683176;S
20241101;101055;1299;1;11370683250;S
20241101;101113;1299.8;1;11370685700;B
20241101;101151;1299.2;1;11370690152;S
20241101;101204;1299.2;1;11370691553;S
20241101;101204;1299.2;59;11370691554;S
20241101;101204;1299;40;11370691555;S
20241101;101204;1299;12;11370691672;S
20241101;101204;1299;155;11370691673;S
20241101;101211;1299.8;1;11370692397;B
20241101;101211;1299;145;11370692399;S
20241101;101214;1298.6;18;11370692827;S
20241101;101217;1298.8;2;11370693310;B
20241101;101224;1298.6;2;11370694014;S
20241101;101224;1297.4;1;11370694015;S
20241101;101224;1297.4;6;11370694016;S
20241101;101224;1297.2;15;11370694017;S
20241101;101229;1298.4;1;11370694811;B
20241101;101232;1297.2;8;11370695841;S
20241101;101234;1297.2;2;11370696170;S
20241101;101235;1297.2;7;11370696533;S
20241101;101237;1297.2;68;11370696753;S
20241101;101237;1297.2;2;11370696754;S
20241101;101237;1297;10;11370696755;S
20241101;101245;1298;30;11370698604;B
20241101;101301;1296.8;16;11370701049;S
20241101;101305;1297;4;11370701556;B
20241101;101312;1297;1;11370702360;B
20241101;101315;1296.8;28;11370702715;S
20241101;101315;1296.4;1;11370702716;S
20241101;101315;1296.2;10;11370702717;S
20241101;101315;1296;1;11370702718;S
20241101;101315;1295.8;9;11370702719;S
20241101;101316;1297;2;11370702831;B
20241101;101316;1297;2;11370702832;B
20241101;101320;1295.8;1;11370703402;S
20241101;101325;1295.8;1;11370704015;S
20241101;101326;1295.8;28;11370704088;S
20241101;101326;1295.8;31;11370704089;S
20241101;101326;1295.6;48;11370704090;S
20241101;101332;1295.6;2;11370705096;S
20241101;101332;1295.4;1;11370705097;S
20241101;101332;1295.2;40;11370705098;S
20241101;101332;1295;3;11370705099;S
20241101;101332;1295;54;11370705100;S
20241101;101335;1297;4;11370705455;B
20241101;101340;1296.8;2;11370706102;B
20241101;101340;1297;1;11370706103;B
20241101;101353;1296.2;1;11370707605;B
20241101;101353;1296.4;1;11370707606;B
20241101;101353;1296.6;59;11370707607;B
20241101;101353;1296.8;16;11370707608;B
20241101;101353;1296.8;45;11370707609;B
20241101;101353;1297;23;11370707610;B
20241101;101353;1297.4;6;11370707660;B
20241101;101353;1297.8;34;11370707661;B
20241101;101357;1297.8;1;11370708013;B
20241101;101400;1297;42;11370708340;S
20241101;101400;1297;13;11370708364;S
20241101;101400;1295.8;1;11370708365;S
20241101;101400;1295.8;1;11370708366;S
20241101;101400;1295.8;5;11370708367;S
20241101;101423;1297;4;11370710557;S
20241101;101429;1298;7;11370711175;B
20241101;101429;1298.2;3;11370711176;B
20241101;101431;1297;5;11370711418;S
20241101;101443;1297;1;11370712967;B
20241101;101447;1296.4;1;11370713304;S
20241101;101455;1296.4;5;11370714106;S
20241101;101502;1296.4;1;11370714937;S
20241101;101515;1297;1;11370719606;B
20241101;101515;1296.4;2;11370719645;S
20241101;101515;1296.4;5;11370719646;S
20241101;101522;1296.4;5;11370721801;S
20241101;101522;1296.2;2;11370721802;S
20241101;101522;1296;59;11370721803;S
20241101;101522;1296;30;11370721804;S
20241101;101522;1295.8;100;11370721805;S
20241101;101522;1295.8;4;11370721806;S
20241101;101522;1297;1;11370722107;B
20241101;101525;1296.4;20;11370722769;B
20241101;101534;1296.4;1;11370725078;B
20241101;101535;1295.2;6;11370725405;S
20241101;101535;1295.2;4;11370725406;S
20241101;101536;1295.2;10;11370725587;S
20241101;101543;1295;2;11370728264;S
20241101;101545;1296;6;11370728865;B
20241101;101552;1296;2;11370730336;B
20241101;101555;1295.2;7;11370731546;S
20241101;101557;1295;9;11370731892;S
20241101;101559;1295.2;20;11370732442;B
20241101;101600;1295;10;11370732697;S
20241101;101608;1295.2;2;11370734373;B
20241101;101616;1295;25;11370736046;S
20241101;101616;1295;5;11370736047;S
20241101;101616;1295;3;11370736048;S
20241101;101616;1295;20;11370736049;S
20241101;101616;1295;6;11370736050;S
20241101;101619;1295;25;11370736612;S
20241101;101622;1295.2;13;11370737261;B
20241101;101622;1295;3;11370737425;S
20241101;101622;1295;18;11370737426;S
20241101;101622;1295;46;11370737427;S
20241101;101622;1295;1;11370737428;S
20241101;101622;1295;2;11370737429;S
20241101;101624;1294.2;5;11370737705;S
20241101;101625;1293.2;60;11370737839;S
20241101;101625;1293;115;11370737840;S
20241101;101625;1293;46;11370737841;S
20241101;101625;1292;6;11370737842;S
20241101;101625;1292;1;11370737843;S
20241101;101625;1291.8;9;11370737844;S
20241101;101633;1294;4;11370739951;B
20241101;101634;1294;1;11370740653;B
20241101;101637;1294;4;11370741524;B
20241101;101637;1294;1;11370741525;B
20241101;101637;1294;20;11370741526;B
20241101;101637;1292.2;1;11370741527;S
20241101;101640;1292.4;3;11370742260;S
20241101;101640;1292.2;4;11370742261;S
20241101;101640;1292.2;59;11370742262;S
20241101;101640;1292;59;11370742263;S
20241101;101642;1293.6;1;11370742709;B
20241101;101644;1292.2;1;11370743083;S
20241101;101644;1292;19;11370743084;S
20241101;101647;1293.6;1;11370743707;B
20241101;101650;1293.2;5;11370744082;B
20241101;101652;1292.2;6;11370744635;S
20241101;101652;1292;22;11370744636;S
20241101;101652;1292;1;11370744637;S
20241101;101652;1291.8;9;11370744638;S
20241101;101652;1293.2;16;11370744701;B
20241101;101659;1292.2;1;11370747246;B
20241101;101659;1293.2;9;11370747247;B
20241101;101704;1291.8;91;11370748534;S
20241101;101704;1291;1;11370748535;S
20241101;101704;1290.4;8;11370748536;S
20241101;101718;1292.8;1;11370751866;B
20241101;101718;1293.2;10;11370751867;B
20241101;101718;1293.4;9;11370751868;B
20241101;101719;1293;1;11370752051;B
20241101;101719;1291.2;35;11370752140;S
20241101;101719;1291;15;11370752141;S
20241101;101720;1293;1;11370752198;B
20241101;101723;1291.2;1;11370752464;S
20241101;101723;1291.2;1;11370752465;S
20241101;101723;1291;14;11370752466;S
20241101;101723;1290.8;30;11370752467;S
20241101;101723;1290.6;30;11370752468;S
20241101;101723;1290.6;50;11370752469;S
20241101;101723;1290;20;11370752470;S
20241101;101723;1290;200;11370752471;S
20241101;101723;1290;100;11370752472;S
20241101;101723;1290;35;11370752473;S
20241101;101723;1289.2;30;11370752474;S
20241101;101723;1289;50;11370752475;S
20241101;101723;1289;70;11370752476;S
20241101;101723;1288.4;969;11370752477;S
20241101;101723;1288.6;30;11370752479;S
20241101;101723;1288.6;25;11370752480;S
20241101;101723;1288.4;195;11370752481;S
20241101;101723;1288.2;38;11370752574;S
20241101;101723;1288;1;11370752575;S
20241101;101723;1288;6;11370752576;S
20241101;101723;1287.8;55;11370752577;S
20241101;101724;1289.8;30;11370752687;B
20241101;101724;1289.8;20;11370752688;B
20241101;101726;1287.8;6;11370752844;S
20241101;101729;1289.2;1;11370753244;B
20241101;101730;1289.4;1;11370753335;S
20241101;101730;1289.2;37;11370753336;S
20241101;101730;1289.2;42;11370753337;S
20241101;101731;1289.2;25;11370753548;S
20241101;101733;1289.4;1;11370753881;B
20241101;101735;1289.8;5;11370754071;B
20241101;101738;1289.8;1;11370754357;B
20241101;101741;1289.6;2;11370754705;B
20241101;101741;1289.6;30;11370754706;B
20241101;101741;1289.8;6;11370754707;B
20241101;101742;1289.8;1;11370754828;B
20241101;101743;1289.4;7;11370754965;S
20241101;101743;1289.2;33;11370754966;S
20241101;101743;1288.4;43;11370754967;S
20241101;101743;1288;1;11370754968;S
20241101;101743;1288;1;11370754969;S
20241101;101743;1287.8;15;11370754970;S
20241101;101745;1289.4;2;11370755408;S
20241101;101748;1289.2;2;11370755768;B
20241101;101748;1289.4;1;11370755769;B
20241101;101757;1289;1;11370756802;B
20241101;101800;1289;1;11370757101;B
20241101;101801;1288.8;1;11370757379;B
20241101;101801;1289;1;11370757380;B
20241101;101802;1289;2;11370757483;B
20241101;101805;1288.8;1;11370758027;B
20241101;101805;1289;121;11370758028;B
20241101;101805;1289.4;38;11370758029;B
20241101;101814;1289.4;99;11370759578;S
20241101;101815;1289.6;3;11370759638;B
20241101;101820;1289.6;8;11370760346;B
20241101;101820;1289.6;30;11370760350;B
20241101;101824;1289.6;1;11370760790;B
20241101;101825;1289.4;67;11370760835;S
20241101;101839;1289.4;1;11370763079;S
20241101;101841;1289.6;6;11370763279;B
20241101;101844;1289.6;5;11370763721;B
20241101;101844;1289.6;30;11370763722;B
20241101;101844;1290;265;11370763723;B
20241101;101845;1290;1;11370763822;B
20241101;101846;1290;16;11370763894;B
20241101;101847;1290;20;11370764076;B
20241101;101848;1290;200;11370764206;B
20241101;101850;1290;100;11370764528;B
20241101;101915;1289.4;25;11370767965;S
20241101;101917;1289.4;4;11370768234;S
20241101;101922;1289.4;1;11370769010;S
20241101;101929;1290;3;11370770141;B
20241101;101929;1290;105;11370770142;B
20241101;101930;1289.4;1;11370770251;S
20241101;101933;1290.4;58;11370770661;B
20241101;101933;1290.6;150;11370770662;B
20241101;101933;1291.4;30;11370770663;B
20241101;101933;1291.6;60;11370770664;B
20241101;101933;1291.8;4;11370770665;B
20241101;101933;1291.8;59;11370770666;B
20241101;101933;1292;26;11370770667;B
20241101;101940;1292;2;11370771649;B
20241101;101942;1292;2;11370771845;B
20241101;101944;1292;2;11370772081;B
20241101;101948;1292;1;11370772605;B
20241101;102003;1292;1;11370774556;B
20241101;102009;1290.8;1;11370775305;S
20241101;102021;1292;1;11370777590;B
20241101;102022;1291;1;11370778074;S
20241101;102027;1292;1;11370780458;B
20241101;102032;1291;1;11370783308;S
20241101;102035;1292;200;11370785045;B
20241101;102039;1291.2;24;11370787610;B
20241101;102040;1291;1;11370787928;S
20241101;102044;1291.2;6;11370790335;B
20241101;102053;1291.2;1;11370795824;B
20241101;102054;1291.2;1;11370796534;B
20241101;102059;1291;1;11370799354;S
20241101;102104;1291.2;1;11370802415;B
20241101;102116;1291;11;11370808946;S
20241101;102116;1291;1;11370808947;S
20241101;102116;1290.2;59;11370808948;S
20241101;102124;1290;1;11370812746;S
20241101;102126;1290.2;1;11370813399;B
20241101;102126;1290.2;1;11370813495;B
20241101;102126;1290.2;1;11370813571;B
20241101;102127;1290.2;1;11370813963;B
20241101;102127;1290.2;1;11370814137;B
20241101;102145;1290;4;11370822127;S
20241101;102214;1290;95;11370830553;S
20241101;102214;1289.6;5;11370830554;S
20241101;102222;1289.6;1;11370832047;S
20241101;102228;1289.6;4;11370833040;B
20241101;102234;1290;1;11370833853;B
20241101;102238;1290;94;11370834285;B
20241101;102238;1291.2;10;11370834286;B
20241101;102238;1291.2;1;11370834287;B
20241101;102238;1291.4;5;11370834288;B
20241101;102238;1291.4;59;11370834289;B
20241101;102238;1291.6;25;11370834290;B
20241101;102238;1291.6;1;11370834291;B
20241101;102238;1291.8;305;11370834292;B
20241101;102300;1291.4;1;11370836911;B
20241101;102300;1291.6;10;11370836912;B
20241101;102309;1291.6;1;11370838061;S
20241101;102310;1291.8;1;11370838121;B
20241101;102320;1291.6;100;11370839735;S
20241101;102320;1291.8;70;11370839783;B
20241101;102320;1292;215;11370839784;B
20241101;102320;1292;5;11370839785;B
20241101;102320;1293;5;11370839786;B
20241101;102320;1293.8;1;11370839787;B
20241101;102320;1294;30;11370839788;B
20241101;102320;1294.2;10;11370839789;B
20241101;102320;1294.4;10;11370839790;B
20241101;102320;1294.6;10;11370839791;B
20241101;102320;1294.8;30;11370839792;B
20241101;102320;1295;20;11370839793;B
20241101;102320;1295.2;8;11370839794;B
20241101;102320;1295.2;86;11370839795;B
20241101;102321;1295.2;1;11370839852;B
20241101;102321;1295.2;2;11370839855;B
20241101;102322;1295;2;11370839916;B
20241101;102322;1295.2;11;11370839917;B
20241101;102322;1295.2;20;11370839918;B
20241101;102322;1295.2;25;11370839919;B
20241101;102322;1295.6;40;11370839920;B
20241101;102322;1295.8;30;11370839921;B
20241101;102322;1296;6;11370839922;B
20241101;102322;1297;2;11370839923;B
20241101;102322;1297.2;64;11370839924;B
20241101;102328;1297.2;30;11370840896;B
20241101;102328;1297.4;20;11370840897;B
20241101;102333;1297.4;1;11370841708;B
20241101;102333;1297.4;30;11370841709;B
20241101;102333;1297.8;30;11370841710;B
20241101;102333;1298;4;11370841711;B
20241101;102333;1298;35;11370841712;B
20241101;102341;1296.8;2;11370843027;B
20241101;102345;1296.8;4;11370843535;B
20241101;102355;1296;1;11370845186;B
20241101;102358;1296;1;11370845625;B
20241101;102402;1296;23;11370846103;B
20241101;102402;1296.2;102;11370846104;B
20241101;102403;1296.2;23;11370846186;B
20241101;102403;1296.6;10;11370846187;B
20241101;102403;1296.8;67;11370846188;B
20241101;102408;1296.2;1;11370846741;B
20241101;102409;1296.2;1;11370846907;B
20241101;102412;1296.2;8;11370847263;B
20241101;102412;1296.6;30;11370847264;B
20241101;102412;1296.8;45;11370847265;B
20241101;102415;1295.4;6;11370847620;S
20241101;102415;1293.8;4;11370847621;S
20241101;102417;1295.8;2;11370847872;B
20241101;102422;1294.2;6;11370848360;S
20241101;102422;1294.2;4;11370848361;S
20241101;102430;1295.6;6;11370849304;B
20241101;102432;1294;2;11370849682;S
20241101;102438;1295.6;4;11370850261;B
20241101;102438;1295.6;1;11370850262;B
20241101;102438;1295.8;2;11370850263;B
20241101;102438;1296;63;11370850264;B
20241101;102451;1296;4;11370851845;B
20241101;102456;1296;1;11370852628;B
20241101;102508;1296;2;11370854378;B
20241101;102510;1296;1;11370854784;B
20241101;102519;1296;50;11370856521;B
20241101;102529;1296;4;11370857980;B
20241101;102529;1296.8;6;11370857981;B
20241101;102529;1296.8;144;11370857982;B
20241101;102531;1297;1;11370858269;B
20241101;102547;1297;1;11370860204;B
20241101;102553;1297;19;11370861202;B
20241101;102553;1297;6;11370861203;B
20241101;102601;1297;3;11370862439;B
20241101;102610;1297;12;11370864094;B
20241101;102610;1297;1;11370864095;B
20241101;102610;1297.4;7;11370864096;B
20241101;102610;1297.4;10;11370864100;B
20241101;102620;1297.4;3;11370865998;B
20241101;102620;1297.4;14;11370865999;B
20241101;102626;1297.4;1;11370866927;B
20241101;102652;1297.2;2;11370871696;S
20241101;102653;1297;8;11370871757;B
20241101;102655;1297;1;11370871981;B
20241101;102704;1297;5;11370872951;B
20241101;102721;1297;16;11370874846;B
20241101;102737;1297.2;30;11370876385;S
20241101;102737;1297;270;11370876386;S
20241101;102741;1297.2;1;11370876753;S
20241101;102741;1297.4;10;11370876785;B
20241101;102741;1297.8;1;11370876786;B
20241101;102741;1298;9;11370876787;B
20241101;102746;1298;11;11370877241;B
20241101;102746;1298;89;11370877242;B
20241101;102758;1298;5;11370878680;B
20241101;102805;1298;4;11370879512;B
20241101;102821;1297.8;1;11370881926;S
20241101;102824;1297.8;1;11370882447;S
20241101;102830;1297.4;4;11370883221;S
20241101;102848;1297.4;26;11370885222;S
20241101;102848;1297.4;24;11370885223;S
20241101;102854;1298;3;11370885885;B
20241101;102917;1298;1;11370888097;B
20241101;102938;1298;2;11370890828;B
20241101;102945;1298;10;11370891745;B
20241101;102959;1298;1;11370893510;B
20241101;102959;1298;30;11370893515;B
20241101;103000;1297.6;2;11370893610;S
20241101;103000;1297.6;1;11370893611;S
20241101;103000;1297.6;1;11370893612;S
20241101;103000;1297.4;26;11370893613;S
20241101;103000;1297.4;20;11370893614;S
20241101;103005;1297.2;38;11370894556;S
20241101;103014;1297.2;3;11370896009;S
20241101;103018;1297.2;1;11370896440;S
20241101;103028;1298;3;11370898216;B
20241101;103039;1298;1;11370900702;B
20241101;103045;1298;1;11370901742;B
20241101;103047;1298;30;11370902080;B
20241101;103047;1298;1;11370902081;B
20241101;103047;1298;2;11370902082;B
20241101;103047;1298;1;11370902083;B
20241101;103047;1298.4;11;11370902084;B
20241101;103047;1298.4;10;11370902085;B
20241101;103047;1298.8;20;11370902086;B
20241101;103047;1298.8;42;11370902087;B
20241101;103047;1299;163;11370902088;B
20241101;103048;1297.8;1;11370902164;S
20241101;103051;1297.8;1;11370902969;S
20241101;103053;1299;105;11370903237;B
20241101;103053;1299;2;11370903238;B
20241101;103053;1299;44;11370903239;B
20241101;103053;1299;30;11370903240;B
20241101;103056;1299;3;11370903792;S
20241101;103057;1299.8;1;11370904051;B
20241101;103107;1299.8;9;11370905595;B
20241101;103107;1299.8;10;11370905596;B
20241101;103107;1299.8;4;11370905597;B
20241101;103107;1300;1;11370905598;B
20241101;103107;1300;2;11370905599;B
20241101;103107;1300;1;11370905600;B
20241101;103107;1300;9;11370905601;B
20241101;103107;1300;14;11370905635;S
20241101;103107;1300;25;11370905636;S
20241101;103111;1300;1;11370906329;B
20241101;103116;1300;1;11370907043;B
20241101;103119;1300;100;11370907763;B
20241101;103119;1300;2;11370907801;B
20241101;103121;1300;1;11370907914;B
20241101;103121;1299;1;11370908052;S
20241101;103125;1300;60;11370908723;B
20241101;103141;1299.2;25;11370911827;S
20241101;103141;1299;65;11370911828;S
20241101;103141;1299;10;11370911829;S
20241101;103141;1298.4;30;11370911830;S
20241101;103141;1298.2;45;11370911831;S
20241101;103141;1298;59;11370911832;S
20241101;103141;1298;16;11370911833;S
20241101;103143;1298;1;11370912024;S
20241101;103148;1298.2;1;11370912712;S
20241101;103148;1298.2;24;11370912713;S
20241101;103150;1299.6;1;11370912969;B
20241101;103150;1299.8;59;11370912970;B
20241101;103150;1300;46;11370912971;B
20241101;103150;1300;63;11370912972;B
20241101;103152;1300;20;11370913261;S
20241101;103154;1300;8;11370913533;S
20241101;103154;1300;3;11370913535;S
20241101;103202;1299.8;1;11370914883;B
20241101;103244;1298.4;1;11370921236;S
20241101;103245;1298.2;1;11370921266;S
20241101;103246;1299.6;1;11370921620;B
20241101;103253;1298.4;1;11370922457;S
20241101;103253;1298.2;1;11370922458;S
20241101;103300;1299.6;1;11370923464;B
20241101;103300;1299.8;16;11370923465;B
20241101;103300;1300;2;11370923466;B
20241101;103300;1300.2;1;11370923467;B
20241101;103303;1298.6;7;11370923815;S
20241101;103307;1300;1;11370924411;B
20241101;103307;1300.2;9;11370924412;B
20241101;103316;1300.2;1;11370925765;B
20241101;103322;1300.2;6;11370926513;B
20241101;103322;1300.2;2;11370926514;B
20241101;103333;1298.8;1;11370928165;S
20241101;103333;1298.8;2;11370928166;S
20241101;103338;1300;1;11370928967;B
20241101;103341;1300.2;5;11370929524;B
20241101;103341;1300.2;16;11370929525;B
20241101;103350;1300.4;20;11370931039;B
20241101;103350;1300.6;50;11370931040;B
20241101;103350;1300.8;1;11370931041;B
20241101;103350;1301;129;11370931042;B
20241101;103353;1300.8;4;11370931517;B
20241101;103357;1300.8;3;11370932189;B
20241101;103400;1300.8;5;11370932554;B
20241101;103406;1300.8;8;11370933273;B
20241101;103406;1301;20;11370933274;B
20241101;103406;1301.2;5;11370933275;B
20241101;103410;1301.2;1;11370933991;B
20241101;103411;1301.2;3;11370934106;B
20241101;103411;1301.2;10;11370934107;B
20241101;103411;1301.2;1;11370934108;B
20241101;103420;1301.6;30;11370935259;B
20241101;103429;1301.2;1;11370936298;S
20241101;103434;1301.6;23;11370937160;B
20241101;103441;1301.2;85;11370938313;S
20241101;103441;1300.6;1;11370938314;S
20241101;103441;1300.4;8;11370938315;S
20241101;103441;1300.4;1;11370938316;S
20241101;103441;1300.4;50;11370938317;S
20241101;103441;1300.2;38;11370938318;S
20241101;103441;1300.2;17;11370938319;S
20241101;103449;1300.2;33;11370940143;S
20241101;103449;1299.6;26;11370940144;S
20241101;103500;1300.2;3;11370941983;S
20241101;103501;1300.2;35;11370942180;B
20241101;103504;1300.2;10;11370942417;B
20241101;103505;1300.2;52;11370942511;B
20241101;103505;1301;1;11370942512;B
20241101;103505;1301.4;26;11370942513;B
20241101;103510;1301.6;47;11370943269;B
20241101;103510;1301.6;1;11370943270;B
20241101;103510;1301.6;1;11370943271;B
20241101;103510;1301.8;1;11370943272;B
20241101;103510;1302;6;11370943273;B
20241101;103511;1302;153;11370943601;B
20241101;103535;1300.6;1;11370947067;S
20241101;103535;1300.6;60;11370947068;S
20241101;103535;1300.4;1;11370947069;S
20241101;103535;1300.2;40;11370947070;S
20241101;103535;1300.2;18;11370947199;B
20241101;103535;1301.4;25;11370947200;B
20241101;103535;1301.8;5;11370947201;B
20241101;103535;1301.8;52;11370947202;B
20241101;103535;1300;32;11370947298;S
20241101;103547;1300.6;1;11370948562;B
20241101;103547;1301.6;1;11370948563;B
20241101;103547;1301.6;1;11370948564;B
20241101;103547;1301.6;7;11370948565;B
20241101;103550;1300.4;1;11370949126;S
20241101;103550;1300.2;1;11370949127;S
20241101;103550;1300;4;11370949128;S
20241101;103552;1301.4;1;11370949442;B
20241101;103555;1301.6;1;11370949784;B
20241101;103555;1301.6;1;11370949785;B
20241101;103555;1301.8;9;11370949786;B
20241101;103556;1300.2;1;11370950059;S
20241101;103556;1299.8;2;11370950060;S
20241101;103556;1299.6;10;11370950061;S
20241101;103556;1299.4;2;11370950062;S
20241101;103556;1300.4;1;11370950121;S
20241101;103601;1300;10;11370950961;S
20241101;103601;1299.8;9;11370950962;S
20241101;103602;1301.2;1;11370951148;B
20241101;103623;1301.2;1;11370954102;B
20241101;103635;1301.6;2;11370955871;B
20241101;103635;1301.6;8;11370955872;B
20241101;103700;1300.2;1;11370958332;S
20241101;103728;1300.8;3;11370961488;B
20241101;103730;1300.8;2;11370961697;B
20241101;103741;1300;5;11370962932;S
20241101;103745;1300;1;11370963230;S
20241101;103750;1300.6;2;11370963744;B
20241101;103750;1300.6;1;11370963745;B
20241101;103750;1300.8;3;11370963746;B
20241101;103805;1301;29;11370965525;B
20241101;103805;1301;47;11370965526;B
20241101;103809;1300.8;1;11370966044;S
20241101;103809;1300.2;1;11370966045;S
20241101;103809;1300;46;11370966046;S
20241101;103819;1300;27;11370967292;B
20241101;103819;1301;53;11370967293;B
20241101;103822;1301.6;20;11370967493;B
20241101;103822;1301.6;2;11370967494;B
20241101;103822;1301.6;6;11370967495;B
20241101;103822;1301.8;1;11370967496;B
20241101;103822;1301.8;40;11370967497;B
20241101;103822;1301.8;15;11370967498;B
20241101;103822;1302;116;11370967499;B
20241101;103826;1302;12;11370967827;B
20241101;103832;1302;1;11370968179;B
20241101;103834;1302;2;11370968329;B
20241101;103838;1301.2;1;11370968635;S
20241101;103838;1301.2;59;11370968636;S
20241101;103848;1301.2;9;11370969576;B
20241101;103848;1301;120;11370969592;S
20241101;103848;1301;124;11370969593;S
20241101;103854;1301;1;11370970250;B
20241101;103908;1301;5;11370971593;B
20241101;103908;1301.2;35;11370971594;B
20241101;103908;1301.2;1;11370971595;B
20241101;103908;1301.8;35;11370971596;B
20241101;103910;1301.8;24;11370971897;B
20241101;103910;1301.8;6;11370971898;B
20241101;103918;1301.8;1;11370972506;B
20241101;103920;1301.8;3;11370972672;B
20241101;103929;1301.8;1;11370973490;S
20241101;103929;1302;10;11370973548;B
20241101;103929;1302;1;11370973549;B
20241101;103929;1302;2;11370973550;B
20241101;103929;1302;6;11370973551;B
20241101;103929;1302;1;11370973552;B
20241101;103929;1302;38;11370973553;B
20241101;103934;1301.8;50;11370973979;S
20241101;103936;1301.8;45;11370974160;S
20241101;103942;1301.8;5;11370974672;B
20241101;103951;1301;12;11370975391;S
20241101;103954;1301.8;1;11370975612;B
20241101;104001;1301.8;30;11370976228;B
20241101;104004;1301.8;19;11370976505;B
20241101;104004;1301.8;2;11370976506;B
20241101;104004;1301.8;1;11370976507;B
20241101;104004;1301.8;50;11370976508;B
20241101;104020;1302;23;11370991958;B
20241101;104020;1302;4;11370991959;B
20241101;104020;1302.8;1;11370992156;B
20241101;104025;1302.8;1;11370997729;B
20241101;104027;1303;1;11371000176;B
20241101;104027;1303;1;11371000177;B
20241101;104031;1302.8;3;11371005886;B
20241101;104032;1302.8;47;11371006401;B
20241101;104032;1303;49;11371006402;B
20241101;104032;1303;25;11371006403;B
20241101;104032;1303;29;11371006404;B
20241101;104042;1303;11;11371018454;B
20241101;104042;1303;5;11371018528;B
20241101;104042;1303;5;11371018529;B
20241101;104042;1303;50;11371018530;B
20241101;104043;1303;1;11371019280;S
20241101;104048;1303;50;11371025614;S
20241101;104050;1303.2;25;11371027509;B
20241101;104055;1303;1;11371033611;S
20241101;104058;1303.2;1;11371036630;B
20241101;104058;1303;30;11371037203;S
20241101;104100;1303.2;24;11371039076;B
20241101;104100;1303.4;4;11371039077;B
20241101;104100;1303.4;10;11371039078;B
20241101;104100;1303.6;6;11371039079;B
20241101;104100;1303.6;6;11371039080;B
20241101;104100;1303.4;25;11371039190;B
20241101;104100;1303.6;22;11371039790;B
20241101;104100;1303.6;1;11371039791;B
20241101;104100;1303.6;1;11371039792;B
20241101;104100;1303.6;1;11371039793;B
20241101;104100;1303.8;75;11371039794;B
20241101;104106;1303.8;1;11371045304;B
20241101;104107;1303.2;1;11371046038;S
20241101;104118;1303.6;1;11371056106;B
20241101;104118;1303.6;1;11371056107;B
20241101;104120;1303.2;1;11371058744;S
20241101;104120;1303;2;11371058745;S
20241101;104120;1303;7;11371058746;S
20241101;104127;1303.2;1;11371065124;B
20241101;104134;1303.2;1;11371072318;B
20241101;104138;1303;1;11371077067;S
20241101;104141;1303.2;23;11371080804;B
20241101;104141;1303.6;1;11371080805;B
20241101;104141;1303.8;71;11371080806;B
20241101;104146;1303.8;3;11371086257;B
20241101;104146;1303.8;80;11371086275;B
20241101;104149;1303.2;1;11371089603;S
20241101;104149;1303;112;11371089604;S
20241101;104149;1303;16;11371089605;S
20241101;104156;1303;1;11371098075;B
20241101;104202;1302.8;1;11371104758;B
20241101;104202;1303;100;11371104759;B
20241101;104204;1303;1;11371107154;B
20241101;104205;1302.8;1;11371108548;S
20241101;104205;1302;1;11371108549;S
20241101;104205;1301.8;1;11371108550;S
20241101;104205;1301.8;25;11371108551;S
20241101;104205;1301.4;1;11371108552;S
20241101;104205;1301.4;6;11371108553;S
20241101;104205;1301.2;59;11371108554;S
20241101;104205;1301.2;4;11371108555;S
20241101;104206;1302.8;12;11371109383;B
20241101;104217;1302;153;11371120858;S
20241101;104220;1302;247;11371125228;S
20241101;104220;1301.2;40;11371125229;S
20241101;104220;1301;33;11371125230;S
20241101;104220;1301;60;11371125231;S
20241101;104220;1300.6;10;11371125232;S
20241101;104226;1302.2;1;11371131409;B
20241101;104226;1302.2;19;11371131410;B
20241101;104228;1302.4;14;11371133622;B
20241101;104228;1302.4;6;11371133623;B
20241101;104232;1302.4;1;11371138522;B
20241101;104249;1302.4;1;11371158313;B
20241101;104258;1302.4;3;11371168233;B
20241101;104315;1302.4;2;11371188391;B
20241101;104332;1301;1;11371207235;S
20241101;104343;1301;23;11371219671;B
20241101;104356;1301;1;11371235449;B
20241101;104359;1300.8;1;11371239021;S
20241101;104359;1300.8;242;11371239022;S
20241101;104359;1300.6;1;11371239023;S
20241101;104359;1300.4;25;11371239024;S
20241101;104359;1300.2;50;11371239025;S
20241101;104359;1300;81;11371239026;S
20241101;104400;1300.2;1;11371240020;S
20241101;104401;1301;2;11371240887;B
20241101;104403;1301;1;11371241802;B
20241101;104405;1300.8;1;11371244561;S
20241101;104405;1300.2;58;11371244562;S
20241101;104405;1300.2;25;11371244563;S
20241101;104405;1300;119;11371244564;S
20241101;104405;1300;40;11371244565;S
20241101;104405;1299.8;6;11371244566;S
20241101;104405;1299.6;30;11371244567;S
20241101;104405;1299.4;25;11371244568;S
20241101;104405;1299.2;30;11371244569;S
20241101;104405;1299.2;307;11371244570;S
20241101;104405;1299.2;1;11371244571;S
20241101;104405;1299;300;11371244572;S
20241101;104405;1298.8;18;11371244573;S
20241101;104405;1298.8;19;11371244574;S
20241101;104405;1298.8;100;11371244575;S
20241101;104405;1298.8;13;11371244576;S
20241101;104405;1298.6;140;11371244577;S
20241101;104422;1299.8;2;11371260499;B
20241101;104422;1299.8;30;11371260500;B
20241101;104422;1300.4;8;11371260501;B
20241101;104432;1300.2;1;11371270628;B
20241101;104433;1300.4;5;11371271454;B
20241101;104434;1299.4;1;11371273522;S
20241101;104443;1299.2;10;11371283899;B
20241101;104444;1299.2;2;11371284700;B
20241101;104445;1299.2;37;11371285951;B
20241101;104445;1300.2;59;11371285952;B
20241101;104445;1300.4;1;11371285953;B
20241101;104445;1300.6;51;11371285954;B
20241101;104445;1300.8;5;11371285955;B
20241101;104446;1300.8;25;11371287228;B
20241101;104446;1301;42;11371287229;B
20241101;104446;1301.2;40;11371287230;B
20241101;104446;1301.4;1;11371287231;B
20241101;104446;1301.6;142;11371287232;B
20241101;104447;1301.6;153;11371288602;B
20241101;104447;1301.6;1;11371288699;B
20241101;104454;1301.8;32;11371296899;B
20241101;104501;1301.8;38;11371305092;B
20241101;104504;1301.8;1;11371308207;B
20241101;104512;1301.8;73;11371317019;B
20241101;104512;1302;27;11371317020;B
20241101;104513;1301.8;3;11371318398;B
20241101;104513;1301.8;4;11371318591;B
20241101;104519;1302;50;11371324351;B
20241101;104519;1302;30;11371324352;B
20241101;104519;1302.2;50;11371324353;B
20241101;104519;1302.2;30;11371324354;B
20241101;104519;1302.4;50;11371324355;B
20241101;104519;1302.6;5;11371324356;B
20241101;104535;1302.2;1;11371344145;B
20241101;104535;1302.4;99;11371344146;B
20241101;104542;1302.4;60;11371352528;B
20241101;104544;1301.4;1;11371355176;S
20241101;104544;1301.4;1;11371355177;S
20241101;104544;1301.2;1;11371355178;S
20241101;104544;1301;1;11371355179;S
20241101;104544;1301;6;11371355180;S
20241101;104547;1302.4;1;11371358245;B
20241101;104547;1302.4;2;11371358246;B
20241101;104558;1302.2;1;11371371347;B
20241101;104559;1302.4;5;11371372260;B
20241101;104601;1302.4;5;11371374428;B
20241101;104601;1302.4;3;11371374429;B
20241101;104604;1302.2;1;11371378640;B
20241101;104605;1302.2;2;11371380191;B
20241101;104609;1302.2;2;11371384954;B
20241101;104614;1301.4;1;11371390267;S
20241101;104615;1301.4;5;11371391341;S
20241101;104615;1301.4;5;11371391342;S
20241101;104615;1301.2;10;11371391343;S
20241101;104627;1301.8;38;11371404938;B
20241101;104627;1302.2;31;11371404939;B
20241101;104627;1302.4;25;11371404940;B
20241101;104627;1302.6;6;11371404941;B
20241101;104629;1301.2;9;11371407246;S
20241101;104638;1301.8;1;11371418251;B
20241101;104638;1302.2;8;11371418252;B
20241101;104649;1302.2;1;11371430776;B
20241101;104653;1301.2;5;11371433890;S
20241101;104717;1301.2;2;11371456593;S
20241101;104720;1301.2;2;11371459296;S
20241101;104722;1300.6;2;11371462182;S
20241101;104722;1300.4;6;11371462183;S
20241101;104722;1300.4;8;11371462184;S
20241101;104722;1300;42;11371462185;S
20241101;104734;1300.2;59;11371476386;S
20241101;104734;1300;58;11371476387;S
20241101;104734;1300;30;11371476388;S
20241101;104743;1300;1;11371486501;B
20241101;104748;1299.8;1;11371492619;B
20241101;104820;1299.8;2;11371527853;B
20241101;104821;1300;2;11371529269;B
20241101;104831;1300;62;11371540643;B
20241101;104833;1300;4;11371543532;B
20241101;104834;1300;1;11371543635;B
20241101;104836;1299.4;1;11371546984;S
20241101;104836;1299.2;50;11371546985;S
20241101;104836;1299;1;11371546986;S
20241101;104836;1298.6;2;11371546987;S
20241101;104836;1298.6;2;11371546988;S
20241101;104836;1298.4;16;11371546989;S
20241101;104836;1298.4;25;11371546990;S
20241101;104836;1298.4;15;11371546991;S
20241101;104838;1299.8;2;11371548375;B
20241101;104840;1299.8;10;11371551287;B
20241101;104854;1299.6;20;11371567228;B
20241101;104901;1298.8;59;11371575798;S
20241101;104901;1298.8;12;11371575799;S
20241101;104901;1298.8;1;11371575800;S
20241101;104901;1298.6;30;11371575801;S
20241101;104901;1298.4;2;11371575802;S
20241101;104906;1298.6;20;11371581806;S
20241101;104906;1298.4;8;11371581807;S
20241101;104906;1298.4;2;11371581808;S
20241101;104906;1298.4;60;11371581809;S
20241101;104906;1298.2;10;11371581810;S
20241101;104918;1298.2;100;11371595005;S
20241101;104919;1298.2;100;11371596749;S
20241101;104924;1298.2;97;11371601675;S
20241101;104935;1297.6;1;11371615747;S
20241101;104935;1297.6;4;11371615748;S
20241101;104940;1297.6;21;11371622355;S
20241101;104940;1297.6;10;11371622356;S
20241101;105004;1298.2;1;11371645514;B
20241101;105026;1297.6;3;11371668795;S
20241101;105037;1298.2;33;11371682038;B
20241101;105054;1298.2;22;11371701350;B
20241101;105110;1297.6;10;11371719017;S
20241101;105131;1298;1;11371743692;B
20241101;105151;1298.2;21;11371767770;B
20241101;105207;1298.2;2;11371786121;B
20241101;105223;1298.2;1;11371804570;B
20241101;105223;1297.6;1;11371804572;S
20241101;105223;1297.4;12;11371804573;S
20241101;105223;1297.4;2;11371804574;S
20241101;105223;1298.2;2;11371805498;B
20241101;105233;1298.2;72;11371817528;B
20241101;105233;1298.4;25;11371817529;B
20241101;105233;1298.8;48;11371817530;B
20241101;105233;1299;50;11371817531;B
20241101;105257;1299.6;1;11371840195;B
20241101;105258;1299.6;1;11371841287;B
20241101;105311;1299.6;2;11371855733;B
20241101;105311;1299.6;6;11371855734;B
20241101;105311;1299.8;4;11371855735;B
20241101;105311;1299.8;59;11371855736;B
20241101;105311;1300;29;11371855737;B
20241101;105313;1299.2;59;11371858235;S
20241101;105313;1299.2;21;11371858236;S
20241101;105325;1299.8;59;11371872294;B
20241101;105325;1300;41;11371872295;B
20241101;105330;1299.4;1;11371877370;S
20241101;105337;1299.6;1;11371885305;B
20241101;105337;1299.8;1;11371885306;B
20241101;105337;1300;3;11371885307;B
20241101;105339;1300;1;11371888514;B
20241101;105343;1300;100;11371892372;B
20241101;105356;1299.2;25;11371908378;S
20241101;105356;1299.2;25;11371908379;S
20241101;105356;1299.2;59;11371908380;S
20241101;105356;1299;91;11371908381;S
20241101;105403;1299.8;59;11371916956;B
20241101;105403;1300;41;11371916957;B
20241101;105410;1299.8;5;11371924649;B
20241101;105411;1299.4;2;11371925437;S
20241101;105412;1299.8;1;11371927880;B
20241101;105422;1299.2;59;11371938507;S
20241101;105422;1299;201;11371938508;S
20241101;105427;1299;250;11371944752;S
20241101;105427;1299;23;11371944756;S
20241101;105429;1299;5;11371947464;S
20241101;105444;1299;1;11371965663;S
20241101;105444;1299.6;5;11371966931;B
20241101;105445;1299;1;11371968006;S
20241101;105503;1299;1;11371988594;S
20241101;105509;1299;7;11371995878;S
20241101;105524;1299.4;1;11372013295;B
20241101;105528;1299;10;11372017051;S
20241101;105533;1299.4;2;11372022595;B
20241101;105544;1299;1;11372032459;S
20241101;105603;1299.2;1;11372053561;B
20241101;105623;1299.6;1;11372076067;B
20241101;105634;1298.4;1;11372082477;S
20241101;105648;1298.2;1;11372084130;S
20241101;105648;1298;1;11372084131;S
20241101;105648;1298;21;11372084132;S
20241101;105658;1299.6;3;11372085244;B
20241101;105720;1299.6;5;11372088039;B
20241101;105739;1299;1;11372090316;B
20241101;105740;1298.4;1;11372090335;S
20241101;105740;1298;6;11372090336;S
20241101;105819;1299;2;11372095133;B
20241101;105821;1298;1;11372095399;S
20241101;105841;1298;5;11372097960;S
20241101;105921;1298.8;1;11372103588;B
20241101;105931;1299;7;11372104787;B
20241101;105936;1299;98;11372105753;S
20241101;105936;1299;84;11372105781;S
20241101;105938;1299.4;3;11372106281;B
20241101;105946;1299.4;1;11372108030;B
20241101;105954;1299.4;1;11372109366;B
20241101;110003;1299.2;1;11372110432;B
20241101;110007;1299.2;4;11372111356;B
20241101;110007;1299.4;17;11372111357;B
20241101;110007;1299.4;19;11372111358;B
20241101;110007;1299.6;1;11372111359;B
20241101;110009;1299.2;1;11372111874;S
20241101;110009;1299;19;11372111875;S
20241101;110018;1299;10;11372113236;S
20241101;110022;1299.6;1;11372113717;B
20241101;110022;1299.6;1;11372113718;B
20241101;110022;1300;33;11372113719;B
20241101;110022;1300;4;11372113720;B
20241101;110027;1300;1;11372114607;B
20241101;110050;1300;1;11372117393;B
20241101;110053;1300;8;11372117715;B
20241101;110053;1300;30;11372117716;B
20241101;110053;1300;1;11372117717;B
20241101;110053;1300;19;11372117718;B
20241101;110053;1300.4;1;11372117719;B
20241101;110053;1300.6;9;11372117720;B
20241101;110053;1300.4;5;11372117722;B
20241101;110056;1300.4;1;11372118092;B
20241101;110133;1300;2;11372122222;B
20241101;110147;1300.4;1;11372124653;B
20241101;110241;1300.4;22;11372133635;B
20241101;110406;1300.2;1;11372149795;S
20241101;110415;1300;4;11372151733;S
20241101;110415;1300.2;2;11372151773;B
20241101;110427;1300.2;1;11372155156;B
20241101;110457;1300.2;1;11372161860;B
20241101;110458;1300;8;11372161993;S
20241101;110508;1300;1;11372163572;S
20241101;110511;1300;25;11372164247;S
20241101;110511;1299.4;25;11372164248;S
20241101;110511;1299;20;11372164249;S
20241101;110511;1298.8;1;11372164250;S
20241101;110511;1298.6;6;11372164251;S
20241101;110511;1298.6;6;11372164252;S
20241101;110511;1298.6;9;11372164253;S
20241101;110511;1298.4;33;11372164254;S
20241101;110540;1298.4;1;11372170548;B
20241101;110549;1298;2;11372174277;S
20241101;110551;1298.2;1;11372174636;B
20241101;110553;1298.2;1;11372175109;B
20241101;110554;1298.2;4;11372175348;B
20241101;110600;1298;10;11372176958;S
20241101;110600;1298;2;11372176959;S
20241101;110600;1297.6;2;11372176960;S
20241101;110600;1297.6;30;11372176961;S
20241101;110600;1297.4;5;11372176962;S
20241101;110600;1297.4;1;11372176963;S
20241101;110600;1297.4;1;11372176964;S
20241101;110600;1297.4;40;11372176965;S
20241101;110600;1297.2;60;11372176966;S
20241101;110600;1297.2;5;11372176967;S
20241101;110600;1297.2;6;11372176968;S
20241101;110600;1297.2;30;11372176970;B
20241101;110603;1297;1;11372177755;S
20241101;110608;1297.2;45;11372178685;S
20241101;110608;1297;13;11372178686;S
20241101;110610;1297;30;11372179012;S
20241101;110616;1297;306;11372180022;S
20241101;110620;1297;25;11372181021;S
20241101;110623;1297;339;11372181415;S
20241101;110623;1297;40;11372181416;S
20241101;110623;1297;1;11372181417;S
20241101;110623;1297;386;11372181418;S
20241101;110623;1297;20;11372181419;S
20241101;110623;1297;100;11372181420;S
20241101;110623;1296.4;100;11372181421;S
20241101;110623;1296.2;40;11372181422;S
20241101;110623;1296;5;11372181423;S
20241101;110623;1295.6;30;11372181424;S
20241101;110623;1295.4;20;11372181425;S
20241101;110623;1295;10;11372181426;S
20241101;110623;1295;9;11372181427;S
20241101;110637;1295;2;11372183735;S
20241101;110706;1295.4;1;11372190811;S
20241101;110706;1295;1;11372190812;S
20241101;110706;1295;2;11372190813;S
20241101;110709;1295;1;11372191506;S
20241101;110724;1295.6;1;11372193997;B
20241101;110728;1295;47;11372194669;S
20241101;110728;1295;1;11372194670;S
20241101;110728;1295;20;11372194671;S
20241101;110728;1295;22;11372194672;S
20241101;110728;1294;3;11372194673;S
20241101;110728;1294;8;11372194674;S
20241101;110728;1293.8;50;11372194675;S
20241101;110728;1293.6;3;11372194676;S
20241101;110728;1293.6;30;11372194677;S
20241101;110728;1293.4;50;11372194678;S
20241101;110728;1293.4;602;11372194679;S
20241101;110728;1293.2;1000;11372194680;S
20241101;110728;1293.2;5;11372194681;S
20241101;110728;1293;2;11372194682;S
20241101;110728;1293;1;11372194683;S
20241101;110728;1293;15;11372194684;S
20241101;110728;1292.8;40;11372194685;S
20241101;110728;1292.6;30;11372194686;S
20241101;110728;1292.4;390;11372194687;S
20241101;110728;1292.2;72;11372194688;S
20241101;110729;1293.6;5;11372194738;B
20241101;110735;1293.4;3;11372195943;B
20241101;110738;1292.2;20;11372196312;S
20241101;110756;1293.2;1;11372199096;B
20241101;110801;1293.4;3;11372199714;B
20241101;110801;1293.4;2;11372199777;B
20241101;110804;1293.4;1;11372200259;B
20241101;110818;1292.2;1;11372204418;S
20241101;110828;1293.4;10;11372206044;B
20241101;110834;1293.4;1;11372207284;B
20241101;110837;1293.4;17;11372207874;B
20241101;110842;1293.4;1;11372208582;B
20241101;110902;1293;30;11372212676;B
20241101;110902;1293;40;11372212677;B
20241101;110902;1293;23;11372212678;B
20241101;110902;1293.2;1;11372212679;B
20241101;110902;1293.6;30;11372212680;B
20241101;110902;1294;30;11372212681;B
20241101;110902;1294;59;11372212682;B
20241101;110902;1294;7;11372212683;B
20241101;110902;1294.2;30;11372212684;B
20241101;110902;1294.2;250;11372212685;B
20241101;110907;1295;1;11372213618;B
20241101;110923;1294.6;1;11372216542;B
20241101;110942;1295;1;11372219725;B
20241101;110948;1295.2;1;11372220515;B
20241101;110956;1295.2;3;11372221799;S
20241101;111004;1295.6;8;11372223223;B
20241101;111015;1295.6;1;11372225043;B
20241101;111031;1295.4;2;11372227899;B
20241101;111044;1295.4;2;11372230152;B
20241101;111044;1295.2;3;11372230175;S
20241101;111044;1295.4;1;11372230257;B
20241101;111046;1295.4;1;11372230497;B
20241101;111051;1295.2;1;11372231464;S
20241101;111051;1295.2;1;11372231465;S
20241101;111053;1295.2;35;11372231968;B
20241101;111053;1295.4;15;11372231969;B
20241101;111056;1295.4;6;11372232550;B
20241101;111120;1295.4;1;11372237338;B
20241101;111123;1295.4;1;11372237841;B
20241101;111137;1295.4;22;11372241141;B
20241101;111204;1294.8;30;11372246623;B
20241101;111204;1295;1;11372246624;B
20241101;111204;1295.2;30;11372246625;B
20241101;111204;1295.4;45;11372246626;B
20241101;111204;1295.6;19;11372246627;B
20241101;111232;1295.4;20;11372251700;B
20241101;111239;1294.4;1;11372252899;S
20241101;111239;1294.2;1;11372252900;S
20241101;111248;1295.4;1;11372254366;B
20241101;111258;1294.4;1;11372255968;S
20241101;111258;1294.2;1;11372255969;S
20241101;111311;1295.2;1;11372258261;B
20241101;111328;1294.2;4;11372261226;S
20241101;111328;1294.2;1;11372261227;S
20241101;111328;1295.4;1;11372261335;B
20241101;111339;1295.4;2;11372263034;B
20241101;111340;1294.4;1;11372263148;S
20241101;111340;1294.4;12;11372263149;S
20241101;111340;1294.2;10;11372263150;S
20241101;111406;1295;1;11372268968;B
20241101;111409;1294.8;1;11372269497;B
20241101;111410;1295;4;11372269906;B
20241101;111414;1295;18;11372270603;B
20241101;111414;1295;8;11372270627;B
20241101;111426;1294.2;10;11372273156;S
20241101;111426;1294.2;1;11372273157;S
20241101;111449;1293.6;1;11372279706;S
20241101;111449;1293.4;20;11372279707;S
20241101;111449;1293.4;1;11372279708;S
20241101;111453;1294;2;11372280608;B
20241101;111504;1294;1;11372283420;B
20241101;111504;1294;1;11372283438;B
20241101;111519;1293.6;12;11372286906;S
20241101;111519;1293.4;5;11372286907;S
20241101;111519;1293.2;20;11372286908;S
20241101;111519;1293;1;11372286909;S
20241101;111519;1293;1;11372286910;S
20241101;111519;1292.8;11;11372286911;S
20241101;111519;1292.6;50;11372287045;S
20241101;111532;1292.8;1;11372289655;S
20241101;111532;1292.6;6;11372289656;S
20241101;111536;1292.6;3;11372290511;S
20241101;111536;1292.4;25;11372290512;S
20241101;111536;1292.2;7;11372290513;S
20241101;111536;1292.2;30;11372290514;S
20241101;111536;1292;100;11372290515;S
20241101;111536;1292;40;11372290516;S
20241101;111536;1292;5;11372290517;B
20241101;111536;1292;5;11372290518;B
20241101;111536;1292;5;11372290519;B
20241101;111537;1292;5;11372290791;B
20241101;111537;1292;5;11372290792;B
20241101;111537;1292;5;11372290793;B
20241101;111537;1292;5;11372290803;B
20241101;111538;1292;1;11372291012;B
20241101;111538;1292;5;11372291055;B
20241101;111538;1292;5;11372291056;B
20241101;111538;1292;5;11372291058;B
20241101;111548;1292;115;11372293064;B
20241101;111548;1292.8;10;11372293065;B
20241101;111553;1291.8;50;11372294171;S
20241101;111553;1291.8;1;11372294172;S
20241101;111553;1291.8;1;11372294173;S
20241101;111553;1291.2;5;11372294174;S
20241101;111553;1290.4;30;11372294175;S
20241101;111553;1290.2;10;11372294176;S
20241101;111553;1290.2;59;11372294177;S
20241101;111553;1290;2;11372294178;S
20241101;111553;1290;1;11372294179;S
20241101;111553;1290;3;11372294180;S
20241101;111553;1290;30;11372294181;S
20241101;111553;1290;1;11372294182;S
20241101;111553;1290;7;11372294183;S
20241101;111554;1290.2;25;11372294252;S
20241101;111554;1290;5;11372294253;S
20241101;111554;1290;8;11372294384;S
20241101;111554;1290;80;11372294394;S
20241101;111554;1290;2;11372294395;S
20241101;111605;1290.4;2;11372296414;S
20241101;111608;1291.8;6;11372297152;B
20241101;111608;1291.8;8;11372297153;B
20241101;111608;1292;1;11372297154;B
20241101;111608;1292;35;11372297155;B
20241101;111616;1290.8;1;11372298527;S
20241101;111616;1290.6;1;11372298528;S
20241101;111619;1291.8;1;11372299086;B
20241101;111633;1291.2;1;11372301660;B
20241101;111653;1291;2;11372305279;S
20241101;111653;1290.4;1;11372305280;S
20241101;111653;1290;1;11372305281;S
20241101;111653;1290;1;11372305282;S
20241101;111653;1290;10;11372305283;S
20241101;111653;1290;1;11372305284;S
20241101;111653;1289.6;6;11372305285;S
20241101;111653;1289.4;30;11372305286;S
20241101;111653;1289.2;40;11372305287;S
20241101;111653;1289.2;7;11372305288;S
20241101;111653;1289;1;11372305289;S
20241101;111653;1289;18;11372305290;S
20241101;111653;1289;1;11372305291;S
20241101;111653;1288.4;19;11372305292;S
20241101;111659;1289.4;2;11372306326;S
20241101;111659;1289.4;30;11372306327;S
20241101;111659;1289.2;16;11372306328;S
20241101;111659;1289;125;11372306329;S
20241101;111659;1288.4;30;11372306330;S
20241101;111659;1288.2;60;11372306331;S
20241101;111659;1288;5;11372306332;S
20241101;111659;1288;12;11372306333;S
20241101;111659;1288;1;11372306334;S
20241101;111659;1288;1;11372306335;S
20241101;111659;1288;1;11372306336;S
20241101;111659;1287.6;1;11372306337;S
20241101;111659;1287.4;30;11372306338;S
20241101;111659;1287.2;18;11372306339;S
20241101;111700;1288;1;11372306489;B
20241101;111700;1288;30;11372306530;B
20241101;111700;1288;30;11372306531;B
20241101;111700;1288;11;11372306544;B
20241101;111701;1287.8;2;11372306685;S
20241101;111701;1287.2;2;11372306686;S
20241101;111701;1287.2;1;11372306687;S
20241101;111701;1287.2;2;11372306688;S
20241101;111701;1287.2;7;11372306700;S
20241101;111706;1289.4;1;11372307686;B
20241101;111706;1289.4;6;11372307687;B
20241101;111706;1289.8;59;11372307688;B
20241101;111706;1290;60;11372307689;B
20241101;111706;1290.2;50;11372307690;B
20241101;111706;1290.6;1;11372307691;B
20241101;111706;1290.8;2;11372307692;B
20241101;111706;1291;30;11372307693;B
20241101;111706;1291.2;3;11372307694;B
20241101;111706;1291.2;1;11372307695;B
20241101;111706;1291.2;40;11372307696;B
20241101;111706;1291.4;30;11372307697;B
20241101;111706;1291.6;14;11372307698;B
20241101;111706;1291.8;1;11372307699;B
20241101;111706;1291.8;59;11372307700;B
20241101;111706;1292;30;11372307701;B
20241101;111706;1292.2;1;11372307702;B
20241101;111706;1292.2;29;11372307703;B
20241101;111706;1292.4;140;11372307704;B
20241101;111706;1292.6;40;11372307705;B
20241101;111706;1293;30;11372307706;B
20241101;111706;1293.6;300;11372307707;B
20241101;111706;1293.8;30;11372307708;B
20241101;111706;1294;157;11372307709;B
20241101;111706;1294.2;800;11372307710;B
20241101;111706;1294.8;30;11372307711;B
20241101;111706;1295;59;11372307712;B
20241101;111706;1295.4;108;11372307713;B
20241101;111706;1296;45;11372307714;B
20241101;111706;1297.6;100;11372307715;B
20241101;111706;1298.6;50;11372307716;B
20241101;111706;1299.2;6;11372307717;B
20241101;111706;1300;2;11372307718;B
20241101;111706;1300;11;11372307719;B
20241101;111706;1294;12;11372307720;S
20241101;111715;1295.6;30;11372309492;B
20241101;111715;1295.8;20;11372309493;B
20241101;111717;1298.2;3;11372309957;B
20241101;111718;1297.4;1;11372310011;B
20241101;111718;1294.2;9;11372310033;S
20241101;111721;1294.2;1;11372310754;S
20241101;111722;1294;49;11372310886;S
20241101;111722;1294;25;11372310887;S
20241101;111722;1293.8;25;11372310888;S
20241101;111722;1293.4;59;11372310889;S
20241101;111722;1293.2;30;11372310890;S
20241101;111722;1293;6;11372310891;S
20241101;111722;1292.6;40;11372310892;S
20241101;111722;1292.6;30;11372310893;S
20241101;111722;1292.4;60;11372310894;S
20241101;111722;1292;45;11372310895;S
20241101;111722;1290.8;6;11372310896;S
20241101;111723;1292.8;8;11372311010;B
20241101;111724;1293.4;5;11372311177;B
20241101;111743;1294;5;11372314794;B
20241101;111804;1292.8;1;11372318436;S
20241101;111814;1293.6;8;11372320166;B
20241101;111814;1293.6;13;11372320167;B
20241101;111820;1294.6;1;11372321480;B
20241101;111839;1293;1;11372326819;S
20241101;111839;1292.8;2;11372326820;S
20241101;111843;1294.4;1;11372327942;B
20241101;111849;1294;10;11372329265;B
20241101;111849;1294.2;10;11372329266;B
20241101;111851;1294.2;1;11372329556;B
20241101;111854;1294.6;1;11372329946;B
20241101;111907;1294.6;1;11372331927;B
20241101;111912;1294.4;20;11372332850;B
20241101;111917;1293.2;10;11372333601;S
20241101;111918;1294.6;4;11372333705;B
20241101;111918;1294.6;46;11372333706;B
20241101;111932;1295;1;11372335736;B
20241101;111935;1294.8;3;11372336198;S
20241101;111946;1296;10;11372337541;B
20241101;111946;1296;1;11372337542;B
20241101;111946;1296.2;2;11372337543;B
20241101;111946;1297;7;11372337544;B
20241101;112015;1296.2;2;11372341970;B
20241101;112036;1296;1;11372344943;B
20241101;112115;1294.2;1;11372351025;S
20241101;112121;1294.8;9;11372351867;B
20241101;112129;1294.8;35;11372353523;B
20241101;112129;1295.2;2;11372353524;B
20241101;112129;1295.4;33;11372353525;B
20241101;112137;1294.8;3;11372354941;B
20241101;112137;1295.6;2;11372354942;B
20241101;112137;1295.8;15;11372354943;B
20241101;112152;1294;1;11372357918;S
20241101;112203;1294.4;20;11372359714;S
20241101;112210;1294.6;10;11372361077;S
20241101;112210;1294.4;39;11372361078;S
20241101;112210;1294.2;140;11372361079;S
20241101;112219;1294.2;3;11372362532;S
20241101;112227;1294.2;100;11372363633;S
20241101;112231;1294.8;2;11372364346;B
20241101;112231;1295.6;3;11372364347;B
20241101;112243;1296;1;11372366185;B
20241101;112243;1296.2;3;11372366186;B
20241101;112312;1296;3;11372370998;B
20241101;112323;1294.8;2;11372372674;S
20241101;112400;1294.8;2;11372378563;S
20241101;112400;1294.8;3;11372378564;S
20241101;112400;1294.8;1;11372378565;S
20241101;112400;1294.6;3;11372378566;S
20241101;112400;1294.6;3;11372378567;S
20241101;112400;1294.4;1;11372378568;S
20241101;112400;1294.4;22;11372378569;S
20241101;112405;1295.8;1;11372379216;B
20241101;112421;1294.4;23;11372380665;S
20241101;112421;1294.4;1;11372380666;S
20241101;112421;1294.4;40;11372380667;S
20241101;112421;1294.4;2;11372380668;S
20241101;112421;1294.2;534;11372380669;S
20241101;112421;1294.2;23;11372380670;S
20241101;112424;1294;4;11372380911;S
20241101;112431;1294.6;1;11372381710;B
20241101;112431;1294.8;9;11372381711;B
20241101;112435;1293;6;11372382105;S
20241101;112435;1292.8;8;11372382106;S
20241101;112458;1295.2;4;11372384250;B
20241101;112503;1294;22;11372384798;S
20241101;112504;1292.8;29;11372384950;S
20241101;112504;1292;1;11372384951;S
20241101;112504;1292;2;11372384952;S
20241101;112504;1292;1;11372384953;S
20241101;112504;1292;25;11372384954;S
20241101;112504;1291.6;10;11372384955;S
20241101;112521;1291.2;13;11372387251;S
20241101;112529;1293;15;11372388552;B
20241101;112529;1293.2;35;11372388553;B
20241101;112535;1294;30;11372389511;B
20241101;112541;1293;60;11372390192;S
20241101;112621;1293;1;11372397185;S
20241101;112622;1294.4;1;11372397298;B
20241101;112626;1294.8;1;11372397741;B
20241101;112700;1294.2;1;11372402395;B
20241101;112707;1294.2;4;11372403222;B
20241101;112728;1293;5;11372405515;S
20241101;112728;1293;40;11372405516;S
20241101;112728;1292.8;58;11372405517;S
20241101;112730;1292.4;1;11372405741;S
20241101;112730;1291.2;10;11372405742;S
20241101;112730;1291;7;11372405743;S
20241101;112730;1290.8;4;11372405744;S
20241101;112731;1290.6;31;11372405804;S
20241101;112742;1292;1;11372407152;B
20241101;112745;1292.4;8;11372407542;B
20241101;112817;1291.8;1;11372411189;B
20241101;112837;1291.6;2;11372413681;S
20241101;112837;1290.6;1;11372413682;S
20241101;112837;1290.6;8;11372413683;S
20241101;112837;1290.4;14;11372413684;S
20241101;112838;1291.6;5;11372413753;B
20241101;112922;1291;15;11372418797;B
20241101;112922;1291.6;31;11372418798;B
20241101;112922;1291.8;4;11372418799;B
20241101;112933;1290.2;2;11372419888;S
20241101;112950;1291.6;4;11372421733;B
20241101;112957;1291.6;1;11372422281;B
20241101;113003;1290.2;79;11372422852;S
20241101;113003;1290.2;8;11372422853;S
20241101;113015;1290.2;1;11372424013;B
20241101;113015;1291.2;4;11372424014;B
20241101;113018;1290.2;4;11372424223;S
20241101;113018;1290.2;1;11372424224;S
20241101;113018;1290;1;11372424225;S
20241101;113018;1290;1;11372424231;S
20241101;113018;1290;5;11372424232;S
20241101;113018;1290;5;11372424233;S
20241101;113018;1290;3;11372424234;S
20241101;113018;1290;3;11372424235;S
20241101;113018;1290;23;11372424236;S
20241101;113023;1290;1;11372424822;B
20241101;113023;1291.4;49;11372424823;B
20241101;113040;1291.4;10;11372426673;B
20241101;113040;1291.4;21;11372426674;B
20241101;113053;1290.4;1;11372428217;S
20241101;113053;1290.4;59;11372428218;S
20241101;113053;1290.4;79;11372428219;S
20241101;113053;1290.2;21;11372428220;S
20241101;113053;1291.6;1;11372428452;B
20241101;113054;1290.2;1;11372428569;S
20241101;113054;1289.8;1;11372428570;S
20241101;113054;1289.8;30;11372428571;S
20241101;113054;1289.6;25;11372428572;S
20241101;113054;1289.4;20;11372428573;S
20241101;113054;1289.4;21;11372428574;S
20241101;113054;1289;1;11372428575;S
20241101;113054;1289;30;11372428576;S
20241101;113054;1289;371;11372428577;S
20241101;113104;1289.2;79;11372429638;S
20241101;113104;1289;300;11372429639;S
20241101;113104;1288.8;1;11372429640;S
20241101;113133;1290.2;6;11372433866;B
20241101;113133;1290.2;44;11372433867;B
20241101;113146;1290.6;5;11372435104;B
20241101;113149;1288.8;79;11372435400;S
20241101;113149;1288.6;49;11372435401;S
20241101;113149;1288.6;25;11372435402;S
20241101;113149;1288.4;30;11372435403;S
20241101;113149;1288.2;40;11372435404;S
20241101;113149;1288.2;40;11372435405;S
20241101;113149;1288.2;6;11372435406;S
20241101;113149;1288.2;30;11372435407;S
20241101;113149;1288;1;11372435408;S
20241101;113149;1288;5;11372435409;S
20241101;113149;1288;5;11372435410;S
20241101;113153;1290;1;11372435858;B
20241101;113204;1289.6;6;11372436917;B
20241101;113204;1289.6;4;11372436938;B
20241101;113205;1289.4;1;11372437004;B
20241101;113205;1289.6;9;11372437005;B
20241101;113206;1289.6;10;11372437047;B
20241101;113216;1289.6;30;11372437873;B
20241101;113216;1289.8;1;11372437874;B
20241101;113216;1290;5;11372437875;B
20241101;113216;1290;44;11372437876;B
20241101;113249;1290.6;5;11372441386;B
20241101;113314;1290.8;5;11372443755;S
20241101;113317;1290.2;95;11372444215;B
20241101;113317;1290.6;25;11372444216;B
20241101;113317;1291.4;30;11372444217;B
20241101;113317;1291.6;35;11372444218;B
20241101;113317;1291.6;40;11372444219;B
20241101;113317;1291.6;21;11372444220;B
20241101;113317;1291.8;195;11372444221;B
20241101;113317;1293;59;11372444222;B
20241101;113317;1293.2;30;11372444223;B
20241101;113317;1293.4;15;11372444224;B
20241101;113317;1293.6;79;11372444225;B
20241101;113317;1293.6;957;11372444226;B
20241101;113317;1293.8;30;11372444227;B
20241101;113317;1294;45;11372444228;B
20241101;113317;1294;30;11372444229;B
20241101;113317;1294.4;300;11372444230;B
20241101;113317;1294.6;14;11372444231;B
20241101;113318;1294;1;11372444258;B
20241101;113334;1293;2;11372446051;B
20241101;113340;1293;6;11372446531;S
20241101;113340;1292.4;26;11372446532;S
20241101;113409;1294.2;1;11372449088;B
20241101;113409;1292.6;1;11372449125;S
20241101;113422;1294.4;2;11372450262;B
20241101;113430;1293;4;11372451012;S
20241101;113430;1293;20;11372451013;S
20241101;113442;1293;1;11372451871;B
20241101;113455;1293;1;11372453270;B
20241101;113510;1292.6;1;11372454914;S
20241101;113510;1292.4;29;11372454922;B
20241101;113516;1293;2;11372455489;B
20241101;113516;1294;1;11372455490;B
20241101;113516;1294;1;11372455491;B
20241101;113516;1294.2;1;11372455492;B
20241101;113520;1294.8;1;11372455765;B
20241101;113521;1293;58;11372455816;S
20241101;113521;1292.8;1;11372455817;S
20241101;113521;1292.6;21;11372455818;S
20241101;113522;1294.8;5;11372455912;B
20241101;113531;1294.6;1;11372456847;B
20241101;113531;1294.6;5;11372456848;B
20241101;113531;1294.8;14;11372456849;B
20241101;113532;1293;1;11372456960;S
20241101;113532;1292.8;1;11372456961;S
20241101;113532;1292.6;1;11372456962;S
20241101;113532;1292.4;59;11372456963;S
20241101;113536;1292.2;1;11372457263;B
20241101;113547;1292.4;5;11372458716;B
20241101;113632;1292;12;11372463287;S
20241101;113638;1292;2;11372463974;S
20241101;113648;1292.4;1;11372464778;B
20241101;113746;1292;1;11372470548;S
20241101;113746;1292;24;11372470549;S
20241101;113757;1292.2;18;11372471413;B
20241101;113757;1292.4;2;11372471414;B
20241101;113800;1291.8;1;11372471671;S
20241101;113812;1292.4;5;11372472843;B
20241101;113851;1292.4;1;11372476822;B
20241101;113855;1292.4;70;11372477174;B
20241101;113923;1292.4;12;11372479991;B
20241101;113935;1292.4;6;11372481254;B
20241101;113935;1293.4;19;11372481255;B
20241101;114017;1293.4;8;11372486135;B
20241101;114017;1293.8;1;11372486136;B
20241101;114017;1294;1;11372486137;B
20241101;114022;1294.2;1;11372486670;B
20241101;114038;1294;1;11372488130;B
20241101;114038;1294;1;11372488131;B
20241101;114038;1294.2;1;11372488132;B
20241101;114051;1294.4;2;11372489407;B
20241101;114124;1294.4;2;11372492486;B
20241101;114126;1294.4;1;11372492737;B
20241101;114126;1294.4;3;11372492738;B
20241101;114227;1294.6;50;11372499782;B
20241101;114252;1293.8;20;11372502877;S
20241101;114252;1294;20;11372502878;S
20241101;114252;1294;20;11372502879;S
20241101;114252;1294;10;11372502880;S
20241101;114252;1293.8;19;11372502882;S
20241101;114301;1293.8;25;11372503980;S
20241101;114323;1295;50;11372506266;B
20241101;114323;1295;2;11372506286;B
20241101;114332;1295;1;11372508129;B
20241101;114413;1295;8;11372513247;B
20241101;114418;1295;15;11372513669;B
20241101;114422;1294;1;11372513991;S
20241101;114422;1293.8;4;11372513992;S
20241101;114448;1294.8;1;11372516906;B
20241101;114448;1295;19;11372516907;B
20241101;114500;1294;1;11372517987;S
20241101;114500;1294;79;11372517988;S
20241101;114503;1293.8;2;11372518260;S
20241101;114512;1294;1;11372519475;S
20241101;114512;1293.8;10;11372519476;S
20241101;114523;1293.8;5;11372520663;S
20241101;114525;1293.8;1;11372520822;S
20241101;114525;1294.8;1;11372520858;B
20241101;114525;1295;1;11372520859;B
20241101;114533;1293.8;44;11372522182;S
20241101;114540;1295;104;11372522725;B
20241101;114540;1295;16;11372522726;B
20241101;114542;1295;6;11372522921;B
20241101;114544;1294.8;1;11372523131;S
20241101;114544;1294;1;11372523132;S
20241101;114544;1293.8;3;11372523133;S
20241101;114550;1294.8;1;11372524030;B
20241101;114550;1295;28;11372524031;B
20241101;114550;1295;2;11372524032;B
20241101;114550;1295;5;11372524033;S
20241101;114550;1295;5;11372524034;S
20241101;114550;1295;5;11372524035;S
20241101;114552;1295.2;1;11372524275;S
20241101;114552;1295;2;11372524276;S
20241101;114552;1295;10;11372524277;S
20241101;114552;1295;10;11372524278;S
20241101;114557;1295.4;5;11372524787;B
20241101;114557;1296;1;11372524788;B
20241101;114557;1296.2;1;11372524789;B
20241101;114557;1297;30;11372524790;B
20241101;114557;1297.2;59;11372524791;B
20241101;114557;1297.4;30;11372524792;B
20241101;114557;1297.4;54;11372524793;B
20241101;114618;1295.4;1;11372527057;S
20241101;114618;1295.4;1;11372527058;S
20241101;114622;1295.6;1;11372527551;S
20241101;114622;1295.4;7;11372527552;S
20241101;114622;1295.2;7;11372527553;S
20241101;114629;1297;1;11372528242;B
20241101;114630;1297;30;11372528303;S
20241101;114630;1297;30;11372528304;S
20241101;114703;1297;1;11372531597;B
20241101;114727;1295.2;4;11372533795;S
20241101;114731;1295.8;1;11372534302;B
20241101;114731;1296;1;11372534303;B
20241101;114739;1296;6;11372535051;B
20241101;114752;1296;1;11372536331;B
20241101;114757;1296;72;11372539438;B
20241101;114757;1297.4;4;11372539439;B
20241101;114757;1297.8;4;11372539440;B
20241101;114757;1297.8;20;11372539441;B
20241101;114800;1298;2;11372539962;B
20241101;114800;1298;1;11372539963;B
20241101;114807;1298;1;11372541176;B
20241101;114819;1298;40;11372543468;B
20241101;114822;1298;10;11372543929;B
20241101;114828;1298;59;11372544622;B
20241101;114828;1298;1;11372544623;B
20241101;114828;1298.8;30;11372544624;B
20241101;114828;1299;69;11372544625;B
20241101;114849;1299;6;11372547593;B
20241101;114904;1299;20;11372549684;B
20241101;114916;1299;4;11372551559;B
20241101;115002;1297.4;10;11372557353;S
20241101;115013;1298;1;11372558468;S
20241101;115013;1297.6;3;11372558469;S
20241101;115046;1298.4;10;11372563313;B
20241101;115046;1298.6;10;11372563314;B
20241101;115113;1299;1;11372567169;B
20241101;115113;1299;1;11372567170;B
20241101;115131;1299;3;11372568906;B
20241101;115140;1299;146;11372569796;B
20241101;115140;1299;1;11372569797;B
20241101;115140;1299.6;30;11372569798;B
20241101;115140;1299.8;30;11372569799;B
20241101;115140;1299.8;143;11372569800;B
20241101;115146;1299.8;326;11372570970;B
20241101;115146;1300;189;11372570971;B
20241101;115146;1300;2;11372570972;B
20241101;115146;1300;1;11372570973;B
20241101;115146;1300;100;11372570974;B
20241101;115146;1300;1;11372570975;B
20241101;115146;1300;50;11372570976;B
20241101;115146;1300;100;11372570977;B
20241101;115146;1300;6;11372570978;B
20241101;115146;1300;100;11372570979;B
20241101;115146;1300.2;30;11372570980;B
20241101;115146;1300.4;11;11372570981;B
20241101;115146;1300.8;30;11372570982;B
20241101;115146;1300.8;25;11372570983;B
20241101;115146;1301;245;11372570984;B
20241101;115146;1301;20;11372570985;B
20241101;115146;1301.4;8;11372570986;B
20241101;115202;1301.8;1;11372572698;B
20241101;115202;1301.8;1;11372572699;B
20241101;115202;1302;36;11372572700;B
20241101;115209;1302;1;11372573331;B
20241101;115224;1301.4;15;11372574710;B
20241101;115224;1301.4;35;11372574711;B
20241101;115226;1302;33;11372574929;B
20241101;115226;1302;17;11372574930;B
20241101;115241;1301.2;1;11372576284;S
20241101;115241;1300.6;1;11372576285;S
20241101;115241;1300.4;3;11372576286;S
20241101;115304;1301.8;5;11372578429;B
20241101;115323;1300.4;1;11372579993;S
20241101;115323;1301;2;11372580042;B
20241101;115329;1301.6;17;11372580564;B
20241101;115336;1300.4;1;11372581182;S
20241101;115336;1300;1;11372581183;S
20241101;115350;1301.6;1;11372582676;B
20241101;115408;1301.6;1;11372584116;B
20241101;115416;1300;1;11372584689;S
20241101;115434;1301.6;1;11372586236;B
20241101;115458;1301.6;2;11372588504;B
20241101;115508;1300;4;11372589541;S
20241101;115508;1300;1;11372589567;B
20241101;115517;1300;5;11372590491;B
20241101;115521;1300;35;11372590898;B
20241101;115521;1301;1;11372590899;B
20241101;115521;1301.2;25;11372590900;B
20241101;115521;1301.6;1;11372590901;B
20241101;115521;1301.8;79;11372590902;B
20241101;115521;1302;53;11372590903;B
20241101;115521;1302;2;11372590904;B
20241101;115521;1302;1;11372590905;B
20241101;115521;1302;3;11372590906;B
20241101;115540;1301.6;1;11372592362;B
20241101;115542;1299.8;3;11372592452;S
20241101;115543;1301.6;3;11372592626;B
20241101;115543;1301.6;1;11372592627;B
20241101;115544;1301.6;2;11372592714;B
20241101;115547;1299.8;2;11372592952;S
20241101;115620;1301.6;1;11372595448;B
20241101;115645;1301;7;11372597489;S
20241101;115701;1301;15;11372598952;S
20241101;115712;1301.8;5;11372599860;B
20241101;115712;1302;12;11372599861;B
20241101;115712;1302;6;11372599862;B
20241101;115712;1302;3;11372599863;B
20241101;115712;1302;8;11372599864;B
20241101;115718;1301.2;7;11372600323;S
20241101;115728;1301.2;50;11372601269;S
20241101;115728;1301;6;11372601270;S
20241101;115751;1302.4;1;11372603222;B
20241101;115803;1302.6;3;11372604247;B
20241101;115813;1302.2;10;11372605002;S
20241101;115829;1302;23;11372606249;S
20241101;115835;1302;30;11372607014;S
20241101;115839;1302.6;1;11372607290;B
20241101;115844;1302.6;5;11372607622;B
20241101;115853;1302.6;41;11372608436;B
20241101;115853;1302.8;1;11372608437;B
20241101;115853;1302.8;1;11372608438;B
20241101;115853;1302.8;6;11372608439;B
20241101;115853;1302.8;79;11372608440;B
20241101;115853;1302.8;22;11372608441;B
20241101;115858;1302.8;2;11372608894;B
20241101;115902;1302.2;1;11372609365;S
20241101;115926;1302.4;1;11372611784;S
20241101;115932;1302.2;15;11372612128;S
20241101;115935;1302.2;152;11372612485;S
20241101;115941;1302.2;1;11372612925;S
20241101;115944;1302.6;26;11372613106;B
20241101;115946;1302.8;1;11372613278;B
20241101;115957;1302.8;1;11372614042;B
20241101;115957;1302.8;1;11372614092;B
20241101;115959;1302.6;4;11372614284;S
20241101;115959;1302.2;1;11372614285;S
20241101;115959;1302.2;43;11372614286;S
20241101;115959;1302;29;11372614287;S
20241101;120003;1302;1;11372614668;S
20241101;120016;1302;150;11372615697;S
20241101;120017;1302;150;11372615744;S
20241101;120035;1302.4;1;11372617035;B
20241101;120035;1302.4;1;11372617064;B
20241101;120038;1302.4;9;11372617237;B
20241101;120042;1302.4;15;11372617524;S
20241101;120045;1302.8;3;11372617786;B
20241101;120104;1302.8;71;11372619446;B
20241101;120104;1302.8;59;11372619447;B
20241101;120104;1303;89;11372619448;B
20241101;120115;1302.8;5;11372620471;B
20241101;120116;1302.8;1;11372620526;B
20241101;120121;1302.4;30;11372621185;S
20241101;120121;1302;8;11372621186;S
20241101;120126;1302;20;11372621551;S
20241101;120127;1302;75;11372621612;S
20241101;120128;1302;75;11372621741;S
20241101;120128;1302;39;11372621742;S
20241101;120135;1302.4;2;11372622428;B
20241101;120155;1302;25;11372624850;S
20241101;120155;1302;2;11372624851;S
20241101;120159;1302;1;11372625310;S
20241101;120200;1302.2;1;11372625441;B
20241101;120205;1302.4;15;11372626322;B
20241101;120216;1302;7;11372627265;B
20241101;120225;1301.2;6;11372627880;S
20241101;120225;1301;30;11372627905;S
20241101;120225;1301;30;11372627906;S
20241101;120225;1301;28;11372627907;S
20241101;120225;1301;1;11372627908;S
20241101;120247;1301;5;11372629375;B
20241101;120251;1301;1;11372629674;B
20241101;120306;1300.2;1;11372630650;S
20241101;120321;1301;1;11372632038;B
20241101;120322;1301;2;11372632088;B
20241101;120339;1300.2;29;11372633544;S
20241101;120339;1300.2;7;11372633545;S
20241101;120339;1300.8;5;11372633579;B
20241101;120428;1300.2;2;11372637727;S
20241101;120432;1300.2;16;11372638072;S
20241101;120432;1300.2;30;11372638073;S
20241101;120432;1300;1;11372638074;S
20241101;120432;1299.4;1;11372638075;S
20241101;120432;1299.4;1;11372638076;S
20241101;120432;1299.2;1;11372638077;S
20241101;120444;1299.2;7;11372639825;S
20241101;120604;1300;1;11372647338;B
20241101;120623;1299.4;1;11372648770;S
20241101;120632;1300;1;11372649567;B
20241101;120636;1300;1;11372650038;B
20241101;120638;1300;5;11372650174;B
20241101;120638;1300;5;11372650175;B
20241101;120648;1300;1;11372650993;B
20241101;120650;1300.8;1;11372651226;B
20241101;120723;1299.8;2;11372654132;S
20241101;120724;1299.8;1;11372654166;S
20241101;120823;1300;1;11372659000;S
20241101;120839;1300.8;5;11372660975;B
20241101;120938;1300.8;4;11372665917;B
20241101;121016;1300.8;1;11372669770;S
20241101;121022;1300.8;4;11372670409;S
20241101;121022;1300;3;11372670410;S
20241101;121023;1300;1;11372670460;S
20241101;121025;1300;12;11372670570;S
20241101;121025;1300;1;11372670571;S
20241101;121025;1299.8;1;11372670572;S
20241101;121025;1299.8;1;11372670573;S
20241101;121025;1299.4;1;11372670574;S
20241101;121025;1299.4;30;11372670575;S
20241101;121025;1299.2;5;11372670576;S
20241101;121025;1299.2;23;11372670577;S
20241101;121025;1299;1;11372670578;S
20241101;121025;1299;10;11372670579;S
20241101;121025;1298.8;59;11372670580;S
20241101;121025;1298.6;30;11372670581;S
20241101;121025;1298.4;40;11372670582;S
20241101;121025;1298.2;30;11372670583;S
20241101;121025;1298;17;11372670584;S
20241101;121025;1297.8;59;11372670585;S
20241101;121025;1297.6;1;11372670586;S
20241101;121025;1297.6;30;11372670587;S
20241101;121025;1297.6;60;11372670588;S
20241101;121025;1297.4;14;11372670589;S
20241101;121025;1297.4;50;11372670590;S
20241101;121025;1297.2;75;11372670591;S
20241101;121025;1297;1;11372670592;S
20241101;121025;1297;15;11372670593;S
20241101;121025;1297;2;11372670594;S
20241101;121025;1297;4;11372670595;S
20241101;121025;1297;1;11372670596;S
20241101;121025;1296.8;150;11372670597;S
20241101;121025;1296.8;30;11372670598;B
20241101;121025;1296.8;30;11372670599;B
20241101;121025;1296.8;30;11372670600;B
20241101;121025;1296.8;30;11372670601;B
20241101;121033;1296.6;4;11372671389;S
20241101;121044;1296.6;41;11372672450;S
20241101;121044;1296.6;1;11372672451;S
20241101;121044;1296.6;5;11372672452;S
20241101;121045;1296.6;1;11372672480;B
20241101;121055;1296.6;1;11372673471;B
20241101;121057;1296.6;1;11372673611;B
20241101;121117;1296.4;1;11372675449;S
20241101;121117;1296.4;39;11372675450;S
20241101;121117;1296.6;1;11372675457;B
20241101;121117;1296.8;1;11372675521;B
20241101;121124;1296.8;5;11372676135;B
20241101;121125;1296.8;251;11372676285;B
20241101;121132;1298.6;6;11372676887;B
20241101;121132;1299.4;2;11372676888;B
20241101;121133;1297;79;11372676997;S
20241101;121133;1297;12;11372676998;S
20241101;121136;1298.8;10;11372677280;B
20241101;121144;1298.6;3;11372677849;B
20241101;121209;1297;7;11372679628;S
20241101;121213;1298.6;5;11372679921;B
20241101;121213;1299;3;11372679992;B
20241101;121255;1298;1;11372683348;S
20241101;121255;1297;1;11372683349;S
20241101;121305;1298.8;2;11372684186;B
20241101;121321;1299;1;11372687002;B
20241101;121423;1299.2;12;11372692786;B
20241101;121425;1299.4;1;11372692956;B
20241101;121440;1299.2;1;11372694263;S
20241101;121451;1299.2;40;11372695590;S
20241101;121457;1299.4;2;11372696485;B
20241101;121516;1299.2;4;11372699269;B
20241101;121517;1299.4;28;11372699397;B
20241101;121517;1299.6;41;11372699398;B
20241101;121517;1299.6;21;11372699399;B
20241101;121602;1298.8;2;11372705483;S
20241101;121603;1298.8;2;11372705613;B
20241101;121605;1298.8;1;11372705869;B
20241101;121705;1297.2;3;11372711193;S
20241101;121718;1297.4;50;11372712178;B
20241101;121742;1297.2;1;11372714324;S
20241101;121753;1296.8;40;11372715106;S
20241101;121755;1297.2;3;11372715298;B
20241101;121810;1297;1;11372717431;B
20241101;121815;1296.8;1;11372718254;S
20241101;121826;1296.8;92;11372719891;S
20241101;121905;1296.8;1;11372723044;S
20241101;121934;1297.2;6;11372725652;B
20241101;121934;1298.2;2;11372725662;B
20241101;121936;1298;2;11372725857;B
20241101;121941;1298.4;1;11372726537;B
20241101;122050;1298;3;11372737893;B
20241101;122107;1298;13;11372741869;B
20241101;122138;1298;1;11372745904;B
20241101;122210;1298;2;11372748172;B
20241101;122218;1298.2;1;11372748863;B
20241101;122218;1298.8;1;11372748864;B
20241101;122249;1299.2;2;11372751641;B
20241101;122306;1299.2;2;11372754861;B
20241101;122306;1299.2;42;11372754862;B
20241101;122309;1297.2;1;11372755327;S
20241101;122315;1299.2;1;11372756331;B
20241101;122403;1297.4;5;11372760895;S
20241101;122403;1297.4;7;11372760896;S
20241101;122403;1297.2;30;11372760897;S
20241101;122403;1297.2;3;11372760898;S
20241101;122415;1297.2;4;11372761793;S
20241101;122415;1296.8;47;11372761794;S
20241101;122415;1296.8;3;11372761795;S
20241101;122447;1296.8;2;11372764383;S
20241101;122447;1296.8;1;11372764384;S
20241101;122447;1296.8;2;11372764385;S
20241101;122447;1296.8;1;11372764416;S
20241101;122532;1296.8;1;11372768002;S
20241101;122604;1298.2;1;11372771330;B
20241101;122604;1298.2;7;11372771354;B
20241101;122604;1298.2;22;11372771355;B
20241101;122610;1296.8;1;11372771850;S
20241101;122610;1296.8;2;11372771851;S
20241101;122610;1296.8;3;11372771852;S
20241101;122610;1296.6;1;11372771853;S
20241101;122610;1296.4;1;11372771854;S
20241101;122610;1296.4;1;11372771855;S
20241101;122610;1296.4;6;11372771856;S
20241101;122610;1296.4;8;11372771857;S
20241101;122610;1296.2;1;11372771858;S
20241101;122610;1296.2;1;11372771859;S
20241101;122610;1296.2;4;11372771860;S
20241101;122610;1296.2;30;11372771861;S
20241101;122610;1296.2;4;11372771862;B
20241101;122614;1298.4;1;11372772423;B
20241101;122614;1298.6;1;11372772424;B
20241101;122614;1298.6;16;11372772425;B
20241101;122614;1298.6;6;11372772426;B
20241101;122614;1298.8;16;11372772427;B
20241101;122614;1298.8;59;11372772428;B
20241101;122614;1298.8;11;11372772429;B
20241101;122616;1296.6;1;11372772614;S
20241101;122616;1296.4;7;11372772615;S
20241101;122620;1299;1;11372772979;B
20241101;122620;1299.4;7;11372772980;B
20241101;122620;1299.6;12;11372772981;B
20241101;122715;1297.2;1;11372779021;S
20241101;122722;1299;2;11372779483;B
20241101;122726;1297.2;19;11372779729;S
20241101;122726;1297;3;11372779731;S
20241101;122726;1297;1;11372779732;S
20241101;122726;1297;6;11372779733;S
20241101;122727;1297;3;11372779822;B
20241101;122737;1296.2;2;11372780777;S
20241101;122737;1296.2;4;11372780778;S
20241101;122754;1296.8;22;11372782409;S
20241101;122756;1296.8;5;11372782552;S
20241101;122804;1296.6;30;11372783212;S
20241101;122830;1298.2;1;11372786700;B
20241101;122830;1298.4;5;11372786701;B
20241101;122903;1298;3;11372792046;B
20241101;122918;1297.8;1;11372793763;B
20241101;122925;1297.2;1;11372795077;S
20241101;122929;1297;1;11372795366;S
20241101;122932;1296.8;3;11372795680;S
20241101;122932;1296.8;13;11372795681;S
20241101;122932;1296.6;1;11372795682;S
20241101;122932;1296.6;4;11372795683;S
20241101;122932;1296.2;1;11372795684;S
20241101;122932;1296.2;5;11372795685;S
20241101;122932;1296;5;11372795686;S
20241101;122932;1296;5;11372795687;S
20241101;122932;1296;1;11372795688;S
20241101;122932;1295.8;1;11372795689;S
20241101;122932;1295.6;1;11372795690;S
20241101;122932;1295.4;5;11372795691;S
20241101;122932;1295.4;1;11372795692;S
20241101;122932;1295.2;1;11372795693;S
20241101;122932;1295.2;1;11372795694;S
20241101;122932;1295.2;2;11372795695;S
20241101;122932;1295;50;11372795696;S
20241101;122932;1295;10;11372795697;S
20241101;122932;1295;1;11372795698;S
20241101;122932;1294.8;1;11372795699;S
20241101;122932;1294.8;1;11372795700;S
20241101;122932;1294.8;1;11372795701;S
20241101;122932;1294.8;36;11372795702;S
20241101;122933;1294.6;1;11372795798;S
20241101;122933;1294.4;1;11372795799;S
20241101;122938;1295.6;1;11372796429;B
20241101;122956;1294.4;7;11372798377;S
20241101;123019;1294.4;1;11372805562;S
20241101;123039;1295.8;79;11372810280;B
20241101;123039;1295.8;59;11372810281;B
20241101;123039;1296;60;11372810282;B
20241101;123039;1296;40;11372810283;B
20241101;123039;1296.8;2;11372810284;B
20241101;123039;1297;6;11372810285;B
20241101;123039;1297;150;11372810286;B
20241101;123039;1297.6;30;11372810287;B
20241101;123039;1297.8;30;11372810288;B
20241101;123039;1297.8;19;11372810289;B
20241101;123039;1298;19;11372810290;B
20241101;123039;1298.2;30;11372810291;B
20241101;123039;1298.4;580;11372810292;B
20241101;123039;1298.8;1;11372810293;B
20241101;123039;1299.4;30;11372810294;B
20241101;123039;1299.6;50;11372810295;B
20241101;123039;1299.8;30;11372810296;B
20241101;123039;1300;15;11372810297;B
20241101;123039;1300;34;11372810298;B
20241101;123039;1300;30;11372810299;B
20241101;123039;1300.2;206;11372810300;B
20241101;123039;1299;1;11372810335;B
20241101;123153;1298;1;11372825141;B
20241101;123153;1298.4;30;11372825142;B
20241101;123153;1298.6;39;11372825143;B
20241101;123153;1298.8;30;11372825144;B
20241101;123153;1299;21;11372825145;B
20241101;123153;1299;2;11372825146;B
20241101;123153;1299;77;11372825147;B
20241101;123200;1298.8;1;11372826700;B
20241101;123224;1297.8;1;11372829572;S
20241101;123233;1297;1;11372831228;S
20241101;123233;1297;29;11372831229;S
20241101;123240;1298;1;11372831803;B
20241101;123241;1297;1;11372831811;S
20241101;123308;1298;1;11372834312;B
20241101;123313;1298;8;11372834808;B
20241101;123334;1298;81;11372840012;B
20241101;123334;1298;1;11372840013;B
20241101;123334;1298;8;11372840014;B
20241101;123334;1300;10;11372840015;B
20241101;123334;1300.2;30;11372840016;B
20241101;123334;1300.2;30;11372840017;S
20241101;123344;1300.4;10;11372842923;B
20241101;123345;1300.2;46;11372843105;S
20241101;123402;1298.4;1;11372846637;S
20241101;123402;1298.4;9;11372846638;S
20241101;123501;1298.4;1;11372853638;S
20241101;123630;1298.2;1;11372863511;B
20241101;123630;1298.2;3;11372863512;B
20241101;123704;1298.2;2;11372867400;B
20241101;123707;1298.2;1;11372867789;B
20241101;123738;1298.2;2;11372872514;B
20241101;123800;1298.2;1;11372875920;B
20241101;123800;1298.2;1;11372875921;B
20241101;123828;1298.2;2;11372880022;B
20241101;123849;1298;45;11372882011;B
20241101;123849;1298;27;11372882064;B
20241101;123852;1298;5;11372882252;B
20241101;123902;1298;12;11372883101;B
20241101;123916;1298;2;11372884317;B
20241101;123917;1298;2;11372884347;B
20241101;123924;1298;16;11372885021;B
20241101;123927;1297;2;11372885350;S
20241101;123927;1297;6;11372885351;S
20241101;123927;1297;14;11372885352;S
20241101;123937;1297.8;2;11372886305;B
