<DATE>;<TIME>;<LAST>;<VOL>;<ID>;<OPER>
20241113;095956;1485.2;3;11415566179;S
20241113;095956;1485.2;1;11415566180;S
20241113;095956;1485.2;2;11415566181;S
20241113;095956;1485.2;2;11415566182;S
20241113;095956;1485.2;1;11415566183;S
20241113;095956;1485.2;4;11415566184;S
20241113;095956;1485.2;1;11415566185;S
20241113;095956;1485.2;1;11415566186;S
20241113;095956;1485.2;1;11415566187;S
20241113;095956;1485.2;1;11415566188;S
20241113;095956;1485.2;1;11415566189;S
20241113;095956;1485.2;1;11415566190;S
20241113;095956;1485.2;1;11415566191;S
20241113;095956;1485.2;1;11415566192;S
20241113;095956;1485.2;1;11415566193;B
20241113;095956;1485.2;1;11415566194;B
20241113;095956;1485.2;2;11415566195;S
20241113;095956;1485.2;1;11415566196;S
20241113;095956;1485.2;1;11415566197;B
20241113;095956;1485.2;3;11415566198;B
20241113;095956;1485.2;1;11415566199;B
20241113;095956;1485.2;5;11415566200;B
20241113;095956;1485.2;6;11415566201;B
20241113;095956;1485.2;12;11415566202;B
20241113;095956;1485.2;5;11415566203;B
20241113;100000;1487.4;5;11415567542;B
20241113;100004;1485.4;1;11415570115;S
20241113;100004;1488.4;1;11415570239;B
20241113;100004;1490.6;1;11415570263;B
20241113;100005;1485.8;18;11415572289;S
20241113;100005;1485.8;51;11415572290;S
20241113;100005;1485.6;24;11415572291;S
20241113;100005;1485.2;35;11415572292;S
20241113;100005;1485;1;11415572293;S
20241113;100005;1485;10;11415572294;S
20241113;100005;1485;1;11415572295;S
20241113;100005;1485;20;11415572296;S
20241113;100005;1485;31;11415572297;S
20241113;100005;1485;1;11415572298;S
20241113;100005;1485;5;11415572299;S
20241113;100005;1484.8;100;11415572300;S
20241113;100005;1484.8;1;11415572301;S
20241113;100005;1484.8;3;11415572302;S
20241113;100005;1484;1;11415572303;S
20241113;100005;1483;20;11415572304;S
20241113;100005;1483;45;11415572305;S
20241113;100005;1482.4;1;11415572306;S
20241113;100005;1482.2;1;11415572307;S
20241113;100005;1482.2;5;11415572308;S
20241113;100005;1482.2;1;11415572309;S
20241113;100005;1482;1;11415572310;S
20241113;100005;1482;1;11415572311;S
20241113;100005;1482;1;11415572312;S
20241113;100005;1481.2;68;11415572313;S
20241113;100005;1481;1;11415572314;S
20241113;100005;1481;100;11415572315;S
20241113;100005;1480.6;1;11415572316;S
20241113;100005;1480.6;1;11415572317;S
20241113;100005;1480.2;100;11415572318;S
20241113;100005;1480.2;26;11415572319;S
20241113;100005;1480.2;1;11415572320;S
20241113;100005;1480.2;75;11415572321;S
20241113;100005;1491.8;10;11415572374;B
20241113;100005;1480.2;10;11415572384;S
20241113;100005;1480.4;3;11415572899;S
20241113;100005;1485.6;1;11415573051;B
20241113;100005;1485.4;19;11415573094;B
20241113;100005;1485.4;3;11415573148;B
20241113;100005;1485.4;1;11415573210;B
20241113;100005;1481.4;1;11415573276;S
20241113;100005;1480.4;1;11415573277;S
20241113;100005;1480.4;22;11415573278;S
20241113;100006;1485.4;1;11415573553;B
20241113;100006;1482;5;11415573656;S
20241113;100006;1482;5;11415573657;S
20241113;100006;1480.4;8;11415573658;S
20241113;100006;1480.4;1;11415573659;S
20241113;100006;1480.2;2;11415573660;S
20241113;100006;1485;1;11415573667;B
20241113;100006;1485.2;2;11415573704;B
20241113;100006;1485;1;11415574018;B
20241113;100006;1485;10;11415574019;B
20241113;100007;1484;1;11415575521;B
20241113;100008;1482.2;10;11415576525;S
20241113;100008;1485.2;1;11415576861;B
20241113;100008;1482.6;10;11415576941;S
20241113;100012;1484.6;1;11415578233;B
20241113;100012;1484.8;14;11415578234;B
20241113;100012;1484.4;1;11415578467;B
20241113;100016;1484.4;5;11415579361;B
20241113;100016;1484.2;42;11415579598;B
20241113;100018;1484.2;1;11415580214;B
20241113;100018;1484.2;2;11415580215;B
20241113;100019;1482.6;1;11415580337;S
20241113;100021;1482.8;30;11415581026;S
20241113;100021;1482.6;7;11415581027;S
20241113;100021;1482;1;11415581028;S
20241113;100021;1482;25;11415581029;S
20241113;100032;1484.2;1;11415583929;B
20241113;100036;1483.6;2;11415584933;B
20241113;100042;1483.4;6;11415586080;S
20241113;100042;1482;10;11415586081;S
20241113;100042;1482;1;11415586082;S
20241113;100042;1482;8;11415586083;S
20241113;100042;1482;10;11415586084;B
20241113;100044;1482;1;11415586467;B
20241113;100047;1481;2;11415587688;S
20241113;100047;1481;1;11415587689;S
20241113;100047;1480.8;4;11415587690;S
20241113;100047;1480.8;5;11415587691;S
20241113;100047;1480.6;30;11415587692;S
20241113;100047;1480.4;30;11415587693;S
20241113;100047;1480.2;13;11415587694;S
20241113;100047;1480.2;17;11415587695;S
20241113;100047;1480.2;30;11415587696;S
20241113;100047;1480;1;11415587697;S
20241113;100047;1480;3;11415587698;S
20241113;100047;1480;1;11415587699;S
20241113;100047;1480;1;11415587700;S
20241113;100047;1480;1;11415587701;S
20241113;100047;1480;7;11415587702;S
20241113;100048;1480.2;3;11415587749;S
20241113;100048;1480.2;27;11415587960;S
20241113;100048;1480;2;11415587961;S
20241113;100048;1480;1;11415587962;S
20241113;100048;1480;2;11415587963;S
20241113;100048;1480;1;11415587964;S
20241113;100048;1480;1;11415587965;S
20241113;100048;1480;10;11415587966;S
20241113;100048;1480;10;11415587967;S
20241113;100048;1480.2;6;11415588034;S
20241113;100048;1480.2;20;11415588039;S
20241113;100057;1481.6;1;11415590082;B
20241113;100058;1481.8;1;11415590200;B
20241113;100059;1481.8;8;11415590350;B
20241113;100059;1481.8;4;11415590351;B
20241113;100059;1482;8;11415590352;B
20241113;100116;1481.8;2;11415594670;B
20241113;100117;1481.8;8;11415594889;S
20241113;100117;1481.6;1;11415594890;S
20241113;100117;1481.6;18;11415594891;S
20241113;100117;1481.2;30;11415594892;S
20241113;100117;1481.2;30;11415594893;B
20241113;100117;1481.2;13;11415594894;B
20241113;100117;1482;10;11415594904;B
20241113;100124;1482;14;11415596396;B
20241113;100124;1484.2;51;11415596397;B
20241113;100124;1484.4;30;11415596398;B
20241113;100124;1484.6;5;11415596399;B
20241113;100132;1483;18;11415597833;S
20241113;100137;1484.6;6;11415598761;B
20241113;100140;1484.6;1;11415599330;B
20241113;100154;1484.8;1;11415602466;B
20241113;100159;1484.8;1;11415603758;B
20241113;100200;1484.8;1;11415603819;B
20241113;100200;1484.6;1;11415603847;S
20241113;100200;1484.6;4;11415603848;S
20241113;100200;1483.4;1;11415603849;S
20241113;100200;1483.2;1;11415603850;S
20241113;100200;1483.2;15;11415603851;S
20241113;100210;1483;42;11415606095;S
20241113;100210;1483;8;11415606096;S
20241113;100211;1483.8;1;11415606478;B
20241113;100211;1483.8;15;11415606479;B
20241113;100212;1484;1;11415606554;B
20241113;100218;1483.2;1;11415608279;B
20241113;100222;1483.2;2;11415609257;B
20241113;100223;1483.2;1;11415609880;B
20241113;100224;1483.2;15;11415610084;B
20241113;100224;1483.8;1;11415610284;B
20241113;100241;1484.2;2;11415613888;B
20241113;100243;1483.2;50;11415614197;S
20241113;100248;1484.4;1;11415615077;B
20241113;100253;1484;15;11415616113;B
20241113;100254;1484;2;11415616323;B
20241113;100305;1484;3;11415619335;B
20241113;100308;1483.8;8;11415620188;B
20241113;100311;1483.8;1;11415620961;B
20241113;100313;1483.2;24;11415621410;S
20241113;100314;1483;30;11415621746;S
20241113;100314;1483;2;11415621747;S
20241113;100314;1483;5;11415621748;S
20241113;100316;1483;1;11415622190;B
20241113;100326;1484;2;11415624866;B
20241113;100327;1483;1;11415625360;S
20241113;100327;1483;47;11415625361;S
20241113;100327;1482.6;1;11415625362;S
20241113;100327;1482.2;1;11415625363;S
20241113;100327;1482.2;12;11415625364;S
20241113;100327;1482;2;11415625365;S
20241113;100327;1482;5;11415625366;S
20241113;100327;1482;4;11415625367;S
20241113;100327;1482;2;11415625368;S
20241113;100327;1482;36;11415625369;S
20241113;100334;1483;1;11415627070;S
20241113;100334;1482.2;3;11415627071;S
20241113;100341;1483.2;1;11415628754;B
20241113;100344;1483.2;1;11415629529;B
20241113;100348;1483.2;1;11415630241;B
20241113;100351;1483;1;11415630868;S
20241113;100351;1483;1;11415630869;S
20241113;100351;1482.2;17;11415630870;S
20241113;100351;1482;1;11415630871;S
20241113;100351;1482;3;11415630872;S
20241113;100351;1481.8;25;11415630873;S
20241113;100351;1481.6;1;11415630874;S
20241113;100351;1481.4;9;11415630875;S
20241113;100351;1481.4;30;11415630876;S
20241113;100351;1481.2;329;11415630877;S
20241113;100351;1481.2;30;11415630878;S
20241113;100351;1481;2;11415630879;S
20241113;100351;1481;200;11415630880;S
20241113;100351;1481;14;11415630881;S
20241113;100351;1481;1;11415630882;S
20241113;100351;1481;2;11415630883;S
20241113;100351;1480.8;1;11415630884;S
20241113;100351;1480.4;30;11415630885;S
20241113;100351;1480.2;1;11415630886;S
20241113;100351;1480.2;1;11415630887;S
20241113;100351;1480.2;1;11415630888;S
20241113;100351;1480.2;100;11415630889;S
20241113;100351;1480.2;30;11415630890;S
20241113;100351;1480;20;11415630891;S
20241113;100351;1480;5;11415630892;S
20241113;100351;1480;1;11415630893;S
20241113;100351;1480;175;11415630894;S
20241113;100351;1480;2;11415630895;S
20241113;100351;1480;2;11415630896;S
20241113;100351;1480;100;11415630897;S
20241113;100351;1480;11;11415630898;S
20241113;100351;1480;14;11415630899;S
20241113;100351;1480;200;11415630900;S
20241113;100351;1480;70;11415630901;S
20241113;100352;1481.6;1;11415631183;B
20241113;100353;1481.8;1;11415631408;B
20241113;100355;1482;1;11415631909;B
20241113;100356;1480.6;50;11415632089;S
20241113;100357;1480.6;50;11415632247;S
20241113;100406;1480.6;34;11415634210;S
20241113;100406;1481.8;1;11415634226;B
20241113;100407;1480.8;10;11415634542;S
20241113;100407;1480.6;16;11415634543;S
20241113;100407;1480.6;6;11415634544;S
20241113;100407;1480.2;30;11415634545;S
20241113;100407;1480;130;11415634546;S
20241113;100407;1480;1;11415634547;S
20241113;100407;1480;57;11415634548;S
20241113;100408;1480;43;11415634715;S
20241113;100408;1480;28;11415634716;S
20241113;100408;1480;3;11415634717;S
20241113;100408;1480;226;11415634718;S
20241113;100408;1480;5;11415634721;S
20241113;100408;1480;12;11415634722;S
20241113;100409;1480;10;11415634826;S
20241113;100409;1480;10;11415634833;S
20241113;100409;1480;1;11415634834;S
20241113;100409;1480;1;11415634835;S
20241113;100409;1479.8;1;11415634836;S
20241113;100409;1479;2;11415634837;S
20241113;100409;1479;4;11415634838;S
20241113;100409;1479;1;11415634839;S
20241113;100409;1479;1;11415634840;S
20241113;100409;1478.8;5;11415634841;B
20241113;100409;1478.8;5;11415634842;B
20241113;100409;1478.8;1;11415634903;B
20241113;100410;1478.6;1;11415635013;S
20241113;100410;1478.8;10;11415635015;B
20241113;100410;1477.8;1;11415635074;S
20241113;100410;1477.6;30;11415635075;S
20241113;100410;1477.4;5;11415635076;S
20241113;100410;1477.4;1;11415635077;S
20241113;100410;1477.4;13;11415635078;S
20241113;100410;1477.4;1;11415635083;S
20241113;100410;1477.4;16;11415635151;S
20241113;100410;1477.2;53;11415635152;S
20241113;100410;1477.2;30;11415635153;S
20241113;100410;1477;1;11415635154;S
20241113;100410;1477;50;11415635155;S
20241113;100410;1477;2;11415635156;S
20241113;100410;1477;46;11415635157;S
20241113;100410;1477;2;11415635158;S
20241113;100411;1477;1;11415635189;S
20241113;100411;1477;5;11415635205;S
20241113;100411;1478;1;11415635206;B
20241113;100411;1478;2;11415635207;B
20241113;100411;1478;1;11415635258;B
20241113;100411;1478;1;11415635457;B
20241113;100420;1478.6;17;11415637348;B
20241113;100420;1478.8;8;11415637349;B
20241113;100420;1478.8;51;11415637350;B
20241113;100420;1479;224;11415637351;B
20241113;100420;1479;2;11415637503;B
20241113;100423;1479;1;11415638139;B
20241113;100424;1479;9;11415638377;B
20241113;100429;1479;1;11415639396;B
20241113;100432;1479;1;11415640076;B
20241113;100432;1479;80;11415640113;B
20241113;100432;1479;80;11415640135;B
20241113;100433;1479;50;11415640197;B
20241113;100433;1478.2;30;11415640239;S
20241113;100433;1478;1;11415640240;S
20241113;100433;1478;5;11415640241;S
20241113;100433;1478;1;11415640242;S
20241113;100433;1478;50;11415640243;S
20241113;100433;1477.8;1;11415640244;S
20241113;100433;1477.6;12;11415640245;S
20241113;100434;1479;8;11415640348;B
20241113;100434;1479;25;11415640354;B
20241113;100434;1479;80;11415640537;B
20241113;100435;1479;1;11415640575;B
20241113;100435;1479;25;11415640609;B
20241113;100435;1479;25;11415640638;B
20241113;100435;1479;25;11415640747;B
20241113;100436;1479;25;11415640844;B
20241113;100436;1479;80;11415640852;B
20241113;100436;1479;100;11415640876;B
20241113;100436;1479;8;11415640877;B
20241113;100436;1479;5;11415640878;B
20241113;100436;1479;6;11415640879;B
20241113;100436;1479;2;11415640880;B
20241113;100436;1479.6;1;11415641072;B
20241113;100437;1479.2;4;11415641225;S
20241113;100438;1479.6;2;11415641501;B
20241113;100439;1480.4;3;11415641706;B
20241113;100441;1480.6;5;11415642438;S
20241113;100444;1480.6;63;11415643069;S
20241113;100444;1480.4;47;11415643070;S
20241113;100444;1480.2;10;11415643071;S
20241113;100444;1480.2;10;11415643072;S
20241113;100444;1480.2;10;11415643073;S
20241113;100444;1480;43;11415643074;S
20241113;100444;1481.6;2;11415643215;B
20241113;100445;1481.2;1;11415643422;B
20241113;100445;1480;7;11415643568;S
20241113;100445;1479.6;8;11415643569;S
20241113;100445;1479.2;1;11415643570;S
20241113;100445;1479.2;25;11415643571;S
20241113;100445;1481.2;1;11415643579;B
20241113;100445;1481.4;9;11415643580;B
20241113;100446;1480;25;11415643747;B
20241113;100446;1480;1;11415643753;B
20241113;100447;1480;1;11415643930;B
20241113;100449;1480;1;11415644444;B
20241113;100451;1480;50;11415645146;B
20241113;100452;1480;4;11415645307;B
20241113;100452;1480;18;11415645391;B
20241113;100454;1481.2;5;11415645727;B
20241113;100454;1481.2;2;11415645728;B
20241113;100455;1481.2;1;11415645932;B
20241113;100456;1481.2;7;11415646292;B
20241113;100459;1481.2;1;11415646743;B
20241113;100500;1481.2;1;11415646888;B
20241113;100506;1481;1;11415648875;B
20241113;100507;1481.2;10;11415649163;B
20241113;100507;1481.4;16;11415649164;B
20241113;100507;1482;25;11415649165;B
20241113;100507;1482.2;5;11415649166;B
20241113;100507;1482.2;30;11415649167;B
20241113;100507;1482.2;14;11415649168;B
20241113;100509;1481.2;10;11415649630;S
20241113;100510;1481.4;1;11415649875;B
20241113;100510;1482.4;14;11415649876;B
20241113;100510;1482.4;6;11415650012;B
20241113;100514;1482.6;25;11415650988;B
20241113;100516;1482.6;1;11415651587;B
20241113;100517;1482.4;1;11415651771;S
20241113;100518;1481.6;30;11415651875;B
20241113;100518;1482.8;1;11415651876;B
20241113;100518;1482.8;30;11415651877;B
20241113;100518;1483;22;11415651878;B
20241113;100518;1483;17;11415651879;B
20241113;100519;1481.6;4;11415652162;S
20241113;100520;1481.6;10;11415652437;S
20241113;100520;1481.4;11;11415652438;S
20241113;100526;1482.8;1;11415655061;B
20241113;100532;1483.2;5;11415656386;B
20241113;100534;1482;1;11415656858;S
20241113;100534;1481.8;1;11415656859;S
20241113;100534;1481.6;1;11415656860;S
20241113;100534;1481.4;4;11415656861;S
20241113;100534;1481.4;18;11415656862;S
20241113;100541;1482.6;1;11415658159;B
20241113;100541;1482.6;28;11415658160;B
20241113;100541;1482.8;30;11415658161;B
20241113;100541;1483;1;11415658162;B
20241113;100541;1483;40;11415658163;B
20241113;100542;1483.8;10;11415658400;B
20241113;100549;1483.2;5;11415659605;B
20241113;100558;1483;1;11415661474;B
20241113;100600;1483.6;1;11415661704;B
20241113;100601;1483.6;2;11415661910;B
20241113;100602;1483.6;1;11415662122;B
20241113;100605;1483.6;1;11415662829;B
20241113;100606;1483.2;9;11415662949;S
20241113;100606;1483.2;5;11415662950;S
20241113;100607;1483.2;4;11415663052;B
20241113;100609;1483.2;21;11415663454;B
20241113;100612;1483.2;50;11415664114;B
20241113;100620;1483;1;11415665699;B
20241113;100623;1483;1;11415666273;B
20241113;100624;1483;10;11415666551;B
20241113;100629;1483;8;11415667538;B
20241113;100629;1483.2;2;11415667539;B
20241113;100632;1483.2;3;11415668107;B
20241113;100634;1483;1;11415668405;B
20241113;100638;1482.6;5;11415669192;B
20241113;100640;1482.6;2;11415669439;B
20241113;100640;1482.6;1;11415669481;B
20241113;100640;1482.6;2;11415669495;B
20241113;100641;1483;2;11415669637;B
20241113;100641;1484;2;11415669638;B
20241113;100641;1484;28;11415669639;B
20241113;100641;1484.4;3;11415669640;S
20241113;100641;1484.8;2;11415669648;B
20241113;100641;1485;38;11415669649;B
20241113;100643;1485;1;11415670056;B
20241113;100656;1483.4;4;11415672456;S
20241113;100656;1483.2;1;11415672457;S
20241113;100656;1483.2;1;11415672458;S
20241113;100656;1483;1;11415672459;S
20241113;100656;1483;1;11415672460;S
20241113;100656;1483;2;11415672461;S
20241113;100658;1483;8;11415672775;S
20241113;100700;1482.6;42;11415673075;S
20241113;100700;1482.2;26;11415673076;S
20241113;100702;1483.4;1;11415673381;B
20241113;100705;1483;1;11415673815;S
20241113;100711;1483;5;11415674559;S
20241113;100712;1483;1;11415674871;S
20241113;100715;1483;1;11415675264;S
20241113;100716;1483;1;11415675330;S
20241113;100717;1483.2;1;11415675540;B
20241113;100717;1483.4;9;11415675541;B
20241113;100724;1483.2;4;11415676555;B
20241113;100732;1483.2;4;11415677780;B
20241113;100734;1483.2;4;11415678033;B
20241113;100738;1483.2;1;11415678681;B
20241113;100746;1483;6;11415680111;S
20241113;100746;1483;5;11415680112;S
20241113;100746;1483;1;11415680113;S
20241113;100746;1483;1;11415680114;S
20241113;100746;1483;4;11415680115;S
20241113;100746;1482.2;4;11415680116;S
20241113;100746;1481.8;4;11415680117;S
20241113;100746;1481.6;1;11415680118;S
20241113;100747;1483.2;1;11415680309;B
20241113;100752;1483;1;11415681249;B
20241113;100759;1483.4;1;11415683162;B
20241113;100803;1483.4;5;11415683866;B
20241113;100805;1483.4;50;11415684155;B
20241113;100805;1483.4;5;11415684208;B
20241113;100806;1483.4;24;11415684294;B
20241113;100810;1484.4;1;11415685588;B
20241113;100810;1484.6;1;11415685589;B
20241113;100810;1484.8;13;11415685590;B
20241113;100811;1484.2;1;11415686169;S
20241113;100814;1484.8;7;11415686876;B
20241113;100814;1485;43;11415686877;B
20241113;100814;1485;50;11415686992;B
20241113;100815;1485;50;11415687063;B
20241113;100816;1485;1;11415687259;B
20241113;100824;1485;1;11415689183;B
20241113;100831;1485;1;11415690488;B
20241113;100833;1485;1;11415690807;B
20241113;100833;1485;1;11415690845;B
20241113;100834;1485;20;11415690976;B
20241113;100835;1485;50;11415691111;B
20241113;100837;1485;15;11415691343;B
20241113;100842;1485;100;11415692033;B
20241113;100843;1485;5;11415692297;B
20241113;100844;1485;12;11415692497;B
20241113;100844;1485;11;11415692498;B
20241113;100844;1485;9;11415692499;B
20241113;100844;1485;28;11415692500;B
20241113;100845;1485.6;5;11415692683;B
20241113;100851;1484.4;1;11415693589;S
20241113;100851;1484.4;2;11415693590;S
20241113;100851;1484.2;8;11415693591;S
20241113;100851;1484.2;1;11415693592;S
20241113;100851;1484.2;1;11415693593;S
20241113;100851;1483.6;7;11415693594;S
20241113;100856;1485;1;11415694315;B
20241113;100857;1485;1;11415694411;B
20241113;100857;1485;1;11415694412;B
20241113;100857;1485.2;2;11415694453;S
20241113;100857;1485.2;2;11415694487;B
20241113;100858;1485.2;2;11415694542;B
20241113;100858;1485.2;2;11415694564;B
20241113;100858;1485.2;2;11415694591;B
20241113;100858;1485.2;2;11415694613;B
20241113;100859;1485.2;2;11415694638;B
20241113;100859;1485.2;2;11415694677;B
20241113;100859;1485.2;2;11415694716;B
20241113;100904;1484.8;1;11415695295;B
20241113;100905;1484.8;2;11415695373;B
20241113;100905;1484.8;1;11415695426;B
20241113;100905;1484.8;1;11415695447;B
20241113;100905;1484.6;2;11415695449;S
20241113;100908;1484.6;1;11415695951;B
20241113;100911;1484.6;2;11415696303;B
20241113;100912;1485.4;2;11415696490;S
20241113;100912;1485.4;2;11415696491;S
20241113;100916;1485.4;10;11415697180;B
20241113;100917;1485.2;1;11415697373;B
20241113;100918;1485.2;1;11415697469;B
20241113;100918;1485.4;2;11415697534;B
20241113;100918;1485.4;2;11415697548;B
20241113;100918;1485.4;2;11415697567;B
20241113;100918;1485.4;2;11415697587;B
20241113;100919;1485.4;2;11415697608;B
20241113;100919;1485.4;2;11415697628;B
20241113;100920;1485.6;10;11415697771;B
20241113;100920;1486;57;11415697772;B
20241113;100922;1485.8;2;11415698054;S
20241113;100922;1486;2;11415698055;B
20241113;100922;1486;2;11415698080;B
20241113;100922;1486;2;11415698132;B
20241113;100923;1486;2;11415698147;B
20241113;100923;1485.4;1;11415698169;S
20241113;100923;1486;2;11415698184;B
20241113;100923;1486;2;11415698208;B
20241113;100923;1485.8;2;11415698298;B
20241113;100923;1485.4;1;11415698343;S
20241113;100923;1485.4;5;11415698344;S
20241113;100923;1485.2;1;11415698345;S
20241113;100923;1485;2;11415698346;S
20241113;100923;1484.8;2;11415698347;S
20241113;100924;1485.6;2;11415698427;B
20241113;100924;1485.6;2;11415698449;B
20241113;100928;1485.6;2;11415699059;S
20241113;100930;1485.6;1;11415699294;B
20241113;100936;1485.6;1;11415700339;B
20241113;100938;1485.6;2;11415700610;B
20241113;100940;1485.4;2;11415700846;S
20241113;100940;1485.4;2;11415700847;S
20241113;100942;1485.2;1;11415701045;S
20241113;101005;1485.4;2;11415704341;S
20241113;101006;1485.2;1;11415704614;S
20241113;101006;1485;2;11415704615;S
20241113;101006;1485;10;11415704616;S
20241113;101008;1484.8;1;11415704823;S
20241113;101020;1484.4;1;11415706432;B
20241113;101023;1484.6;2;11415706781;B
20241113;101024;1484.2;2;11415706985;S
20241113;101029;1483.6;1;11415707665;S
20241113;101029;1483.6;1;11415707666;S
20241113;101029;1483.4;2;11415707667;S
20241113;101029;1483;4;11415707668;S
20241113;101029;1482.8;20;11415707669;S
20241113;101031;1482.8;1;11415707990;B
20241113;101036;1482.8;1;11415708850;B
20241113;101042;1482.8;50;11415709672;B
20241113;101043;1483.8;2;11415709724;B
20241113;101043;1484;2;11415709725;B
20241113;101055;1484;2;11415711630;B
20241113;101101;1484;1;11415712603;B
20241113;101106;1484;6;11415713469;B
20241113;101122;1484;3;11415715256;B
20241113;101123;1483.8;1;11415715280;S
20241113;101128;1484;6;11415715999;B
20241113;101128;1484;1;11415716000;B
20241113;101129;1483.8;1;11415716041;S
20241113;101145;1483.8;2;11415718295;B
20241113;101145;1484;3;11415718296;B
20241113;101145;1484.2;3;11415718297;B
20241113;101149;1484.2;5;11415718931;B
20241113;101150;1484.2;2;11415719142;B
20241113;101151;1483.6;2;11415719318;S
20241113;101203;1484;2;11415721350;B
20241113;101203;1484.2;10;11415721351;B
20241113;101203;1484.4;1;11415721352;B
20241113;101203;1484.8;25;11415721353;B
20241113;101203;1484.8;20;11415721354;B
20241113;101203;1485;4;11415721355;B
20241113;101203;1485.2;25;11415721356;B
20241113;101203;1485.4;13;11415721357;B
20241113;101203;1483.6;8;11415721358;S
20241113;101203;1483.8;1;11415721440;S
20241113;101209;1485.4;2;11415722355;B
20241113;101209;1485.4;2;11415722391;B
20241113;101209;1485.4;2;11415722425;B
20241113;101211;1485.4;2;11415722718;B
20241113;101211;1485.4;2;11415722744;B
20241113;101211;1485.4;2;11415722759;B
20241113;101211;1485.4;2;11415722783;B
20241113;101213;1485.4;2;11415723175;B
20241113;101219;1485.4;46;11415724205;B
20241113;101226;1485.2;1;11415725203;B
20241113;101226;1485.2;2;11415725224;B
20241113;101233;1485.2;25;11415726140;B
20241113;101236;1484.4;2;11415726421;S
20241113;101236;1484;1;11415726422;S
20241113;101236;1484;2;11415726423;S
20241113;101241;1485;1;11415727177;B
20241113;101247;1485.2;4;11415728058;B
20241113;101251;1485.2;1;11415728553;B
20241113;101255;1485.2;15;11415729081;B
20241113;101255;1485.4;4;11415729082;B
20241113;101255;1485.4;1;11415729083;B
20241113;101255;1485.4;1;11415729084;B
20241113;101255;1485.6;40;11415729085;B
20241113;101255;1485.8;40;11415729086;B
20241113;101255;1485.8;40;11415729087;B
20241113;101255;1486;9;11415729088;B
20241113;101255;1486;20;11415729089;B
20241113;101302;1486;5;11415730190;B
20241113;101304;1485.8;1;11415730436;B
20241113;101307;1485.8;4;11415730901;B
20241113;101319;1485.8;15;11415732980;B
20241113;101334;1485.8;51;11415735307;B
20241113;101336;1486;10;11415735716;B
20241113;101341;1486;2;11415736510;B
20241113;101343;1486;2;11415736708;B
20241113;101343;1486;1;11415736724;B
20241113;101345;1485.8;10;11415737023;S
20241113;101345;1485.8;20;11415737024;S
20241113;101351;1486;8;11415738274;B
20241113;101400;1486;1;11415739836;B
20241113;101402;1486;73;11415740124;B
20241113;101402;1486;1;11415740125;B
20241113;101402;1486.8;25;11415740126;B
20241113;101402;1487;1;11415740127;B
20241113;101402;1487.4;50;11415740128;B
20241113;101402;1487.6;30;11415740129;B
20241113;101402;1487.8;30;11415740130;B
20241113;101402;1487.8;42;11415740131;B
20241113;101402;1488;25;11415740132;B
20241113;101402;1488.4;1;11415740133;B
20241113;101402;1488.4;30;11415740134;B
20241113;101402;1488.6;1;11415740135;B
20241113;101402;1488.6;30;11415740136;B
20241113;101402;1488.6;47;11415740137;B
20241113;101402;1488.8;3;11415740138;B
20241113;101402;1488.8;3;11415740139;B
20241113;101402;1488.8;208;11415740140;B
20241113;101410;1486.6;4;11415741131;S
20241113;101410;1486.4;30;11415741132;S
20241113;101412;1488;1;11415741355;B
20241113;101412;1488;1;11415741387;B
20241113;101412;1488;1;11415741448;B
20241113;101427;1487.8;2;11415743000;B
20241113;101427;1488;1;11415743001;B
20241113;101427;1488.2;2;11415743002;B
20241113;101433;1487;10;11415743754;B
20241113;101435;1487.8;30;11415744059;B
20241113;101435;1487.8;30;11415744060;B
20241113;101435;1487.8;21;11415744061;B
20241113;101448;1487.8;9;11415746286;S
20241113;101448;1487.8;1;11415746287;S
20241113;101452;1488;2;11415746652;B
20241113;101452;1488;1;11415746653;B
20241113;101453;1488.4;30;11415746845;B
20241113;101453;1488.8;1;11415746846;B
20241113;101453;1488.8;4;11415746847;B
20241113;101453;1489;1;11415746848;B
20241113;101453;1489;14;11415746849;B
20241113;101453;1488.2;3;11415746895;S
20241113;101453;1489;3;11415746907;B
20241113;101455;1488.2;10;11415747071;S
20241113;101506;1489;19;11415748888;B
20241113;101509;1488.4;1;11415749446;S
20241113;101509;1488.2;9;11415749447;S
20241113;101512;1488.6;4;11415750264;B
20241113;101514;1488.2;10;11415750938;S
20241113;101516;1488.2;5;11415751700;S
20241113;101516;1488;137;11415751701;S
20241113;101516;1487.8;22;11415751702;S
20241113;101516;1487.6;2;11415751703;S
20241113;101516;1487.6;42;11415751704;S
20241113;101516;1486;1;11415751705;S
20241113;101516;1486;40;11415751706;S
20241113;101516;1486;4;11415751707;S
20241113;101516;1485.8;19;11415751708;S
20241113;101516;1485.2;2;11415751709;S
20241113;101516;1485.2;26;11415751710;S
20241113;101522;1486.8;1;11415753547;B
20241113;101522;1487.2;2;11415753548;B
20241113;101522;1487.4;2;11415753549;B
20241113;101524;1487;2;11415753916;B
20241113;101526;1487.2;1;11415754452;B
20241113;101529;1487.4;1;11415754943;B
20241113;101529;1487.6;1;11415754944;B
20241113;101529;1487.6;2;11415754945;B
20241113;101533;1487.6;1;11415755748;B
20241113;101537;1488;2;11415756483;S
20241113;101537;1488.8;2;11415756573;B
20241113;101538;1488.8;2;11415756589;B
20241113;101538;1488.6;2;11415756590;S
20241113;101538;1486.6;1;11415756598;S
20241113;101538;1486.2;2;11415756599;S
20241113;101538;1485.8;2;11415756600;S
20241113;101538;1485.8;30;11415756601;S
20241113;101538;1485.6;25;11415756602;S
20241113;101538;1485.4;30;11415756603;S
20241113;101538;1485.2;1;11415756604;S
20241113;101538;1485.2;9;11415756605;S
20241113;101538;1488.6;2;11415756630;B
20241113;101538;1486.6;2;11415756667;S
20241113;101538;1486.6;8;11415756668;S
20241113;101539;1488.4;1;11415756845;B
20241113;101539;1488.4;1;11415756846;B
20241113;101539;1488.4;1;11415756891;B
20241113;101539;1488.4;1;11415756892;B
20241113;101540;1488.8;2;11415756915;B
20241113;101540;1488.6;2;11415756941;B
20241113;101540;1488.4;2;11415756972;B
20241113;101541;1487.8;1;11415757126;S
20241113;101541;1488.6;2;11415757184;B
20241113;101543;1488.4;2;11415757513;B
20241113;101543;1488.8;7;11415757514;B
20241113;101544;1487.8;1;11415757642;S
20241113;101545;1488.4;1;11415757712;B
20241113;101548;1488.2;1;11415758214;B
20241113;101548;1488.2;12;11415758215;B
20241113;101549;1488;2;11415758298;B
20241113;101557;1488;1;11415759627;B
20241113;101600;1487.2;2;11415759920;S
20241113;101600;1486.4;1;11415759989;S
20241113;101600;1486.4;1;11415759990;S
20241113;101600;1486.4;1;11415759991;S
20241113;101600;1486.4;1;11415759992;S
20241113;101603;1487.6;1;11415760374;B
20241113;101603;1487.6;2;11415760390;B
20241113;101605;1487.6;1;11415760650;B
20241113;101605;1487.8;1;11415760651;B
20241113;101625;1487.6;2;11415763618;B
20241113;101628;1487.6;4;11415764225;B
20241113;101629;1487.6;9;11415764275;B
20241113;101629;1487.6;6;11415764276;B
20241113;101629;1487.6;25;11415764277;B
20241113;101629;1487.8;10;11415764278;B
20241113;101629;1488.2;22;11415764279;B
20241113;101629;1488.2;1;11415764316;B
20241113;101633;1486.6;1;11415764970;S
20241113;101633;1486.6;1;11415764971;S
20241113;101633;1486.6;1;11415764972;S
20241113;101633;1486.6;1;11415764973;S
20241113;101633;1486.6;1;11415764974;S
20241113;101633;1486.4;1;11415764975;S
20241113;101633;1486.4;9;11415764976;S
20241113;101656;1487.8;1;11415772899;B
20241113;101656;1488;1;11415772900;B
20241113;101656;1488;1;11415772901;B
20241113;101656;1488;1;11415772902;B
20241113;101656;1488.2;1;11415772903;B
20241113;101656;1488.2;1;11415772904;B
20241113;101656;1488.2;4;11415772905;B
20241113;101704;1488;7;11415775120;B
20241113;101707;1487.6;1;11415775649;S
20241113;101707;1486.8;1;11415775650;S
20241113;101707;1486.8;1;11415775651;S
20241113;101707;1486.8;1;11415775652;S
20241113;101708;1487.8;1;11415775855;B
20241113;101708;1488;1;11415775856;B
20241113;101715;1487.6;1;11415776841;B
20241113;101715;1487.6;1;11415776842;B
20241113;101715;1487.6;2;11415776843;B
20241113;101725;1486.6;1;11415778268;S
20241113;101725;1486.2;1;11415778269;S
20241113;101725;1486.2;1;11415778270;S
20241113;101725;1486.2;1;11415778271;S
20241113;101725;1486.2;1;11415778272;S
20241113;101731;1486.2;2;11415779215;S
20241113;101731;1485.8;2;11415779216;S
20241113;101732;1487.2;1;11415779604;B
20241113;101740;1487.2;1;11415780879;B
20241113;101740;1487.4;1;11415780880;B
20241113;101740;1487.4;1;11415780881;B
20241113;101748;1487.2;1;11415783100;B
20241113;101748;1487.4;1;11415783101;B
20241113;101751;1487.4;1;11415784289;B
20241113;101801;1487.2;1;11415788941;B
20241113;101807;1487.2;21;11415791406;B
20241113;101807;1488;7;11415791407;B
20241113;101807;1488;38;11415791408;B
20241113;101807;1488.4;1;11415791409;B
20241113;101807;1488.4;30;11415791410;B
20241113;101807;1488.6;3;11415791411;B
20241113;101815;1488.6;3;11415793782;B
20241113;101831;1488.4;14;11415798204;B
20241113;101844;1488.6;3;11415801117;B
20241113;101844;1488.6;7;11415801118;B
20241113;101900;1488.4;35;11415804253;B
20241113;101906;1488.4;27;11415805480;B
20241113;101912;1487.2;1;11415806425;S
20241113;101912;1487.2;1;11415806426;S
20241113;101912;1487.2;1;11415806427;S
20241113;101912;1487;1;11415806428;S
20241113;101912;1487;1;11415806429;S
20241113;101912;1487;1;11415806430;S
20241113;101912;1487;1;11415806431;S
20241113;101912;1487;1;11415806432;S
20241113;101912;1487;1;11415806433;S
20241113;101912;1487;5;11415806434;S
20241113;101912;1486.6;2;11415806435;S
20241113;101912;1486.6;10;11415806436;S
20241113;101912;1486.4;20;11415806437;S
20241113;101912;1486.2;51;11415806438;S
20241113;101912;1486;51;11415806439;S
20241113;101912;1486;25;11415806440;S
20241113;101912;1485.6;50;11415806441;S
20241113;101912;1485.6;22;11415806442;S
20241113;101912;1485.4;54;11415806443;S
20241113;101913;1485.4;7;11415806552;S
20241113;101913;1487.4;30;11415806564;B
20241113;101913;1487.6;4;11415806565;B
20241113;101913;1487.6;30;11415806566;B
20241113;101913;1487.6;1;11415806567;B
20241113;101913;1487.8;51;11415806568;B
20241113;101913;1487.8;25;11415806569;B
20241113;101913;1488;30;11415806570;B
20241113;101913;1488.2;40;11415806571;B
20241113;101913;1488.4;30;11415806572;B
20241113;101913;1488.6;34;11415806573;B
20241113;101913;1488.6;30;11415806574;B
20241113;101913;1488.8;30;11415806575;B
20241113;101913;1488.8;50;11415806576;B
20241113;101913;1489;15;11415806577;B
20241113;101916;1487.6;1;11415807102;B
20241113;101917;1487.6;2;11415807193;B
20241113;101917;1487.6;1;11415807313;B
20241113;101917;1488;1;11415807314;B
20241113;101918;1487.8;1;11415807398;B
20241113;101918;1488;1;11415807399;B
20241113;101926;1487.6;1;11415808649;B
20241113;101926;1487.8;1;11415808650;B
20241113;101926;1487.8;1;11415808651;B
20241113;101926;1487.8;4;11415808652;B
20241113;101934;1487.8;3;11415810094;B
20241113;102000;1487.4;2;11415813361;S
20241113;102000;1487.2;2;11415813362;S
20241113;102000;1486.6;2;11415813363;S
20241113;102000;1486.4;1;11415813364;S
20241113;102000;1486.4;2;11415813365;S
20241113;102000;1486.2;1;11415813366;S
20241113;102000;1486.2;1;11415813367;S
20241113;102000;1486.2;1;11415813368;S
20241113;102000;1486;2;11415813369;S
20241113;102000;1486;1;11415813370;S
20241113;102000;1486;1;11415813371;S
20241113;102000;1486;4;11415813372;S
20241113;102000;1485.8;2;11415813373;S
20241113;102000;1485.8;20;11415813374;S
20241113;102012;1487;1;11415814708;B
20241113;102012;1487;1;11415814709;B
20241113;102013;1485.8;1;11415814864;S
20241113;102014;1485.8;5;11415815019;S
20241113;102021;1485.8;25;11415816350;S
20241113;102021;1485.8;1;11415816351;S
20241113;102021;1485.6;2;11415816352;S
20241113;102021;1485.6;30;11415816353;S
20241113;102021;1485.4;161;11415816354;S
20241113;102033;1486.4;1;11415820256;B
20241113;102034;1485.4;5;11415820384;S
20241113;102035;1486.4;2;11415821039;B
20241113;102035;1486.4;1;11415821040;B
20241113;102035;1486.4;2;11415821041;B
20241113;102035;1486.6;3;11415821042;B
20241113;102046;1485.4;100;11415825945;S
20241113;102050;1486.4;1;11415827443;B
20241113;102050;1486.4;1;11415827444;B
20241113;102056;1486.6;6;11415830014;B
20241113;102102;1486.6;5;11415832710;B
20241113;102108;1486.6;10;11415834967;B
20241113;102109;1486.6;26;11415835475;B
20241113;102121;1487.4;1;11415839930;B
20241113;102121;1487.6;1;11415839931;B
20241113;102126;1487.4;1;11415842149;B
20241113;102128;1487.4;3;11415842964;B
20241113;102128;1487.6;3;11415842965;B
20241113;102128;1487.6;3;11415842966;B
20241113;102137;1487.8;35;11415847083;B
20241113;102206;1487.8;1;11415860187;S
20241113;102216;1488;1;11415865597;B
20241113;102227;1487.8;1;11415868031;B
20241113;102232;1486.8;2;11415868808;S
20241113;102232;1486.8;2;11415868809;S
20241113;102233;1487.8;1;11415869011;B
20241113;102237;1487.8;4;11415869684;B
20241113;102238;1487.6;1;11415869732;B
20241113;102246;1487.6;1;11415871220;B
20241113;102247;1487.6;1;11415871445;B
20241113;102251;1487.6;1;11415872047;B
20241113;102252;1487.8;3;11415872199;B
20241113;102257;1487.8;1;11415873109;B
20241113;102300;1487;1;11415873539;S
20241113;102300;1487;1;11415873540;S
20241113;102300;1486.8;2;11415873541;S
20241113;102300;1486.8;1;11415873542;S
20241113;102300;1486.8;68;11415873543;S
20241113;102300;1486.6;15;11415873544;S
20241113;102307;1487.6;2;11415874650;B
20241113;102307;1487.6;1;11415874651;B
20241113;102307;1487.6;1;11415874652;B
20241113;102307;1487.8;7;11415874653;B
20241113;102309;1487.8;3;11415875028;B
20241113;102335;1487.8;1;11415879714;B
20241113;102336;1487.8;6;11415879753;B
20241113;102336;1487.8;1;11415879754;B
20241113;102336;1488;4;11415879755;B
20241113;102336;1488.2;10;11415879756;B
20241113;102336;1488.4;29;11415879757;B
20241113;102341;1488.4;3;11415880595;B
20241113;102341;1488.6;17;11415880596;B
20241113;102346;1488.8;68;11415881377;B
20241113;102346;1488.8;34;11415881378;B
20241113;102346;1489;49;11415881379;B
20241113;102353;1488;1;11415882535;B
20241113;102353;1489;4;11415882536;B
20241113;102354;1489;3;11415882694;B
20241113;102405;1489;30;11415883931;B
20241113;102407;1489;50;11415884120;B
20241113;102407;1489;27;11415884132;B
20241113;102410;1489;14;11415884491;B
20241113;102414;1489;7;11415884827;B
20241113;102417;1489;1;11415885070;B
20241113;102417;1489;1;11415885085;B
20241113;102431;1489;24;11415886710;B
20241113;102431;1489;20;11415886711;B
20241113;102431;1489;1;11415886712;B
20241113;102431;1489;8;11415886713;B
20241113;102431;1489;20;11415886714;B
20241113;102431;1489.6;1;11415886715;B
20241113;102431;1489.8;26;11415886716;B
20241113;102431;1489.8;2;11415886736;B
20241113;102439;1488.2;1;11415888301;S
20241113;102453;1488.2;1;11415890319;S
20241113;102455;1489.6;1;11415890734;B
20241113;102455;1489.8;2;11415890735;B
20241113;102455;1489.8;1;11415890736;B
20241113;102455;1489.8;3;11415890737;B
20241113;102455;1490;1;11415890738;B
20241113;102455;1490;1;11415890739;B
20241113;102455;1490;20;11415890740;B
20241113;102455;1490;20;11415890741;B
20241113;102455;1490;2;11415890742;B
20241113;102455;1490.2;22;11415890743;B
20241113;102503;1490.2;1;11415892063;B
20241113;102503;1488.4;1;11415892094;S
20241113;102508;1488.4;1;11415892881;S
20241113;102510;1489.6;12;11415893219;B
20241113;102516;1488.4;1;11415894019;S
20241113;102516;1488.4;1;11415894020;S
20241113;102516;1488.2;1;11415894021;S
20241113;102516;1488.2;2;11415894022;S
20241113;102516;1488;1;11415894023;S
20241113;102516;1487.8;1;11415894024;S
20241113;102516;1487.8;1;11415894025;S
20241113;102516;1487.6;3;11415894026;S
20241113;102516;1487.6;1;11415894027;S
20241113;102516;1487.6;10;11415894028;S
20241113;102516;1487.4;1;11415894029;S
20241113;102516;1487.4;1;11415894030;S
20241113;102516;1487.4;1;11415894031;S
20241113;102516;1487.4;4;11415894032;S
20241113;102516;1487.2;51;11415894033;S
20241113;102516;1487.2;40;11415894034;S
20241113;102516;1487;25;11415894035;S
20241113;102516;1487;21;11415894036;S
20241113;102523;1487.8;3;11415895206;B
20241113;102523;1487.8;1;11415895207;B
20241113;102523;1488;1;11415895208;B
20241113;102523;1488;13;11415895209;B
20241113;102526;1488;10;11415895564;B
20241113;102533;1488;1;11415896778;B
20241113;102533;1488;1;11415896779;B
20241113;102533;1488;1;11415896780;B
20241113;102553;1488;5;11415899438;S
20241113;102557;1488;1;11415900472;B
20241113;102557;1488.4;27;11415900473;B
20241113;102615;1488.2;1;11415903536;B
20241113;102616;1488.4;1;11415903692;B
20241113;102618;1489;1;11415904008;B
20241113;102620;1488.8;2;11415904309;B
20241113;102620;1489;4;11415904310;B
20241113;102620;1489;51;11415904311;B
20241113;102620;1489.2;1;11415904312;B
20241113;102620;1489.2;30;11415904313;B
20241113;102620;1489.4;40;11415904314;B
20241113;102620;1489.4;11;11415904315;B
20241113;102627;1489.6;5;11415905488;B
20241113;102634;1489.6;1;11415906500;B
20241113;102636;1488.2;2;11415906668;S
20241113;102636;1488;1;11415906669;S
20241113;102636;1488;2;11415906670;S
20241113;102636;1488;2;11415906671;S
20241113;102636;1487.8;2;11415906672;S
20241113;102636;1487.8;1;11415906673;S
20241113;102636;1487.8;2;11415906674;S
20241113;102636;1487.8;3;11415906675;S
20241113;102636;1487.6;6;11415906676;S
20241113;102636;1487.6;29;11415906677;S
20241113;102639;1488.8;1;11415907077;B
20241113;102641;1487.4;1;11415907417;S
20241113;102648;1488.6;1;11415908224;B
20241113;102648;1488.6;1;11415908225;B
20241113;102648;1488.8;1;11415908226;B
20241113;102648;1488.8;3;11415908227;B
20241113;102648;1489;2;11415908228;B
20241113;102648;1489;2;11415908229;B
20241113;102648;1489.2;2;11415908230;B
20241113;102648;1489.2;1;11415908231;B
20241113;102648;1489.4;51;11415908232;B
20241113;102648;1489.4;29;11415908233;B
20241113;102648;1489.4;7;11415908234;B
20241113;102711;1488.4;1;11415910747;S
20241113;102711;1488.2;1;11415910748;S
20241113;102711;1488;3;11415910749;S
20241113;102711;1487.8;4;11415910750;S
20241113;102711;1487.8;1;11415910751;S
20241113;102711;1487.8;2;11415910752;S
20241113;102711;1487.6;38;11415910753;S
20241113;102747;1487.4;1;11415915581;S
20241113;102747;1487.2;26;11415915582;S
20241113;102752;1488.6;1;11415916402;B
20241113;102752;1488.6;1;11415916403;B
20241113;102758;1488.6;1;11415917529;B
20241113;102801;1488.4;1;11415917987;B
20241113;102842;1488.4;1;11415923917;B
20241113;102842;1488.4;25;11415923918;B
20241113;102844;1488.6;2;11415924186;B
20241113;102844;1488.6;1;11415924187;B
20241113;102844;1488.8;5;11415924188;B
20241113;102857;1488.8;1;11415926030;B
20241113;102900;1488.8;1;11415926512;B
20241113;102904;1488.8;1;11415927078;B
20241113;102911;1488.4;20;11415927945;S
20241113;102914;1488.4;24;11415928297;S
20241113;102915;1488.4;4;11415928381;B
20241113;102921;1488.4;1;11415929214;B
20241113;102924;1488.2;1;11415929616;S
20241113;102931;1488.2;1;11415930505;B
20241113;102937;1488;25;11415931290;B
20241113;102940;1488;16;11415931577;B
20241113;102947;1487.6;1;11415932211;S
20241113;102947;1487.6;1;11415932212;S
20241113;102947;1487.6;1;11415932213;S
20241113;102947;1487.4;1;11415932214;S
20241113;102947;1487.4;1;11415932215;S
20241113;102947;1487.4;2;11415932216;S
20241113;103003;1488;2;11415933955;B
20241113;103003;1488;3;11415933956;B
20241113;103010;1488.2;7;11415934800;B
20241113;103010;1488;16;11415934834;S
20241113;103018;1488.2;2;11415935682;B
20241113;103021;1488.2;1;11415936079;B
20241113;103027;1488.2;1;11415936841;B
20241113;103027;1488;27;11415936854;S
20241113;103030;1488.2;5;11415937129;B
20241113;103030;1488.2;4;11415937199;B
20241113;103036;1488.2;2;11415938202;B
20241113;103056;1488;2;11415941759;S
20241113;103106;1488;50;11415943403;S
20241113;103108;1488.2;1;11415943673;B
20241113;103151;1487.4;13;11415949280;S
20241113;103151;1487;22;11415949281;S
20241113;103151;1487.8;25;11415949283;B
20241113;103151;1487.8;13;11415949284;B
20241113;103151;1487.8;12;11415949285;B
20241113;103155;1486.8;2;11415949879;S
20241113;103155;1486.8;25;11415949880;S
20241113;103155;1486.8;3;11415949881;S
20241113;103155;1486.8;51;11415949882;S
20241113;103155;1486.6;7;11415949883;S
20241113;103155;1487.8;2;11415949886;B
20241113;103155;1487.8;22;11415949887;B
20241113;103208;1487.8;1;11415951607;B
20241113;103214;1487.6;2;11415952277;B
20241113;103218;1486.8;23;11415952767;S
20241113;103218;1486.6;72;11415952768;S
20241113;103218;1486.6;1;11415952769;S
20241113;103218;1486.6;50;11415952770;S
20241113;103234;1485.6;1;11415954585;S
20241113;103248;1486.4;1;11415955965;B
20241113;103248;1486.6;4;11415955966;B
20241113;103249;1486.6;4;11415956046;B
20241113;103313;1485.8;1;11415959036;S
20241113;103313;1485.8;1;11415959037;S
20241113;103313;1485.8;1;11415959038;S
20241113;103313;1485.8;27;11415959039;S
20241113;103314;1485.8;3;11415959172;S
20241113;103314;1485.8;1;11415959173;B
20241113;103339;1485.6;9;11415962329;S
20241113;103339;1485.6;1;11415962330;S
20241113;103339;1485.4;173;11415962331;S
20241113;103339;1485.4;1;11415962332;S
20241113;103339;1485.4;40;11415962333;S
20241113;103339;1485.4;1;11415962334;S
20241113;103339;1485.2;30;11415962335;S
20241113;103339;1485.2;2;11415962336;S
20241113;103339;1485;1;11415962337;S
20241113;103339;1485;1;11415962338;S
20241113;103339;1485;3;11415962339;S
20241113;103339;1485;238;11415962340;S
20241113;103346;1485.6;2;11415963296;B
20241113;103354;1485;30;11415964207;S
20241113;103403;1485;1;11415965378;S
20241113;103412;1485.2;1;11415966492;S
20241113;103413;1485.6;1;11415966685;B
20241113;103413;1485.8;1;11415966686;B
20241113;103416;1485;31;11415966966;S
20241113;103416;1485;10;11415966967;S
20241113;103416;1485;1;11415966968;S
20241113;103416;1485;1;11415966969;S
20241113;103416;1485;1;11415966970;S
20241113;103416;1485;67;11415966971;S
20241113;103416;1485;1;11415966972;S
20241113;103427;1485;1;11415968391;B
20241113;103437;1484.2;1;11415969661;S
20241113;103441;1484.2;1;11415970201;S
20241113;103441;1484;18;11415970202;S
20241113;103441;1483.4;1;11415970203;S
20241113;103441;1483.4;1;11415970204;S
20241113;103441;1483.4;1;11415970205;S
20241113;103441;1483.4;1;11415970206;S
20241113;103441;1483.2;1;11415970207;S
20241113;103441;1483.2;1;11415970208;S
20241113;103441;1483.2;30;11415970209;S
20241113;103441;1483.2;15;11415970210;S
20241113;103442;1483.4;28;11415970311;S
20241113;103442;1483.2;72;11415970312;S
20241113;103442;1484.6;1;11415970398;B
20241113;103443;1484.6;1;11415970451;B
20241113;103453;1484.4;1;11415971825;B
20241113;103453;1484.6;25;11415971826;B
20241113;103453;1484.6;2;11415971827;B
20241113;103453;1484.6;2;11415971828;B
20241113;103453;1484.8;51;11415971829;B
20241113;103453;1484.8;19;11415971830;B
20241113;103458;1484.2;10;11415972557;B
20241113;103458;1484.8;10;11415972558;B
20241113;103510;1484.6;1;11415974133;B
20241113;103510;1484.6;1;11415974134;B
20241113;103510;1484.8;3;11415974135;B
20241113;103516;1484.6;1;11415974774;B
20241113;103516;1484.8;4;11415974775;B
20241113;103520;1484.8;15;11415975277;B
20241113;103520;1485;3;11415975278;B
20241113;103528;1485;1;11415975941;B
20241113;103528;1485;1;11415975966;B
20241113;103530;1485;1;11415976246;B
20241113;103536;1485;1;11415976886;B
20241113;103551;1485;3;11415978265;B
20241113;103553;1484.8;1;11415978770;S
20241113;103553;1484.8;10;11415978771;S
20241113;103553;1483.8;1;11415978772;S
20241113;103553;1483.6;1;11415978773;S
20241113;103553;1483.6;1;11415978774;S
20241113;103553;1483.6;2;11415978775;S
20241113;103553;1483.4;24;11415978776;S
20241113;103554;1484.8;1;11415978852;B
20241113;103603;1483.6;1;11415980356;S
20241113;103603;1484.6;1;11415980537;B
20241113;103609;1483.6;1;11415981424;S
20241113;103609;1483.6;1;11415981425;S
20241113;103609;1483.4;12;11415981426;S
20241113;103617;1484.4;1;11415982462;B
20241113;103622;1483.4;10;11415983334;S
20241113;103623;1483.4;10;11415983497;S
20241113;103631;1484.2;1;11415984686;B
20241113;103637;1484.4;1;11415986048;B
20241113;103637;1484.4;25;11415986049;B
20241113;103642;1484.6;1;11415986698;B
20241113;103642;1484.6;1;11415986699;B
20241113;103642;1484.6;1;11415986700;B
20241113;103642;1484.8;4;11415986701;B
20241113;103644;1484.4;14;11415986958;S
20241113;103648;1484.8;1;11415987536;B
20241113;103650;1484.8;5;11415987789;B
20241113;103653;1484.8;1;11415988356;B
20241113;103709;1484.6;20;11415990797;B
20241113;103710;1484.6;1;11415990890;B
20241113;103720;1484.6;1;11415992410;B
20241113;103728;1484.6;1;11415993443;B
20241113;103731;1483.8;1;11415993766;S
20241113;103731;1483.6;1;11415993767;S
20241113;103731;1483.6;1;11415993874;S
20241113;103731;1483.6;1;11415993875;S
20241113;103731;1483.6;1;11415993876;S
20241113;103731;1483.6;1;11415993877;S
20241113;103731;1483.6;1;11415993878;S
20241113;103731;1483.4;19;11415993879;S
20241113;103731;1483.4;1;11415993880;S
20241113;103731;1483.4;1;11415993881;S
20241113;103731;1483.4;4;11415993882;S
20241113;103742;1483.4;20;11415995329;S
20241113;103749;1483.4;15;11415996142;S
20241113;103751;1484;1;11415996333;B
20241113;103751;1484;1;11415996334;B
20241113;103751;1484.2;1;11415996335;B
20241113;103751;1484.2;1;11415996336;B
20241113;103751;1484.2;1;11415996337;B
20241113;103751;1484.2;1;11415996338;B
20241113;103751;1484.2;1;11415996339;B
20241113;103751;1484.4;1;11415996340;B
20241113;103751;1484.4;23;11415996341;B
20241113;103754;1483.4;20;11415996701;S
20241113;103754;1483.6;1;11415996752;S
20241113;103754;1483.4;1;11415996753;S
20241113;103808;1483.6;1;11415998766;S
20241113;103808;1483.4;2;11415998767;S
20241113;103808;1483.4;1;11415998768;S
20241113;103808;1483.2;30;11415998769;S
20241113;103808;1483.2;1;11415998770;S
20241113;103808;1483.2;1;11415998771;S
20241113;103808;1483;1;11415998772;S
20241113;103808;1483;1;11415998773;S
20241113;103808;1483;10;11415998774;S
20241113;103808;1483;10;11415998775;S
20241113;103808;1483;2;11415998776;S
20241113;103808;1483;40;11415998777;S
20241113;103821;1483.2;30;11415999965;S
20241113;103821;1483.2;11;11415999966;B
20241113;103821;1483.2;19;11415999986;S
20241113;103821;1483;60;11415999987;S
20241113;103821;1483;1;11415999988;S
20241113;103821;1484;1;11415999989;B
20241113;103821;1484.2;1;11415999990;B
20241113;103824;1483.4;1;11416000275;S
20241113;103824;1483.2;30;11416000276;S
20241113;103824;1483;29;11416000277;S
20241113;103824;1483;1;11416000278;S
20241113;103824;1483;18;11416000279;S
20241113;103824;1482.8;21;11416000280;S
20241113;103825;1483;15;11416000475;S
20241113;103829;1483;15;11416000794;S
20241113;103829;1482.8;29;11416000795;S
20241113;103829;1482.8;1;11416000796;S
20241113;103829;1482.8;30;11416000797;S
20241113;103830;1482.8;30;11416000962;B
20241113;103833;1482.8;1;11416001224;B
20241113;103835;1482.8;5;11416001404;B
20241113;103837;1482.6;3;11416001661;S
20241113;103837;1482.6;1;11416001662;S
20241113;103837;1482.4;1;11416001663;S
20241113;103837;1482.2;10;11416001664;S
20241113;103837;1482.2;1;11416001665;S
20241113;103837;1482.2;30;11416001666;S
20241113;103837;1482;1;11416001667;S
20241113;103837;1482;1;11416001668;S
20241113;103837;1482;1;11416001669;S
20241113;103837;1482;11;11416001670;S
20241113;103845;1482;10;11416002576;S
20241113;103845;1481.8;50;11416002579;S
20241113;103845;1481.8;30;11416002580;S
20241113;103845;1481.6;22;11416002581;S
20241113;103845;1481.6;30;11416002582;S
20241113;103845;1481.4;100;11416002583;S
20241113;103845;1481.4;1;11416002584;S
20241113;103845;1481.4;4;11416002585;S
20241113;103845;1481.4;30;11416002586;S
20241113;103845;1481.4;48;11416002587;S
20241113;103845;1481.4;1;11416002721;S
20241113;103903;1481.8;1;11416005145;B
20241113;103904;1481.8;1;11416005149;B
20241113;103904;1481.8;10;11416005217;B
20241113;103904;1481.4;1;11416005226;S
20241113;103904;1481.4;1;11416005227;S
20241113;103904;1481.4;10;11416005228;S
20241113;103907;1481.4;2;11416005519;S
20241113;103907;1481.8;2;11416005635;B
20241113;103909;1481.8;1;11416005929;B
20241113;103914;1481.6;1;11416006416;S
20241113;103914;1481.4;28;11416006417;S
20241113;103914;1481.4;24;11416006418;S
20241113;103914;1481.2;1;11416006419;S
20241113;103914;1481.2;1;11416006420;S
20241113;103914;1481.2;10;11416006421;S
20241113;103914;1481.2;100;11416006422;S
20241113;103914;1481.2;53;11416006423;S
20241113;103914;1481.2;82;11416006424;S
20241113;103914;1481;1;11416006425;S
20241113;103914;1481;1;11416006426;S
20241113;103914;1481;30;11416006427;S
20241113;103914;1481;4;11416006428;S
20241113;103914;1481;10;11416006429;S
20241113;103914;1481;10;11416006430;S
20241113;103914;1481;30;11416006431;S
20241113;103914;1481;1;11416006432;S
20241113;103914;1481;30;11416006433;S
20241113;103914;1481;1;11416006434;S
20241113;103914;1481;30;11416006435;B
20241113;103916;1481.8;2;11416006666;B
20241113;103916;1481.8;1;11416006733;B
20241113;103919;1481.8;1;11416007138;B
20241113;103919;1481.8;1;11416007145;B
20241113;103923;1483.2;1;11416007586;B
20241113;103923;1483.2;1;11416007587;B
20241113;103926;1483.2;1;11416008012;B
20241113;103928;1483.6;1;11416008344;B
20241113;103931;1483.4;1;11416008761;B
20241113;103932;1481.8;1;11416008840;S
20241113;103935;1481.8;3;11416009008;B
20241113;103936;1481.8;3;11416009234;B
20241113;103937;1481.8;1;11416009299;B
20241113;103937;1483.2;1;11416009300;B
20241113;103937;1483.4;12;11416009301;B
20241113;103937;1483.6;1;11416009355;B
20241113;103940;1481.2;1;11416009581;S
20241113;103940;1481.2;1;11416009582;S
20241113;103940;1481.2;1;11416009583;S
20241113;103940;1481.2;1;11416009584;S
20241113;103940;1481.2;1;11416009585;S
20241113;103940;1481.2;12;11416009586;S
20241113;103940;1481;8;11416009587;S
20241113;104007;1482.6;1;11416013548;B
20241113;104007;1482.8;1;11416013549;B
20241113;104007;1482.8;1;11416013550;B
20241113;104007;1483;1;11416013551;B
20241113;104007;1483;1;11416013552;B
20241113;104022;1483;1;11416016100;B
20241113;104032;1482.8;1;11416017569;B
20241113;104042;1482.8;1;11416019153;B
20241113;104045;1481.6;1;11416019502;S
20241113;104045;1481.6;1;11416019503;S
20241113;104045;1481.4;1;11416019504;S
20241113;104045;1481.4;1;11416019505;S
20241113;104045;1481.4;1;11416019506;S
20241113;104045;1481.2;1;11416019507;S
20241113;104045;1481.2;1;11416019508;S
20241113;104045;1481.2;1;11416019509;S
20241113;104045;1481.2;1;11416019510;S
20241113;104045;1481.2;1;11416019511;S
20241113;104045;1481.2;1;11416019512;S
20241113;104045;1481.2;1;11416019513;S
20241113;104045;1481.2;1;11416019514;S
20241113;104045;1481.2;5;11416019515;S
20241113;104045;1481;9;11416019516;S
20241113;104048;1481;30;11416019837;S
20241113;104048;1481;10;11416019838;S
20241113;104048;1481;1;11416019839;S
20241113;104048;1481;2;11416019840;S
20241113;104048;1480.8;7;11416019841;S
20241113;104048;1482.2;1;11416019889;B
20241113;104050;1482.2;1;11416020237;B
20241113;104058;1481;1;11416021058;B
20241113;104101;1481;1;11416021385;B
20241113;104102;1481;18;11416021494;B
20241113;104102;1482;1;11416021495;B
20241113;104102;1482;1;11416021496;B
20241113;104102;1482.2;1;11416021497;B
20241113;104102;1482.4;1;11416021498;B
20241113;104102;1482.4;1;11416021499;B
20241113;104102;1482.4;1;11416021500;B
20241113;104102;1482.4;1;11416021501;B
20241113;104111;1481;20;11416022416;S
20241113;104116;1482;1;11416022969;B
20241113;104116;1482.2;4;11416022970;B
20241113;104116;1482.4;4;11416022971;B
20241113;104116;1482.6;1;11416022972;B
20241113;104116;1482.6;5;11416022973;B
20241113;104116;1482.8;51;11416022974;B
20241113;104116;1482.8;34;11416022975;B
20241113;104117;1481.2;5;11416023100;S
20241113;104118;1481.4;20;11416023162;S
20241113;104118;1482.6;1;11416023221;B
20241113;104120;1482.6;10;11416023458;B
20241113;104124;1482.6;7;11416023872;B
20241113;104130;1482.6;3;11416024596;B
20241113;104130;1482.8;2;11416024597;B
20241113;104131;1482.8;5;11416024776;B
20241113;104133;1481.6;1;11416025007;S
20241113;104133;1481.6;19;11416025008;S
20241113;104134;1482.8;5;11416025057;B
20241113;104144;1482.6;1;11416026261;B
20241113;104159;1482.6;14;11416028234;S
20241113;104203;1483;1;11416028629;B
20241113;104203;1483;3;11416028630;B
20241113;104206;1482.8;5;11416029060;S
20241113;104206;1482;1;11416029061;S
20241113;104206;1482;4;11416029062;S
20241113;104213;1482.2;5;11416029805;S
20241113;104227;1483;1;11416031369;B
20241113;104234;1482;7;11416032061;S
20241113;104234;1481.8;1;11416032062;S
20241113;104234;1481.6;42;11416032063;S
20241113;104253;1482.8;24;11416034822;B
20241113;104300;1483;1;11416035588;B
20241113;104306;1483;80;11416036378;B
20241113;104306;1483;20;11416036379;B
20241113;104314;1482.8;6;11416037408;S
20241113;104314;1482.8;1;11416037409;S
20241113;104314;1481.8;5;11416037410;S
20241113;104316;1483;1;11416037665;B
20241113;104316;1483;1;11416037699;B
20241113;104329;1483;1;11416039128;B
20241113;104339;1483;1;11416040318;B
20241113;104351;1483;10;11416041649;B
20241113;104401;1483;1;11416042698;B
20241113;104402;1482;1;11416042841;S
20241113;104407;1482;24;11416043438;B
20241113;104408;1482;25;11416043503;B
20241113;104408;1482;3;11416043504;S
20241113;104413;1482;30;11416043958;S
20241113;104413;1482;23;11416043959;S
20241113;104421;1482;20;11416044884;S
20241113;104423;1482.8;1;11416045085;B
20241113;104423;1483;12;11416045086;B
20241113;104423;1483.4;1;11416045087;B
20241113;104423;1483.4;26;11416045088;B
20241113;104425;1483.4;1;11416045263;B
20241113;104427;1483.6;1;11416045461;B
20241113;104432;1483.6;1;11416046318;B
20241113;104439;1483.2;5;11416047514;S
20241113;104439;1483;15;11416047515;S
20241113;104443;1484.4;10;11416048160;B
20241113;104448;1484.2;2;11416048910;B
20241113;104500;1484.2;1;11416051027;B
20241113;104505;1483.4;20;11416051720;S
20241113;104526;1483.4;1;11416054284;S
20241113;104527;1483.4;20;11416054404;S
20241113;104532;1483.4;1;11416054906;S
20241113;104536;1483.4;2;11416055244;S
20241113;104538;1483.8;1;11416055466;B
20241113;104554;1484;1;11416057229;B
20241113;104556;1483.8;1;11416057533;B
20241113;104557;1483.4;4;11416057641;S
20241113;104600;1483.4;2;11416058196;S
20241113;104600;1483.4;1;11416058197;S
20241113;104609;1483.8;1;11416059271;B
20241113;104619;1483.8;3;11416060494;B
20241113;104652;1483.8;1;11416064245;B
20241113;104710;1483.4;2;11416066429;S
20241113;104710;1483;1;11416066430;S
20241113;104710;1483;10;11416066431;S
20241113;104710;1483;2;11416066432;S
20241113;104733;1483;1;11416069695;S
20241113;104740;1483;20;11416070582;S
20241113;104740;1483;20;11416070583;S
20241113;104741;1483;30;11416070687;S
20241113;104756;1483;36;11416072792;S
20241113;104756;1483;5;11416072793;S
20241113;104756;1482.6;1;11416072794;S
20241113;104756;1482.6;1;11416072795;S
20241113;104756;1482.6;1;11416072796;S
20241113;104756;1482.6;1;11416072797;S
20241113;104756;1482.4;1;11416072798;S
20241113;104756;1482.4;1;11416072799;S
20241113;104756;1482.4;1;11416072800;S
20241113;104756;1482.4;1;11416072801;S
20241113;104756;1482.4;1;11416072802;S
20241113;104756;1482.2;19;11416072803;S
20241113;104756;1482.2;16;11416072804;S
20241113;104756;1482;19;11416072805;S
20241113;104756;1482;16;11416072806;S
20241113;104759;1483;1;11416073049;B
20241113;104759;1483.2;1;11416073050;B
20241113;104759;1483.4;18;11416073051;B
20241113;104801;1483;1;11416073224;S
20241113;104804;1483.2;1;11416073468;B
20241113;104806;1483.2;1;11416073539;B
20241113;104807;1483.2;1;11416073628;B
20241113;104808;1483.2;1;11416073670;B
20241113;104809;1483.2;1;11416073770;B
20241113;104821;1483;5;11416074843;S
20241113;104821;1483;1;11416074844;S
20241113;104821;1482.2;18;11416074845;S
20241113;104821;1482.2;1;11416074846;S
20241113;104821;1482;6;11416074847;S
20241113;104830;1483.2;1;11416075925;B
20241113;104830;1483.2;1;11416075926;B
20241113;104830;1483.4;2;11416075927;B
20241113;104830;1483.4;1;11416075928;B
20241113;104831;1482;20;11416076044;S
20241113;104843;1483.4;7;11416077528;B
20241113;104850;1483.4;5;11416078922;B
20241113;104852;1483.4;8;11416079372;B
20241113;104908;1483.4;10;11416081320;B
20241113;104910;1482.4;1;11416081556;S
20241113;104910;1482.4;1;11416081557;S
20241113;104910;1482.4;5;11416081558;S
20241113;104910;1482.4;1;11416081559;S
20241113;104911;1482.2;1;11416081646;S
20241113;104915;1482.4;1;11416082072;B
20241113;104917;1482.4;1;11416082279;B
20241113;104917;1483;1;11416082343;B
20241113;104920;1483;1;11416082662;B
20241113;104921;1483.2;1;11416082835;B
20241113;104922;1483.2;1;11416082906;B
20241113;104923;1483.2;1;11416082930;B
20241113;104923;1483.2;1;11416083031;B
20241113;104924;1483.2;1;11416083077;B
20241113;104924;1483.2;1;11416083105;B
20241113;104925;1483.2;1;11416083149;B
20241113;104936;1483.4;10;11416084021;S
20241113;104945;1483.6;1;11416084785;B
20241113;104947;1483.6;1;11416084912;B
20241113;105002;1483.6;23;11416086266;B
20241113;105002;1483.6;1;11416086267;B
20241113;105002;1483.6;1;11416086268;B
20241113;105002;1483.6;1;11416086269;B
20241113;105002;1483.6;41;11416086270;B
20241113;105021;1483.6;6;11416088577;B
20241113;105021;1483.8;17;11416088578;B
20241113;105026;1483.8;4;11416089315;B
20241113;105027;1483.2;4;11416089405;S
20241113;105027;1482.6;1;11416089406;S
20241113;105036;1483.6;1;11416090886;B
20241113;105036;1483.6;1;11416091105;B
20241113;105041;1482.6;1;11416092260;S
20241113;105041;1482.4;1;11416092261;S
20241113;105041;1482.4;2;11416092262;S
20241113;105041;1482.4;2;11416092263;S
20241113;105041;1482.2;30;11416092264;S
20241113;105041;1482.2;31;11416092265;S
20241113;105041;1482.2;4;11416092266;S
20241113;105041;1482.2;2;11416092267;S
20241113;105041;1482;8;11416092268;S
20241113;105041;1482;10;11416092269;S
20241113;105041;1482;8;11416092270;S
20241113;105044;1483.4;1;11416092966;B
20241113;105044;1483.4;1;11416092967;B
20241113;105112;1482.6;1;11416096417;S
20241113;105112;1482.2;2;11416096418;S
20241113;105112;1482;447;11416096419;S
20241113;105112;1482;45;11416096420;S
20241113;105112;1482;1;11416096421;S
20241113;105112;1482;1;11416096422;S
20241113;105123;1483;1;11416097589;B
20241113;105126;1483;1;11416097929;B
20241113;105139;1483;1;11416099541;B
20241113;105149;1483;1;11416100829;B
20241113;105222;1482.6;5;11416104189;S
20241113;105222;1481.8;1;11416104190;S
20241113;105222;1481.8;1;11416104191;S
20241113;105222;1481.8;1;11416104192;S
20241113;105222;1481.8;1;11416104193;S
20241113;105222;1481.8;1;11416104194;S
20241113;105222;1481.8;1;11416104195;S
20241113;105222;1481.8;1;11416104196;S
20241113;105222;1481.6;5;11416104197;S
20241113;105222;1481.6;8;11416104198;S
20241113;105232;1481.6;2;11416104954;S
20241113;105232;1481.6;1;11416104955;S
20241113;105240;1482.6;1;11416105577;B
20241113;105243;1482.6;1;11416105774;B
20241113;105244;1481.4;1;11416105836;S
20241113;105244;1481.4;10;11416105837;S
20241113;105244;1481.4;1;11416105838;S
20241113;105244;1481.4;1;11416105839;S
20241113;105244;1481.4;2;11416105840;S
20241113;105244;1481.4;1;11416105841;S
20241113;105244;1481.4;1;11416105842;S
20241113;105244;1481.4;1;11416105843;S
20241113;105244;1481.4;1;11416105844;S
20241113;105244;1481.4;1;11416105845;S
20241113;105244;1482.6;2;11416105878;B
20241113;105246;1481.4;1;11416106040;S
20241113;105248;1481.4;4;11416106211;S
20241113;105248;1481.2;1;11416106212;S
20241113;105258;1482;1;11416107554;B
20241113;105303;1482;1;11416108326;B
20241113;105305;1481.2;1;11416108594;S
20241113;105341;1481.2;1;11416117693;S
20241113;105341;1481.2;1;11416117694;S
20241113;105341;1481.2;10;11416117695;S
20241113;105341;1481.2;1;11416117696;S
20241113;105341;1481;80;11416117697;S
20241113;105341;1481;10;11416117698;S
20241113;105341;1481;67;11416117699;S
20241113;105341;1481;22;11416117700;S
20241113;105341;1481;1;11416117701;S
20241113;105341;1481;1;11416117702;S
20241113;105341;1481;20;11416117703;S
20241113;105341;1481;4;11416117704;S
20241113;105350;1481.8;1;11416118841;B
20241113;105423;1481;1;11416122670;S
20241113;105428;1482;3;11416123383;B
20241113;105428;1482.2;2;11416123384;B
20241113;105428;1482.2;2;11416123385;B
20241113;105435;1482.2;2;11416123919;B
20241113;105435;1482.2;2;11416123920;B
20241113;105435;1482.2;1;11416123988;B
20241113;105436;1481.8;10;11416124002;S
20241113;105436;1481;8;11416124003;S
20241113;105440;1482;1;11416124473;B
20241113;105443;1482.2;3;11416124713;B
20241113;105443;1482.2;5;11416124714;B
20241113;105443;1482.2;5;11416124715;B
20241113;105443;1482.4;2;11416124716;B
20241113;105443;1482.4;2;11416124717;B
20241113;105443;1482.4;1;11416124718;B
20241113;105450;1481.4;1;11416125521;S
20241113;105450;1481.4;5;11416125522;S
20241113;105450;1481.2;3;11416125523;S
20241113;105450;1481.2;1;11416125524;S
20241113;105450;1481.2;1;11416125525;S
20241113;105450;1481.2;1;11416125526;S
20241113;105450;1481.2;1;11416125527;S
20241113;105450;1481.2;1;11416125528;S
20241113;105450;1481;4;11416125529;S
20241113;105450;1481;3;11416125530;S
20241113;105453;1482.4;1;11416125777;B
20241113;105502;1482.4;1;11416126947;B
20241113;105504;1482.4;4;11416127170;B
20241113;105504;1482.4;5;11416127171;B
20241113;105504;1482.6;10;11416127172;B
20241113;105504;1482.6;2;11416127179;B
20241113;105512;1481.4;1;11416127745;S
20241113;105512;1481.2;5;11416127746;S
20241113;105512;1481;1;11416127747;S
20241113;105512;1481;1;11416127748;S
20241113;105512;1481;5;11416127749;S
20241113;105512;1481;1;11416127750;S
20241113;105512;1481;5;11416127751;S
20241113;105517;1482;1;11416128154;B
20241113;105522;1481;7;11416128406;S
20241113;105522;1481;1;11416128407;S
20241113;105522;1481;1;11416128408;S
20241113;105522;1481;1;11416128409;S
20241113;105522;1481;1;11416128410;S
20241113;105522;1481;1;11416128411;S
20241113;105522;1481;1;11416128412;S
20241113;105522;1481;1;11416128413;S
20241113;105522;1481;1;11416128414;S
20241113;105522;1480.8;13;11416128415;S
20241113;105522;1480.8;7;11416128416;S
20241113;105522;1480.8;2;11416128417;S
20241113;105522;1480.6;100;11416128418;S
20241113;105522;1480.6;10;11416128419;S
20241113;105522;1480.6;51;11416128420;S
20241113;105522;1480.6;2;11416128421;S
20241113;105522;1480.6;10;11416128422;S
20241113;105522;1480.6;1;11416128423;S
20241113;105522;1480.6;5;11416128424;S
20241113;105522;1480.4;40;11416128425;S
20241113;105522;1480.4;1;11416128426;S
20241113;105522;1480.4;10;11416128427;S
20241113;105522;1480.4;1;11416128428;S
20241113;105522;1480.4;2;11416128429;S
20241113;105522;1480.4;10;11416128430;S
20241113;105522;1480.4;100;11416128431;S
20241113;105522;1480.4;50;11416128432;S
20241113;105522;1480.4;2;11416128433;S
20241113;105522;1480.4;68;11416128434;S
20241113;105522;1481.8;1;11416128500;B
20241113;105525;1481.6;3;11416128674;B
20241113;105525;1481.6;8;11416128675;B
20241113;105525;1481.8;7;11416128676;B
20241113;105533;1480.8;1;11416129341;S
20241113;105533;1480.8;1;11416129342;S
20241113;105533;1480.8;1;11416129343;S
20241113;105533;1480.8;1;11416129344;S
20241113;105533;1480.8;1;11416129345;S
20241113;105533;1480.8;1;11416129346;S
20241113;105533;1480.8;1;11416129347;S
20241113;105533;1480.8;1;11416129348;S
20241113;105533;1480.8;1;11416129349;S
20241113;105533;1480.8;1;11416129350;S
20241113;105533;1480.8;1;11416129351;S
20241113;105533;1480.8;1;11416129352;S
20241113;105533;1480.6;1;11416129353;S
20241113;105533;1480.6;5;11416129354;S
20241113;105536;1481.4;1;11416129596;B
20241113;105539;1481.4;1;11416129888;B
20241113;105539;1481.4;1;11416129889;B
20241113;105539;1481.6;2;11416129890;B
20241113;105539;1481.6;1;11416129891;B
20241113;105539;1481.6;1;11416129892;B
20241113;105539;1481.6;1;11416129893;B
20241113;105539;1481.6;8;11416129894;B
20241113;105539;1481.6;1;11416129895;B
20241113;105539;1481.8;48;11416129896;B
20241113;105539;1482;22;11416129897;B
20241113;105539;1482;9;11416129898;B
20241113;105539;1482.2;10;11416129899;B
20241113;105539;1482.2;20;11416129900;B
20241113;105539;1482.4;5;11416129901;B
20241113;105539;1482.4;21;11416129902;B
20241113;105539;1482.4;30;11416129903;B
20241113;105539;1482.6;30;11416129904;B
20241113;105539;1482.6;30;11416129905;B
20241113;105539;1482.8;14;11416129906;B
20241113;105539;1482.8;2;11416129907;B
20241113;105539;1482.2;34;11416129908;B
20241113;105544;1482.2;17;11416130347;B
20241113;105548;1482.8;1;11416130676;B
20241113;105548;1483;9;11416130677;B
20241113;105554;1483;38;11416131246;B
20241113;105554;1483.2;1;11416131247;B
20241113;105554;1483.4;9;11416131248;B
20241113;105559;1482;1;11416131968;S
20241113;105559;1482;1;11416131969;S
20241113;105559;1482;1;11416131970;S
20241113;105559;1482;1;11416131971;S
20241113;105559;1482;1;11416131972;S
20241113;105559;1482;1;11416131973;S
20241113;105559;1482;1;11416131974;S
20241113;105559;1482;1;11416131975;S
20241113;105559;1481.8;9;11416131976;S
20241113;105601;1483;1;11416132246;S
20241113;105601;1482.2;3;11416132247;S
20241113;105601;1482;51;11416132248;S
20241113;105601;1481.8;21;11416132249;S
20241113;105601;1481.8;51;11416132250;S
20241113;105601;1481.6;40;11416132251;S
20241113;105611;1483.4;8;11416133171;B
20241113;105611;1483.6;9;11416133172;B
20241113;105616;1483.4;1;11416133551;B
20241113;105618;1483;4;11416133822;S
20241113;105618;1482;1;11416133823;S
20241113;105618;1481.6;9;11416133824;S
20241113;105618;1481.6;3;11416133825;S
20241113;105634;1483.4;1;11416135652;B
20241113;105642;1483.4;1;11416136429;B
20241113;105647;1482.2;1;11416136989;S
20241113;105647;1482;1;11416136990;S
20241113;105647;1481.8;1;11416136991;S
20241113;105647;1481.8;1;11416136992;S
20241113;105647;1481.8;1;11416136993;S
20241113;105647;1481.8;1;11416136994;S
20241113;105647;1481.8;1;11416136995;S
20241113;105647;1481.8;1;11416136996;S
20241113;105647;1481.8;1;11416136997;S
20241113;105647;1481.8;1;11416136998;S
20241113;105647;1481.8;1;11416136999;S
20241113;105647;1481.8;1;11416137000;S
20241113;105647;1481.8;1;11416137001;S
20241113;105647;1481.8;2;11416137002;S
20241113;105647;1481.8;2;11416137003;S
20241113;105647;1481.6;2;11416137004;S
20241113;105647;1481.4;1;11416137005;S
20241113;105647;1481.4;103;11416137006;S
20241113;105647;1481.2;1;11416137007;S
20241113;105647;1481.2;376;11416137008;S
20241113;105647;1481.2;2;11416137051;S
20241113;105653;1483;1;11416137551;B
20241113;105653;1483;1;11416137554;B
20241113;105653;1483;2;11416137555;B
20241113;105653;1483;3;11416137556;B
20241113;105653;1483.2;1;11416137557;B
20241113;105653;1483.4;3;11416137558;B
20241113;105701;1482.8;1;11416138391;B
20241113;105701;1483;1;11416138392;B
20241113;105724;1482.8;5;11416140878;B
20241113;105724;1483;5;11416140879;B
20241113;105727;1482.2;1;11416141213;S
20241113;105746;1483;2;11416143556;B
20241113;105804;1482.2;1;11416145808;S
20241113;105804;1482.2;1;11416145818;S
20241113;105804;1482;1;11416145819;S
20241113;105804;1481.8;1;11416145820;S
20241113;105804;1481.8;1;11416145821;S
20241113;105804;1481.8;1;11416145822;S
20241113;105804;1481.8;1;11416145823;S
20241113;105804;1481.8;1;11416145824;S
20241113;105804;1481.8;1;11416145825;S
20241113;105804;1481.6;10;11416145826;S
20241113;105804;1481.6;1;11416145827;S
20241113;105804;1481.4;1;11416145828;S
20241113;105804;1481.4;5;11416145829;S
20241113;105804;1481.4;1;11416145830;S
20241113;105804;1481.4;2;11416145831;S
20241113;105804;1481.4;2;11416145832;S
20241113;105804;1481.2;70;11416145833;S
20241113;105807;1482.6;1;11416146286;B
20241113;105807;1482.6;1;11416146287;B
20241113;105807;1482.8;1;11416146288;B
20241113;105807;1482.8;2;11416146289;B
20241113;105807;1483;1;11416146290;B
20241113;105820;1482.4;1;11416147764;B
20241113;105823;1482.6;1;11416148139;B
20241113;105841;1481.8;1;11416150655;S
20241113;105858;1482.6;1;11416152954;B
20241113;105858;1482.6;1;11416152955;B
20241113;105858;1482.8;1;11416152956;B
20241113;105858;1483;5;11416152957;B
20241113;105858;1483;1;11416152958;B
20241113;105858;1483;1;11416152959;B
20241113;105858;1483;10;11416152960;B
20241113;105858;1483.2;1;11416152961;B
20241113;105902;1482;2;11416153508;S
20241113;105902;1482;1;11416153509;S
20241113;105902;1481.8;1;11416153510;S
20241113;105902;1481.6;1;11416153511;S
20241113;105902;1481.6;68;11416153512;S
20241113;105902;1481.4;5;11416153513;S
20241113;105902;1481.4;2;11416153514;S
20241113;105902;1481.4;100;11416153515;S
20241113;105902;1481.4;25;11416153516;S
20241113;105902;1481.2;188;11416153517;S
20241113;105902;1481.2;56;11416153518;S
20241113;105902;1481.2;5;11416153519;S
20241113;105902;1481.2;39;11416153545;B
20241113;105902;1481.2;2;11416153546;B
20241113;105902;1481.2;5;11416153550;B
20241113;105904;1481.8;1;11416153758;B
20241113;105904;1482;1;11416153759;B
20241113;105935;1482.8;1;11416157502;B
20241113;105935;1482.8;1;11416157503;B
20241113;105946;1482.6;20;11416159034;S
20241113;105953;1483;1;11416159929;B
20241113;105953;1483;2;11416159930;B
20241113;105955;1483;1;11416160248;B
20241113;110009;1483;2;11416162664;B
20241113;110011;1483.2;1;11416162994;B
20241113;110012;1483.2;1;11416163136;B
20241113;110012;1483.4;2;11416163137;B
20241113;110012;1483.4;5;11416163138;B
20241113;110012;1483.6;5;11416163139;B
20241113;110017;1483.6;46;11416163739;B
20241113;110017;1483.8;8;11416163740;B
20241113;110017;1483.8;47;11416163741;B
20241113;110017;1483.8;13;11416163742;B
20241113;110017;1484;5;11416163743;B
20241113;110017;1484;5;11416163744;B
20241113;110017;1484;1;11416163745;B
20241113;110017;1484;1;11416163746;B
20241113;110034;1484.2;1;11416166064;B
20241113;110043;1484;100;11416167116;S
20241113;110044;1484.2;3;11416167181;B
20241113;110046;1484.2;1;11416167294;B
20241113;110050;1484.2;5;11416167577;B
20241113;110110;1484.2;295;11416169428;S
20241113;110111;1484.2;3;11416169454;B
20241113;110114;1484;20;11416169718;S
20241113;110121;1484.2;2;11416170551;B
20241113;110127;1484;20;11416171834;S
20241113;110131;1484;20;11416172815;S
20241113;110141;1484;20;11416175084;S
20241113;110152;1484;1;11416177048;S
20241113;110153;1484;14;11416177462;S
20241113;110207;1484.4;1;11416181078;B
20241113;110211;1484.4;4;11416181767;B
20241113;110211;1484.4;5;11416181768;B
20241113;110211;1484.6;1;11416181769;B
20241113;110217;1484.6;1;11416183848;B
20241113;110233;1484.6;3;11416188749;B
20241113;110233;1484.6;1;11416188750;B
20241113;110254;1484.6;4;11416193912;B
20241113;110254;1484.6;1;11416193913;B
20241113;110306;1484.6;25;11416196215;S
20241113;110306;1484;27;11416196216;S
20241113;110306;1483.4;25;11416196217;S
20241113;110330;1483.4;24;11416201184;B
20241113;110332;1483;2;11416201552;S
20241113;110332;1483;20;11416201553;S
20241113;110332;1482.6;78;11416201554;S
20241113;110342;1483.2;1;11416202737;B
20241113;110344;1483.2;1;11416202879;B
20241113;110344;1483.2;1;11416202923;B
20241113;110344;1483.4;1;11416202924;B
20241113;110353;1483.4;1;11416204964;B
20241113;110425;1483.2;18;11416209803;S
20241113;110425;1483.2;10;11416209804;S
20241113;110425;1483;1;11416209805;S
20241113;110425;1482.6;1;11416209806;S
20241113;110425;1482.6;1;11416209807;S
20241113;110425;1482.4;1;11416209808;S
20241113;110425;1482.4;1;11416209809;S
20241113;110425;1482.4;1;11416209810;S
20241113;110425;1482.2;51;11416209811;S
20241113;110425;1482.2;4;11416209812;S
20241113;110425;1482;3;11416209813;S
20241113;110425;1482;20;11416209814;S
20241113;110425;1482;5;11416209815;S
20241113;110425;1481.8;30;11416209816;S
20241113;110425;1481.8;1;11416209817;S
20241113;110425;1481.8;2;11416209818;S
20241113;110426;1483.2;1;11416209953;B
20241113;110502;1482.8;1;11416216486;B
20241113;110502;1483;1;11416216601;B
20241113;110502;1483;1;11416216602;B
20241113;110502;1483.2;10;11416216603;B
20241113;110513;1482.4;1;11416217965;S
20241113;110513;1482.4;3;11416217966;S
20241113;110513;1482.2;11;11416217967;S
20241113;110513;1482;1;11416217968;S
20241113;110513;1482;31;11416217969;S
20241113;110513;1482;2;11416217970;S
20241113;110513;1482;20;11416217971;S
20241113;110513;1481.8;97;11416217972;S
20241113;110513;1481.8;10;11416217973;S
20241113;110522;1481.8;1;11416219257;B
20241113;110523;1481.8;23;11416219402;B
20241113;110608;1483;2;11416226972;B
20241113;110633;1483;1;11416231064;B
20241113;110633;1483;1;11416231101;B
20241113;110633;1483;1;11416231416;B
20241113;110634;1483;1;11416231473;B
20241113;110648;1483.2;1;11416234005;B
20241113;110714;1483.2;3;11416239928;B
20241113;110716;1483.2;1;11416240310;B
20241113;110724;1483.4;11;11416241593;B
20241113;110733;1483.2;1;11416242969;S
20241113;110733;1483.2;1;11416242970;S
20241113;110733;1483;10;11416242971;S
20241113;110735;1483;10;11416243318;B
20241113;110739;1483;2;11416243972;B
20241113;110742;1483;1;11416244662;B
20241113;110748;1483;50;11416245504;B
20241113;110752;1482.8;10;11416246347;S
20241113;110752;1482.2;1;11416246348;S
20241113;110752;1482.2;39;11416246349;S
20241113;110752;1482;1;11416246350;S
20241113;110752;1482;1;11416246351;S
20241113;110752;1482;1;11416246352;S
20241113;110752;1482;1;11416246353;S
20241113;110752;1482;1;11416246354;S
20241113;110752;1482;1;11416246355;S
20241113;110752;1482;4;11416246356;S
20241113;110752;1482;2;11416246357;S
20241113;110752;1482;10;11416246358;S
20241113;110752;1482;2;11416246359;S
20241113;110752;1482;1;11416246360;S
20241113;110752;1482;68;11416246361;S
20241113;110756;1481.8;4;11416247159;S
20241113;110756;1481.8;1;11416247160;S
20241113;110756;1481.8;5;11416247170;S
20241113;110757;1482;3;11416247308;B
20241113;110817;1482;9;11416251149;B
20241113;110821;1482;45;11416252019;B
20241113;110821;1482;1;11416252020;B
20241113;110822;1482;4;11416252142;S
20241113;110822;1481.8;49;11416252143;S
20241113;110831;1482.6;1;11416253822;B
20241113;110831;1482.8;1;11416253823;B
20241113;110831;1482.8;1;11416253824;B
20241113;110831;1482.8;1;11416253825;B
20241113;110831;1482.8;1;11416253826;B
20241113;110831;1482.8;35;11416253827;B
20241113;110835;1481.8;35;11416254560;S
20241113;110835;1481.6;4;11416254561;S
20241113;110840;1482.6;1;11416255516;B
20241113;110847;1482.6;4;11416256870;B
20241113;110849;1482.6;1;11416257453;S
20241113;110850;1482.8;2;11416257674;B
20241113;110852;1483;5;11416258061;B
20241113;110854;1483;5;11416258425;B
20241113;110857;1483;8;11416258837;B
20241113;110857;1482.6;1;11416258869;S
20241113;110900;1483;1;11416259459;B
20241113;110902;1483;10;11416259857;B
20241113;110902;1483;19;11416259985;B
20241113;110910;1483;2;11416261832;B
20241113;110911;1483;1;11416262070;B
20241113;110915;1483;8;11416262727;B
20241113;110928;1483;1;11416265512;B
20241113;110934;1482.6;10;11416266830;S
20241113;110950;1483;8;11416270617;B
20241113;110952;1483;6;11416270994;B
20241113;110954;1483;72;11416271361;B
20241113;110958;1483;10;11416272004;S
20241113;111000;1484;1;11416272524;B
20241113;111000;1484;3;11416272525;B
20241113;111012;1484;2;11416275602;B
20241113;111012;1484;8;11416275653;B
20241113;111012;1484.4;51;11416275654;B
20241113;111012;1484.6;30;11416275655;B
20241113;111012;1484.6;40;11416275656;B
20241113;111012;1484.8;5;11416275657;B
20241113;111012;1484.8;5;11416275658;B
20241113;111012;1484.8;30;11416275659;B
20241113;111012;1485;5;11416275660;B
20241113;111012;1485;5;11416275661;B
20241113;111012;1485;47;11416275662;B
20241113;111012;1485;8;11416275663;B
20241113;111012;1485;10;11416275664;B
20241113;111012;1485;30;11416275665;B
20241113;111012;1485;50;11416275666;B
20241113;111012;1485.2;10;11416275667;B
20241113;111012;1485.2;30;11416275668;B
20241113;111012;1485.4;10;11416275669;B
20241113;111012;1485.4;30;11416275670;B
20241113;111012;1485.6;5;11416275671;B
20241113;111012;1485.6;5;11416275672;B
20241113;111012;1485.6;30;11416275673;B
20241113;111012;1485.6;30;11416275675;S
20241113;111012;1485.6;16;11416275676;S
20241113;111012;1485.6;3;11416275707;B
20241113;111015;1484;1;11416276317;S
20241113;111017;1484;5;11416276908;S
20241113;111029;1484.4;5;11416279582;S
20241113;111032;1485.6;1;11416280325;B
20241113;111032;1485.6;1;11416280326;B
20241113;111032;1485.8;5;11416280327;B
20241113;111032;1485.8;5;11416280328;B
20241113;111032;1486;5;11416280329;B
20241113;111032;1486;1;11416280330;B
20241113;111032;1486;1;11416280331;B
20241113;111032;1484.4;1;11416280341;S
20241113;111045;1486;4;11416283459;B
20241113;111045;1486;2;11416283460;B
20241113;111045;1486.2;5;11416283461;B
20241113;111045;1486.2;5;11416283462;B
20241113;111045;1486.4;5;11416283463;B
20241113;111045;1486.4;1;11416283464;B
20241113;111045;1486.4;1;11416283465;B
20241113;111045;1486.4;1;11416283466;B
20241113;111045;1486.6;6;11416283467;B
20241113;111045;1486.6;15;11416283497;B
20241113;111107;1486.4;2;11416289373;B
20241113;111126;1486.4;8;11416293872;B
20241113;111126;1486.4;1;11416293873;B
20241113;111126;1486.4;1;11416293874;B
20241113;111126;1486.4;1;11416293875;B
20241113;111126;1486.4;10;11416293876;B
20241113;111126;1486.4;1;11416293877;B
20241113;111134;1486.6;6;11416296691;B
20241113;111134;1486.6;10;11416296771;B
20241113;111143;1486.6;59;11416299321;B
20241113;111143;1486.6;5;11416299322;B
20241113;111143;1486.6;2;11416299323;B
20241113;111144;1486.8;3;11416299615;B
20241113;111149;1486.8;1;11416300565;B
20241113;111156;1486.6;1;11416302040;S
20241113;111200;1486.6;9;11416302868;S
20241113;111212;1486.8;1;11416305384;B
20241113;111216;1486.8;3;11416306153;B
20241113;111218;1486.8;5;11416306431;B
20241113;111219;1486.8;8;11416306620;B
20241113;111242;1486.8;4;11416311820;B
20241113;111242;1487;1;11416311821;B
20241113;111248;1487;4;11416314366;B
20241113;111248;1487;1;11416314367;B
20241113;111252;1487;1;11416315991;B
20241113;111254;1486.8;3;11416316583;B
20241113;111254;1487;1;11416316584;B
20241113;111254;1487;1;11416316585;B
20241113;111254;1487;195;11416316586;B
20241113;111259;1487;7;11416319232;B
20241113;111308;1486.6;1;11416323110;S
20241113;111340;1486.8;1;11416333062;B
20241113;111340;1486.8;10;11416333063;B
20241113;111341;1486.8;3;11416333331;S
20241113;111341;1486.6;23;11416333332;S
20241113;111341;1486.6;2;11416333333;S
20241113;111341;1486;2;11416333334;S
20241113;111341;1485.2;1;11416333335;S
20241113;111341;1485;1;11416333336;S
20241113;111341;1484.8;3;11416333337;S
20241113;111341;1484.6;1;11416333338;S
20241113;111341;1484.6;1;11416333339;S
20241113;111341;1484.6;1;11416333340;S
20241113;111341;1484.6;1;11416333341;S
20241113;111341;1484.6;10;11416333342;S
20241113;111341;1484.4;1;11416333343;S
20241113;111341;1484.4;1;11416333344;S
20241113;111341;1484.2;1;11416333345;S
20241113;111341;1484.2;1;11416333346;S
20241113;111341;1484.2;3;11416333347;S
20241113;111341;1484.2;4;11416333348;S
20241113;111341;1484;1;11416333349;S
20241113;111341;1484;51;11416333350;S
20241113;111341;1484;29;11416333351;S
20241113;111341;1483.8;30;11416333352;S
20241113;111341;1483.6;1;11416333353;S
20241113;111341;1483.6;1;11416333354;S
20241113;111341;1483.6;1;11416333355;S
20241113;111341;1483.6;1;11416333356;S
20241113;111341;1483.6;1;11416333357;S
20241113;111341;1483.6;1;11416333358;S
20241113;111341;1483.6;1;11416333359;S
20241113;111341;1483.6;1;11416333360;S
20241113;111341;1483.6;30;11416333361;S
20241113;111341;1483.4;12;11416333362;S
20241113;111341;1483.2;30;11416333363;S
20241113;111341;1483;2;11416333364;S
20241113;111341;1483;7;11416333365;S
20241113;111354;1485;1;11416335966;B
20241113;111354;1485;10;11416336090;B
20241113;111410;1485;1;11416339413;B
20241113;111431;1485;1;11416343015;B
20241113;111436;1485.2;1;11416343815;B
20241113;111436;1485.2;1;11416343816;B
20241113;111436;1485.4;1;11416343817;B
20241113;111436;1485.4;1;11416343818;B
20241113;111436;1485.4;1;11416343819;B
20241113;111448;1486;1;11416346200;B
20241113;111448;1486.2;1;11416346201;B
20241113;111453;1485;4;11416346840;S
20241113;111458;1486.2;4;11416347552;B
20241113;111458;1486.2;1;11416347553;B
20241113;111459;1486.2;7;11416347640;B
20241113;111459;1486.4;29;11416347641;B
20241113;111506;1486.4;1;11416348874;B
20241113;111541;1486.2;1;11416353858;B
20241113;111548;1486;2;11416354891;S
20241113;111548;1485;4;11416354892;S
20241113;111548;1484.8;10;11416354893;S
20241113;111548;1484.4;1;11416354894;S
20241113;111548;1484.4;1;11416354895;S
20241113;111548;1484.2;1;11416354896;S
20241113;111548;1484.2;1;11416354897;S
20241113;111548;1484.2;1;11416354898;S
20241113;111548;1484.2;1;11416354899;S
20241113;111548;1484.2;1;11416354900;S
20241113;111548;1484.2;1;11416354901;S
20241113;111548;1484.2;1;11416354902;S
20241113;111548;1484.2;1;11416354903;S
20241113;111548;1484.2;10;11416354904;S
20241113;111548;1483.8;1;11416354905;S
20241113;111548;1483.8;1;11416354906;S
20241113;111548;1483.8;30;11416354907;S
20241113;111548;1483.6;12;11416354908;S
20241113;111555;1483.4;1;11416355807;S
20241113;111555;1483.4;1;11416355808;S
20241113;111555;1483.4;1;11416355809;S
20241113;111555;1483.4;1;11416355810;S
20241113;111626;1483.6;5;11416360744;S
20241113;111626;1483.4;1;11416360745;S
20241113;111626;1483.4;1;11416360746;S
20241113;111626;1483.2;2;11416360747;S
20241113;111626;1483.2;28;11416360748;S
20241113;111626;1483;163;11416360749;S
20241113;111629;1484.6;1;11416361186;B
20241113;111629;1484.6;1;11416361187;B
20241113;111629;1484.6;1;11416361188;B
20241113;111629;1484.8;1;11416361189;B
20241113;111629;1484.8;1;11416361190;B
20241113;111629;1484.8;25;11416361191;B
20241113;111631;1484.4;3;11416361410;B
20241113;111635;1484.6;1;11416362146;B
20241113;111636;1484.4;1;11416362269;B
20241113;111636;1484.6;1;11416362359;B
20241113;111636;1484.6;1;11416362361;B
20241113;111636;1484.6;4;11416362370;B
20241113;111636;1484.6;8;11416362371;B
20241113;111636;1484.8;26;11416362372;B
20241113;111636;1484.8;68;11416362373;B
20241113;111636;1484.8;40;11416362374;B
20241113;111636;1485;25;11416362375;B
20241113;111636;1485.2;1;11416362376;B
20241113;111636;1485.2;1;11416362377;B
20241113;111636;1485.2;1;11416362378;B
20241113;111636;1485.4;30;11416362379;B
20241113;111636;1485.6;50;11416362380;B
20241113;111636;1485.8;30;11416362381;B
20241113;111636;1486;16;11416362382;B
20241113;111637;1486;3;11416362532;B
20241113;111640;1484.8;1;11416363037;B
20241113;111642;1484.8;3;11416363233;B
20241113;111643;1484.8;16;11416363281;B
20241113;111643;1485;3;11416363282;B
20241113;111656;1485;32;11416365573;B
20241113;111713;1486;1;11416368510;B
20241113;111717;1486;10;11416368995;B
20241113;111738;1486;4;11416372395;B
20241113;111800;1485.8;2;11416375405;B
20241113;111928;1485.8;2;11416387173;B
20241113;111935;1485;30;11416388210;S
20241113;111937;1485.8;5;11416388355;B
20241113;112001;1485;12;11416392095;S
20241113;112005;1485.8;2;11416392731;B
20241113;112010;1485;3;11416394001;S
20241113;112015;1485;5;11416394995;S
20241113;112024;1485.8;1;11416396784;B
20241113;112026;1485;18;11416397009;S
20241113;112026;1485;1;11416397010;S
20241113;112026;1485;1;11416397011;S
20241113;112026;1484.6;6;11416397012;S
20241113;112026;1484.2;1;11416397013;S
20241113;112026;1484.2;1;11416397014;S
20241113;112026;1484;1;11416397015;S
20241113;112026;1484;1;11416397016;S
20241113;112026;1484;2;11416397017;S
20241113;112026;1484;1;11416397018;S
20241113;112026;1484;1;11416397019;S
20241113;112026;1483.8;4;11416397020;S
20241113;112026;1483.6;1;11416397021;S
20241113;112026;1483.6;19;11416397022;S
20241113;112026;1483.6;2;11416397023;S
20241113;112026;1483.4;5;11416397024;S
20241113;112026;1483.4;1;11416397025;S
20241113;112033;1485;1;11416398344;B
20241113;112039;1485;1;11416399302;B
20241113;112039;1485;2;11416399303;B
20241113;112039;1485.2;2;11416399304;B
20241113;112039;1485.2;2;11416399305;B
20241113;112039;1485.4;2;11416399306;B
20241113;112039;1485.6;1;11416399307;B
20241113;112039;1485.6;1;11416399308;B
20241113;112039;1485.6;23;11416399309;B
20241113;112056;1484;1;11416402084;S
20241113;112145;1485.8;1;11416409344;B
20241113;112300;1485.6;1;11416418469;B
20241113;112300;1485.6;1;11416418552;B
20241113;112300;1485.6;15;11416418553;B
20241113;112300;1485.8;3;11416418554;B
20241113;112346;1485.6;2;11416424338;B
20241113;112351;1485.8;3;11416424812;B
20241113;112400;1485.8;1;11416425629;B
20241113;112409;1485.8;2;11416426403;B
20241113;112435;1485.8;2;11416429067;B
20241113;112443;1485.8;2;11416429630;B
20241113;112452;1485.6;30;11416430275;B
20241113;112610;1484.8;1;11416438476;S
20241113;112614;1484.8;5;11416438832;B
20241113;112616;1485.4;1;11416439334;B
20241113;112616;1485.4;1;11416439335;B
20241113;112616;1485.6;11;11416439336;B
20241113;112629;1485.4;3;11416440490;B
20241113;112708;1484.2;1;11416446053;S
20241113;112708;1484.2;1;11416446054;S
20241113;112708;1484.2;2;11416446055;S
20241113;112708;1484.2;1;11416446056;S
20241113;112708;1484;1;11416446057;S
20241113;112714;1485;1;11416446754;B
20241113;112730;1483.8;1;11416448362;S
20241113;112730;1483.8;1;11416448363;S
20241113;112747;1483.8;1;11416449838;S
20241113;112747;1483.8;1;11416449839;S
20241113;112747;1483.8;1;11416449840;S
20241113;112747;1483.8;1;11416449841;S
20241113;112747;1483.8;1;11416449842;S
20241113;112747;1483.8;1;11416449843;S
20241113;112747;1483.8;1;11416449844;S
20241113;112747;1483.6;1;11416449845;S
20241113;112747;1483.6;2;11416449846;S
20241113;112747;1483.6;2;11416449847;S
20241113;112747;1483.6;2;11416449848;S
20241113;112747;1483.6;6;11416449849;S
20241113;112757;1483.6;6;11416450648;S
20241113;112806;1484.6;1;11416451494;B
20241113;112806;1484.6;1;11416451495;B
20241113;112806;1484.8;2;11416451496;B
20241113;112806;1484.8;1;11416451497;B
20241113;112816;1484.8;1;11416452434;B
20241113;112833;1484.6;1;11416453911;B
20241113;112850;1484.8;1;11416455347;B
20241113;112904;1485;3;11416456635;B
20241113;112905;1485;1;11416456753;B
20241113;112905;1485;4;11416456754;B
20241113;112917;1484.6;10;11416458014;S
20241113;112917;1483.8;2;11416458015;S
20241113;112917;1483.8;1;11416458016;S
20241113;112917;1483.6;51;11416458017;S
20241113;112917;1483.6;5;11416458018;S
20241113;112917;1483.6;40;11416458019;S
20241113;112917;1483.4;27;11416458020;S
20241113;112925;1484.8;1;11416458662;B
20241113;112929;1484.8;1;11416458970;B
20241113;112934;1484.8;1;11416459501;B
20241113;112935;1484.8;5;11416459630;B
20241113;113010;1485;4;11416462930;B
20241113;113010;1485;3;11416462931;B
20241113;113010;1485;3;11416462932;B
20241113;113010;1485.2;10;11416462933;B
20241113;113010;1485.2;51;11416462934;B
20241113;113010;1485.2;50;11416462935;B
20241113;113010;1485.2;40;11416462936;B
20241113;113010;1485.4;10;11416462937;B
20241113;113010;1485.4;1;11416462938;B
20241113;113010;1485.4;44;11416462939;B
20241113;113037;1485.4;1;11416465456;B
20241113;113045;1485.4;5;11416466363;B
20241113;113045;1485.6;1;11416466364;B
20241113;113051;1485.6;1;11416466961;B
20241113;113059;1485.6;6;11416468035;B
20241113;113115;1485.6;3;11416469330;B
20241113;113115;1485.6;1;11416469331;B
20241113;113115;1485.6;2;11416469332;B
20241113;113133;1485.6;1;11416470775;B
20241113;113143;1485.2;1;11416471697;S
20241113;113146;1485.6;3;11416472017;B
20241113;113158;1485.6;4;11416472933;B
20241113;113158;1485.6;2;11416472934;B
20241113;113222;1485.6;1;11416475192;B
20241113;113228;1485;1;11416475646;S
20241113;113240;1485;9;11416476975;S
20241113;113246;1485;3;11416477465;B
20241113;113247;1484.4;1;11416477505;S
20241113;113249;1484.8;5;11416477744;B
20241113;113258;1484.8;2;11416478529;B
20241113;113308;1484.8;1;11416479487;B
20241113;113309;1484.8;1;11416479618;B
20241113;113313;1484.8;1;11416479918;B
20241113;113314;1484.8;5;11416480021;B
20241113;113314;1484.8;1;11416480022;B
20241113;113330;1484.2;1;11416481390;S
20241113;113342;1485.4;1;11416482440;B
20241113;113345;1484.2;1;11416482667;S
20241113;113423;1484.6;1;11416486123;B
20241113;113446;1484.4;1;11416487995;S
20241113;113446;1484.4;1;11416487996;S
20241113;113446;1484.4;1;11416487997;S
20241113;113446;1484.4;1;11416487998;S
20241113;113446;1484.2;1;11416487999;S
20241113;113446;1484.2;4;11416488000;S
20241113;113449;1485.2;1;11416488333;B
20241113;113449;1485.4;1;11416488334;B
20241113;113449;1485.4;1;11416488335;B
20241113;113454;1485.2;2;11416488924;B
20241113;113455;1484;1;11416489031;S
20241113;113455;1484;1;11416489032;S
20241113;113455;1484;1;11416489033;S
20241113;113455;1484;1;11416489034;S
20241113;113455;1484;1;11416489035;S
20241113;113455;1484;1;11416489036;S
20241113;113517;1484;1;11416491300;S
20241113;113541;1485.2;1;11416493478;B
20241113;113541;1485.4;1;11416493479;B
20241113;113603;1484.4;1;11416495383;S
20241113;113603;1484.4;1;11416495384;S
20241113;113603;1484.4;1;11416495385;S
20241113;113603;1484.4;1;11416495386;S
20241113;113603;1484.4;3;11416495387;S
20241113;113603;1484.4;1;11416495388;S
20241113;113603;1484.4;1;11416495389;S
20241113;113603;1484.4;1;11416495390;S
20241113;113603;1484.4;1;11416495391;S
20241113;113603;1484.2;25;11416495392;S
20241113;113607;1485;1;11416495657;B
20241113;113607;1485.2;3;11416495658;B
20241113;113607;1485.2;1;11416495659;B
20241113;113607;1485.4;20;11416495660;B
20241113;113623;1485.4;2;11416496743;S
20241113;113641;1484.4;1;11416498205;S
20241113;113641;1484.4;1;11416498206;S
20241113;113641;1484.2;3;11416498207;S
20241113;113736;1484.8;3;11416502486;B
20241113;113745;1484.8;1;11416503346;B
20241113;113750;1484.8;29;11416504029;B
20241113;113751;1484.8;11;11416504044;S
20241113;113914;1485.2;3;11416511705;B
20241113;113934;1484.4;1;11416513587;S
20241113;113934;1484.4;4;11416513588;S
20241113;113934;1484.2;2;11416513589;S
20241113;113959;1485.2;1;11416516081;B
20241113;114016;1484.2;1;11416517639;S
20241113;114016;1484;9;11416517640;S
20241113;114032;1484.8;10;11416519206;B
20241113;114051;1485;1;11416520902;B
20241113;114142;1485;4;11416524686;S
20241113;114151;1485;1;11416525493;S
20241113;114227;1485.2;6;11416528683;B
20241113;114235;1485.4;3;11416529470;B
20241113;114243;1485.4;1;11416530037;B
20241113;114256;1485.2;4;11416531158;S
20241113;114256;1485.2;2;11416531159;S
20241113;114256;1485.2;1;11416531160;S
20241113;114256;1485;2;11416531161;S
20241113;114318;1485;1;11416532878;S
20241113;114422;1485;128;11416541223;S
20241113;114422;1485;2;11416541224;S
20241113;114422;1485;1;11416541225;S
20241113;114422;1484;13;11416541226;S
20241113;114422;1483.8;19;11416541227;S
20241113;114422;1483.6;8;11416541228;S
20241113;114422;1483.6;4;11416541229;S
20241113;114422;1483.6;25;11416541230;S
20241113;114422;1483.6;40;11416541231;S
20241113;114422;1483.6;50;11416541232;S
20241113;114422;1483.4;73;11416541233;S
20241113;114422;1483;1;11416541234;S
20241113;114422;1483;1;11416541235;S
20241113;114422;1483;1;11416541236;S
20241113;114422;1483;1;11416541237;S
20241113;114422;1483;1;11416541238;S
20241113;114422;1483;10;11416541239;S
20241113;114422;1483;22;11416541240;S
20241113;114433;1483.2;1;11416543364;S
20241113;114433;1483;5;11416543365;S
20241113;114500;1483;15;11416546555;S
20241113;114500;1482.8;5;11416546556;S
20241113;114500;1482.2;29;11416546557;S
20241113;114500;1482.2;4;11416546558;S
20241113;114510;1482.4;2;11416547637;S
20241113;114514;1482.4;1;11416547939;S
20241113;114544;1483.4;1;11416552412;B
20241113;114545;1483.6;1;11416552459;B
20241113;114545;1483.6;1;11416552488;B
20241113;114548;1483.6;1;11416552701;B
20241113;114551;1484;1;11416553076;B
20241113;114554;1484.2;1;11416553285;B
20241113;114555;1484.2;1;11416553390;S
20241113;114556;1484.2;1;11416553424;B
20241113;114557;1484.2;1;11416553456;B
20241113;114557;1484.2;1;11416553522;B
20241113;114625;1483.8;1;11416555973;S
20241113;114625;1483.8;1;11416555974;S
20241113;114625;1483.8;1;11416555975;S
20241113;114650;1484.2;5;11416558759;B
20241113;114713;1483.2;1;11416563888;S
20241113;114720;1484;1;11416564481;B
20241113;114727;1484.2;1;11416565136;B
20241113;114732;1483.2;1;11416565554;S
20241113;114740;1483.2;7;11416566094;B
20241113;114740;1483.2;2;11416566193;B
20241113;114742;1483.2;10;11416566383;B
20241113;114742;1484.2;1;11416566384;B
20241113;114742;1484.4;1;11416566385;B
20241113;114742;1484.4;3;11416566386;B
20241113;114803;1484.2;1;11416568494;B
20241113;114803;1484.4;6;11416568495;B
20241113;114803;1484.4;49;11416568496;B
20241113;114812;1484.6;1;11416569324;B
20241113;114822;1485.2;1;11416570485;B
20241113;114824;1485.2;1;11416570890;B
20241113;114824;1485.2;20;11416570893;B
20241113;114825;1485.2;1;11416570919;B
20241113;114825;1485.2;1;11416570952;B
20241113;114826;1485.2;1;11416570966;B
20241113;114832;1484.8;1;11416571839;S
20241113;114832;1484.8;1;11416571840;S
20241113;114843;1485;1;11416572816;S
20241113;114906;1485.2;1;11416576590;B
20241113;114909;1485;1;11416576926;S
20241113;114909;1484;1;11416576927;S
20241113;114909;1484;5;11416576928;S
20241113;114909;1483.8;1;11416576929;S
20241113;114909;1483.8;1;11416576930;S
20241113;114909;1483.8;1;11416576931;S
20241113;114909;1483.6;1;11416576932;S
20241113;114909;1483.6;2;11416576933;S
20241113;114909;1483.6;10;11416576934;S
20241113;114909;1483.4;1;11416576935;S
20241113;114909;1483.4;51;11416576936;S
20241113;114909;1483.2;1;11416576937;S
20241113;114909;1483.2;1;11416576938;S
20241113;114909;1483.2;1;11416576939;S
20241113;114909;1483.2;1;11416576940;S
20241113;114909;1483.2;1;11416576941;S
20241113;114909;1483.2;1;11416576942;S
20241113;114909;1483.2;22;11416576943;S
20241113;114909;1483;1;11416576944;S
20241113;114909;1483;1;11416576945;S
20241113;114909;1483;1;11416576946;S
20241113;114909;1483;1;11416576947;S
20241113;114909;1483;3;11416576948;S
20241113;114909;1482.8;3;11416576949;S
20241113;114909;1482.8;3;11416576950;S
20241113;114909;1482.8;20;11416576951;S
20241113;114909;1482.6;2;11416576952;S
20241113;114909;1482.4;1;11416576953;S
20241113;114909;1482.4;3;11416576954;S
20241113;114909;1482.4;1;11416576955;S
20241113;114909;1482.4;68;11416576956;S
20241113;114909;1482.2;30;11416576957;S
20241113;114909;1482.2;38;11416576958;S
20241113;114909;1482;1;11416576959;S
20241113;114909;1482;3;11416576960;S
20241113;114909;1482;2;11416576961;S
20241113;114909;1482;15;11416576962;S
20241113;114911;1484;1;11416577057;B
20241113;114911;1484.4;23;11416577058;B
20241113;114914;1484;1;11416577279;B
20241113;114918;1482.8;1;11416577692;S
20241113;114918;1482.6;1;11416577693;S
20241113;114918;1482.4;1;11416577694;S
20241113;114950;1483.6;1;11416582066;B
20241113;114955;1483.8;1;11416583327;B
20241113;114955;1483.8;1;11416583328;B
20241113;114955;1484;1;11416583329;B
20241113;114955;1483.8;1;11416583494;B
20241113;114958;1483.8;2;11416584313;S
20241113;114958;1483.6;1;11416584314;S
20241113;114958;1482.6;1;11416584315;S
20241113;114958;1482.6;1;11416584316;S
20241113;114958;1482.6;3;11416584346;B
20241113;115005;1483.8;1;11416585853;B
20241113;115009;1484;1;11416586514;B
20241113;115013;1484;1;11416587149;B
20241113;115022;1483.8;1;11416588059;B
20241113;115046;1483.8;1;11416590766;B
20241113;115046;1484;1;11416590767;B
20241113;115046;1484;1;11416590768;B
20241113;115046;1484;1;11416590769;B
20241113;115046;1484;19;11416590770;B
20241113;115046;1484;6;11416590772;B
20241113;115046;1484;4;11416590773;B
20241113;115046;1484;6;11416590774;B
20241113;115105;1484;1;11416592986;B
20241113;115213;1484.2;1;11416599875;B
20241113;115218;1484.2;1;11416600214;S
20241113;115224;1484.2;1;11416600695;S
20241113;115231;1484.8;3;11416601184;B
20241113;115231;1484.8;4;11416601185;B
20241113;115234;1484.2;1;11416601353;S
20241113;115254;1484.8;2;11416603370;B
20241113;115259;1485;1;11416603678;B
20241113;115259;1485;1;11416603679;B
20241113;115316;1485;1;11416605220;B
20241113;115329;1485;1;11416606507;B
20241113;115335;1485;3;11416607236;B
20241113;115340;1484.8;1;11416607668;S
20241113;115343;1485;1;11416607913;B
20241113;115344;1484.2;1;11416608013;S
20241113;115358;1485;6;11416609123;B
20241113;115405;1485;1;11416609695;B
20241113;115409;1485;25;11416609957;B
20241113;115409;1485;1;11416609958;B
20241113;115409;1485;1;11416609959;B
20241113;115409;1485;1;11416609960;B
20241113;115423;1485.2;16;11416611310;B
20241113;115423;1485.2;5;11416611311;S
20241113;115427;1485.2;79;11416611670;S
20241113;115427;1484.4;1;11416611671;S
20241113;115427;1484.2;20;11416611672;S
20241113;115429;1485.2;68;11416611898;B
20241113;115429;1485.4;32;11416611899;B
20241113;115447;1485.2;2;11416614881;B
20241113;115447;1485.4;3;11416614882;B
20241113;115447;1485.4;45;11416614883;B
20241113;115500;1485.6;1;11416617618;B
20241113;115500;1485.6;27;11416617619;B
20241113;115500;1485.6;1;11416617658;B
20241113;115513;1485.4;20;11416620029;S
20241113;115559;1485.6;17;11416624016;B
20241113;115608;1485.6;1;11416624608;B
20241113;115629;1485.6;1;11416626539;B
20241113;115635;1485.6;2;11416627616;B
20241113;115641;1485.6;1;11416629274;B
20241113;115713;1485.4;2;11416633147;S
20241113;115733;1485.6;50;11416638626;B
20241113;115734;1485.6;35;11416638769;S
20241113;115743;1485.8;1;11416640666;B
20241113;115743;1485.6;2;11416640678;S
20241113;115800;1485.8;1;11416643465;B
20241113;115804;1485.8;3;11416644591;B
20241113;115827;1485.8;1;11416651542;B
20241113;115846;1485.6;113;11416657685;S
20241113;115846;1485.6;1;11416657686;S
20241113;115846;1485.4;128;11416657687;S
20241113;115846;1485.4;1;11416657688;S
20241113;115846;1485.2;1;11416657689;S
20241113;115846;1485.2;1;11416657690;S
20241113;115846;1485.2;1;11416657691;S
20241113;115846;1485;1;11416657692;S
