<DATE>;<TIME>;<LAST>;<VOL>;<ID>;<OPER>
20241105;095954;1320;1;11380119049;B
20241105;095954;1320;1;11380119050;B
20241105;095954;1320;2;11380119051;B
20241105;095954;1320;4;11380119052;B
20241105;095954;1320;1;11380119053;B
20241105;095954;1320;3;11380119054;B
20241105;095954;1320;4;11380119055;B
20241105;095954;1320;5;11380119056;S
20241105;095954;1320;1;11380119057;S
20241105;095954;1320;39;11380119058;S
20241105;095954;1320;4;11380119059;B
20241105;095954;1320;30;11380119060;S
20241105;100000;1322;1;11380120630;B
20241105;100000;1323;1;11380120631;B
20241105;100000;1324;8;11380120632;B
20241105;100000;1320;10;11380121126;S
20241105;100001;1323;3;11380122519;B
20241105;100001;1323;4;11380122520;B
20241105;100005;1323;3;11380129293;B
20241105;100005;1323;1;11380129334;B
20241105;100005;1323;2;11380129335;B
20241105;100006;1323;1;11380134697;B
20241105;100007;1320.8;4;11380137308;S
20241105;100007;1321.4;2;11380137365;S
20241105;100007;1323;2;11380137617;B
20241105;100007;1321.6;1;11380137623;S
20241105;100007;1321.6;1;11380137795;S
20241105;100007;1324;1;11380138015;B
20241105;100010;1324;2;11380144079;B
20241105;100010;1324;100;11380144527;B
20241105;100011;1323.8;4;11380144848;B
20241105;100011;1324;19;11380144849;B
20241105;100013;1322.6;10;11380145551;S
20241105;100017;1323.2;2;11380146876;B
20241105;100017;1322.6;20;11380146943;S
20241105;100017;1322.4;45;11380146944;S
20241105;100017;1322.2;63;11380147180;B
20241105;100017;1324;90;11380147181;B
20241105;100030;1323.8;45;11380152377;B
20241105;100030;1324;255;11380152378;B
20241105;100032;1324;1;11380153156;B
20241105;100032;1324;98;11380153190;B
20241105;100032;1324;2;11380153191;B
20241105;100032;1324;7;11380153408;B
20241105;100032;1324;4;11380153409;B
20241105;100033;1324.8;100;11380153506;B
20241105;100033;1324.2;30;11380153649;S
20241105;100033;1324;9;11380153650;S
20241105;100033;1323.4;1;11380153651;S
20241105;100035;1324.8;20;11380154076;B
20241105;100041;1324;10;11380156331;B
20241105;100041;1324.8;280;11380156332;B
20241105;100041;1325;30;11380156333;B
20241105;100041;1325;110;11380156334;B
20241105;100045;1324;50;11380157331;B
20241105;100047;1323;30;11380158214;S
20241105;100047;1322.8;4;11380158215;S
20241105;100047;1322.8;30;11380158216;S
20241105;100047;1322.8;30;11380158217;B
20241105;100047;1322.8;6;11380158219;B
20241105;100051;1323.8;5;11380159445;B
20241105;100054;1323.8;1;11380160648;B
20241105;100102;1323.4;1;11380162914;B
20241105;100112;1322.2;7;11380166073;S
20241105;100122;1322.2;23;11380168394;S
20241105;100122;1322.2;1;11380168395;S
20241105;100122;1322.2;10;11380168396;S
20241105;100122;1322;7;11380168397;S
20241105;100124;1322.2;30;11380169090;S
20241105;100124;1322;3;11380169091;S
20241105;100124;1322;58;11380169092;S
20241105;100124;1321.8;30;11380169093;S
20241105;100124;1321.6;30;11380169094;S
20241105;100124;1321.6;58;11380169095;S
20241105;100124;1321.4;30;11380169096;S
20241105;100124;1321.4;40;11380169097;S
20241105;100124;1321.4;16;11380169098;S
20241105;100124;1321.2;500;11380169099;S
20241105;100124;1320.8;30;11380169100;S
20241105;100124;1320.6;30;11380169101;S
20241105;100124;1320.6;500;11380169102;S
20241105;100124;1320.2;30;11380169103;S
20241105;100124;1320;87;11380169104;S
20241105;100124;1320;50;11380169105;S
20241105;100124;1320;50;11380169106;S
20241105;100127;1318.4;6;11380170064;S
20241105;100127;1318.2;44;11380170065;S
20241105;100143;1318.4;8;11380174065;S
20241105;100143;1318.2;1191;11380174066;S
20241105;100143;1318.2;26;11380174067;S
20241105;100146;1318;6;11380175017;S
20241105;100146;1317.8;1;11380175018;S
20241105;100146;1317.8;16;11380175019;S
20241105;100152;1318.2;6;11380177046;B
20241105;100154;1318.2;14;11380177450;B
20241105;100156;1317.8;4;11380178024;S
20241105;100156;1317.8;30;11380178025;S
20241105;100157;1317.8;66;11380178054;B
20241105;100157;1318;1;11380178055;B
20241105;100158;1318.6;1;11380178491;B
20241105;100210;1318.6;3;11380181704;B
20241105;100213;1318.4;1;11380182633;S
20241105;100213;1318;1;11380182634;S
20241105;100220;1318.6;2;11380184593;B
20241105;100222;1318.6;1;11380185186;B
20241105;100229;1318.6;1;11380187165;B
20241105;100231;1318;1;11380187802;S
20241105;100234;1318;129;11380188746;S
20241105;100237;1318;602;11380189430;S
20241105;100237;1316.8;1;11380189431;S
20241105;100237;1316;6;11380189432;S
20241105;100237;1316;9;11380189433;S
20241105;100237;1316;1;11380189434;S
20241105;100237;1316;1;11380189435;S
20241105;100237;1315.6;5;11380189436;S
20241105;100237;1315.6;3;11380189437;S
20241105;100237;1315.6;16;11380189438;S
20241105;100237;1315.6;1;11380189439;S
20241105;100237;1315.4;95;11380189440;S
20241105;100237;1315.4;2;11380189441;S
20241105;100237;1315.2;30;11380189442;S
20241105;100237;1315.2;1;11380189443;S
20241105;100237;1315;5;11380189444;S
20241105;100237;1315;1;11380189445;S
20241105;100237;1315;24;11380189446;S
20241105;100237;1315;25;11380189447;S
20241105;100237;1315;30;11380189448;S
20241105;100237;1314.8;12;11380189449;S
20241105;100237;1314.8;1;11380189450;S
20241105;100237;1314.8;1;11380189451;S
20241105;100237;1314.8;2;11380189452;S
20241105;100237;1314.8;3;11380189453;S
20241105;100237;1314.8;1;11380189454;S
20241105;100237;1314.8;5;11380189455;S
20241105;100237;1314.8;2;11380189456;S
20241105;100237;1314.8;3;11380189457;S
20241105;100237;1314.8;1;11380189458;S
20241105;100237;1314.8;1;11380189459;S
20241105;100237;1314.8;2;11380189460;S
20241105;100237;1314.8;20;11380189461;S
20241105;100237;1314.8;10;11380189462;S
20241105;100237;1314.8;1;11380189463;S
20241105;100237;1314.8;8;11380189464;S
20241105;100237;1314.8;1;11380189465;S
20241105;100237;1314.8;1;11380189466;S
20241105;100237;1314.8;2;11380189467;S
20241105;100237;1314.8;10;11380189468;S
20241105;100237;1314.8;30;11380189469;S
20241105;100237;1314.8;1;11380189470;S
20241105;100237;1314.6;2;11380189471;S
20241105;100237;1314.6;21;11380189472;S
20241105;100250;1314.6;5;11380193241;S
20241105;100253;1314.6;4;11380194257;S
20241105;100306;1316;1;11380198923;B
20241105;100307;1316.4;30;11380199528;B
20241105;100307;1316.4;57;11380199529;B
20241105;100307;1316.4;16;11380199530;B
20241105;100307;1316.6;40;11380199531;B
20241105;100307;1316.6;30;11380199532;B
20241105;100307;1316.6;60;11380199533;B
20241105;100307;1317.2;30;11380199534;B
20241105;100307;1317.4;58;11380199535;B
20241105;100307;1317.6;4;11380199536;B
20241105;100307;1318.6;30;11380199537;B
20241105;100307;1318.8;44;11380199538;B
20241105;100318;1315.6;1;11380202605;S
20241105;100321;1317.8;30;11380203174;B
20241105;100321;1318;43;11380203175;B
20241105;100321;1318;27;11380203176;B
20241105;100321;1317.8;4;11380203367;B
20241105;100334;1317.8;1;11380206491;B
20241105;100353;1316.2;8;11380211494;B
20241105;100354;1316.2;2;11380211828;B
20241105;100359;1316.2;3;11380212937;B
20241105;100400;1316.2;10;11380213166;B
20241105;100414;1316.2;1;11380215881;B
20241105;100456;1316.2;1;11380225154;S
20241105;100456;1316.2;30;11380225155;S
20241105;100456;1316.2;1;11380225156;S
20241105;100456;1316.2;1;11380225157;S
20241105;100456;1315.8;30;11380225206;B
20241105;100456;1315.8;10;11380225207;S
20241105;100456;1315.8;3;11380225208;B
20241105;100501;1316;10;11380226518;B
20241105;100512;1316;3;11380229489;B
20241105;100515;1315.6;3;11380230633;S
20241105;100515;1315.6;20;11380230634;S
20241105;100520;1315.6;50;11380232189;B
20241105;100525;1315.6;27;11380233634;B
20241105;100525;1315.6;30;11380233635;B
20241105;100525;1315.8;30;11380233636;B
20241105;100525;1316;5;11380233637;B
20241105;100525;1316;20;11380233638;B
20241105;100529;1316.4;1;11380234797;B
20241105;100529;1316.4;1;11380234894;B
20241105;100529;1317.8;1;11380234895;B
20241105;100529;1317.8;1;11380234896;B
20241105;100539;1317.6;1;11380237245;B
20241105;100539;1317.6;29;11380237292;B
20241105;100539;1317.8;3;11380237293;B
20241105;100539;1317.8;18;11380237294;B
20241105;100543;1316.8;1;11380238264;S
20241105;100543;1316.6;2;11380238265;S
20241105;100544;1317.8;1;11380238772;B
20241105;100544;1318;100;11380238773;B
20241105;100544;1318;30;11380238774;B
20241105;100544;1318.2;16;11380238775;B
20241105;100544;1318.2;14;11380238776;B
20241105;100557;1318.2;2;11380241607;B
20241105;100606;1317.2;5;11380243837;S
20241105;100609;1317.4;2;11380245098;B
20241105;100613;1318.2;30;11380245961;B
20241105;100618;1318;1;11380247390;B
20241105;100624;1318.2;6;11380248995;B
20241105;100626;1318.2;30;11380249731;B
20241105;100626;1318.2;11;11380249836;B
20241105;100628;1318.2;1;11380250206;B
20241105;100630;1318.2;6;11380250912;B
20241105;100630;1318.8;5;11380250913;B
20241105;100630;1319;100;11380250914;B
20241105;100634;1319.2;1;11380251892;B
20241105;100634;1319.4;5;11380251893;B
20241105;100634;1319.6;19;11380251894;B
20241105;100634;1319.6;150;11380251916;B
20241105;100645;1319.6;20;11380254743;B
20241105;100647;1319.4;1;11380255454;S
20241105;100650;1319;1;11380256118;B
20241105;100650;1319.2;3;11380256119;B
20241105;100656;1319.4;261;11380257554;B
20241105;100656;1319.4;10;11380257555;B
20241105;100656;1319.4;37;11380257556;B
20241105;100656;1319.6;392;11380257557;B
20241105;100701;1319.4;2;11380259001;B
20241105;100701;1319.4;10;11380259047;B
20241105;100703;1319.6;50;11380259437;B
20241105;100703;1319.6;1354;11380259486;B
20241105;100703;1319.6;40;11380259487;B
20241105;100704;1320;25;11380259636;B
20241105;100704;1320;63;11380259760;B
20241105;100704;1320.6;1;11380259795;S
20241105;100704;1320.6;3;11380259806;S
20241105;100706;1320;4;11380259988;S
20241105;100709;1320.2;1;11380260718;S
20241105;100712;1320;2;11380261294;B
20241105;100712;1321.4;1;11380261295;B
20241105;100712;1321.8;4;11380261296;B
20241105;100712;1322;2;11380261297;B
20241105;100712;1322;2;11380261298;B
20241105;100712;1322.2;9;11380261299;B
20241105;100714;1322.2;579;11380261892;B
20241105;100714;1322.4;30;11380261893;B
20241105;100714;1322.6;46;11380261894;B
20241105;100714;1322.6;95;11380261895;B
20241105;100715;1321.2;1;11380262050;S
20241105;100722;1322.8;1;11380263977;B
20241105;100723;1321;1;11380264188;B
20241105;100723;1322.8;44;11380264189;B
20241105;100724;1322.8;1;11380264436;B
20241105;100725;1321;1;11380264590;S
20241105;100725;1320.8;1;11380264591;S
20241105;100728;1321.8;1;11380265262;B
20241105;100728;1322;2;11380265263;B
20241105;100729;1322;13;11380265615;B
20241105;100729;1322.6;215;11380265616;B
20241105;100729;1323;522;11380265617;B
20241105;100730;1323;200;11380265895;B
20241105;100730;1323;49;11380265896;B
20241105;100730;1323;29;11380265949;B
20241105;100730;1323.2;129;11380265950;B
20241105;100730;1323.6;5;11380265951;B
20241105;100730;1323.8;1;11380265952;B
20241105;100730;1323.8;9;11380265953;B
20241105;100730;1323.8;27;11380265954;B
20241105;100730;1323;2;11380265979;B
20241105;100730;1323.8;178;11380265980;B
20241105;100730;1324;20;11380265981;B
20241105;100730;1322.8;2;11380266015;S
20241105;100731;1324;330;11380266108;B
20241105;100731;1324;5;11380266109;B
20241105;100731;1324.4;1;11380266110;B
20241105;100731;1324.8;5;11380266111;B
20241105;100731;1324.8;3;11380266112;B
20241105;100731;1325;156;11380266113;B
20241105;100731;1325;30;11380266143;B
20241105;100731;1325;30;11380266145;B
20241105;100731;1325;30;11380266146;B
20241105;100731;1325;30;11380266147;B
20241105;100731;1325;30;11380266148;B
20241105;100731;1325;30;11380266149;B
20241105;100731;1325;30;11380266150;B
20241105;100731;1325;30;11380266152;B
20241105;100731;1325;30;11380266153;B
20241105;100731;1325;24;11380266154;B
20241105;100731;1325;1;11380266155;B
20241105;100731;1325;1;11380266156;B
20241105;100731;1325;4;11380266196;S
20241105;100731;1325;6;11380266197;S
20241105;100733;1325.8;1;11380266616;B
20241105;100733;1325.8;2;11380266725;B
20241105;100733;1326;16;11380266726;B
20241105;100734;1326.6;5;11380266754;S
20241105;100734;1326.6;25;11380266797;S
20241105;100734;1326.4;2;11380266798;S
20241105;100735;1323.8;3;11380267139;S
20241105;100736;1325;1;11380267558;B
20241105;100736;1326;18;11380267559;B
20241105;100739;1327.8;3;11380268268;B
20241105;100752;1328;5;11380272067;B
20241105;100752;1328;9;11380272068;B
20241105;100752;1328;30;11380272069;B
20241105;100752;1328;6;11380272070;B
20241105;100753;1328;5;11380272213;B
20241105;100755;1328;5;11380272711;B
20241105;100755;1328;5;11380272773;B
20241105;100756;1328;4;11380272841;B
20241105;100756;1328;1;11380272842;B
20241105;100756;1328;3;11380273169;B
20241105;100756;1328;2;11380273170;B
20241105;100757;1328;28;11380273192;B
20241105;100757;1328.6;4;11380273193;B
20241105;100757;1329;5;11380273194;B
20241105;100757;1329;46;11380273195;B
20241105;100757;1329;5;11380273196;B
20241105;100757;1329.4;12;11380273197;B
20241105;100757;1327.6;1;11380273366;S
20241105;100758;1329;3;11380273809;B
20241105;100758;1329.4;8;11380273810;B
20241105;100758;1329.8;1;11380273922;B
20241105;100758;1330;2;11380273923;B
20241105;100758;1330;1;11380273924;B
20241105;100758;1330;1;11380273925;B
20241105;100759;1329.8;15;11380274011;B
20241105;100759;1329.4;9;11380274012;S
20241105;100759;1329;5;11380274095;B
20241105;100759;1327.6;1;11380274108;S
20241105;100759;1329;5;11380274116;B
20241105;100759;1329;20;11380274119;B
20241105;100759;1329.2;1;11380274120;B
20241105;100759;1329.4;19;11380274121;B
20241105;100759;1329.4;2;11380274186;B
20241105;100759;1329.6;98;11380274187;B
20241105;100759;1329.8;1;11380274190;B
20241105;100800;1329.8;2;11380274209;B
20241105;100801;1327.8;2;11380274850;B
20241105;100802;1330;5;11380275058;B
20241105;100802;1330;15;11380275059;B
20241105;100802;1329.6;3;11380275363;B
20241105;100802;1329.6;2;11380275388;B
20241105;100802;1330;15;11380275389;B
20241105;100802;1330;3;11380275390;B
20241105;100804;1328.8;5;11380275971;S
20241105;100804;1328.4;1;11380275972;S
20241105;100804;1328.2;16;11380275973;S
20241105;100804;1328;10;11380275974;S
20241105;100804;1328;239;11380275975;S
20241105;100804;1327.6;2;11380275976;S
20241105;100804;1327.2;4;11380275977;S
20241105;100804;1327;68;11380275978;S
20241105;100804;1326.8;40;11380275979;S
20241105;100804;1326.4;6;11380275980;S
20241105;100804;1326.4;5;11380275981;S
20241105;100804;1326;30;11380275982;S
20241105;100804;1325.8;24;11380275983;S
20241105;100805;1328.8;3;11380276068;B
20241105;100805;1328;5;11380276182;B
20241105;100805;1328;1;11380276196;B
20241105;100806;1328;1;11380276225;B
20241105;100807;1327.6;10;11380276798;B
20241105;100807;1327.8;23;11380276799;B
20241105;100810;1328.2;1;11380278167;B
20241105;100811;1328.8;7;11380278266;S
20241105;100811;1329.6;8;11380278318;B
20241105;100811;1328;1;11380278355;S
20241105;100813;1328.8;8;11380278841;S
20241105;100818;1328;1;11380280204;B
20241105;100818;1328.2;4;11380280205;B
20241105;100820;1326.4;2;11380280674;S
20241105;100823;1326.4;56;11380281701;S
20241105;100823;1326.4;30;11380281702;S
20241105;100823;1326.2;30;11380281703;S
20241105;100823;1326;1;11380281704;S
20241105;100823;1326;34;11380281705;S
20241105;100823;1326;10;11380281706;S
20241105;100823;1325.8;3;11380281707;S
20241105;100823;1325.4;30;11380281708;S
20241105;100823;1325.2;6;11380281709;S
20241105;100825;1325.4;1;11380282144;S
20241105;100826;1326;25;11380282295;S
20241105;100826;1326;163;11380282543;S
20241105;100827;1325.6;1;11380282692;S
20241105;100831;1325.8;1;11380283629;B
20241105;100831;1327.6;58;11380283630;B
20241105;100831;1327.8;4;11380283631;B
20241105;100831;1327.8;27;11380283632;B
20241105;100831;1327.8;6;11380283633;B
20241105;100831;1327.8;10;11380283634;B
20241105;100831;1328.2;120;11380283635;B
20241105;100831;1328.2;30;11380283636;B
20241105;100831;1328.4;16;11380283637;B
20241105;100831;1328.6;30;11380283638;B
20241105;100831;1328.8;30;11380283639;B
20241105;100831;1328.8;50;11380283640;B
20241105;100831;1329;68;11380283641;B
20241105;100835;1328.6;1;11380284791;S
20241105;100840;1329;6;11380285916;B
20241105;100840;1329.2;1;11380285917;B
20241105;100840;1330;3;11380286211;B
20241105;100841;1330;1;11380286303;B
20241105;100842;1330;6;11380286526;B
20241105;100842;1330;5;11380286527;B
20241105;100842;1329.8;13;11380286765;S
20241105;100843;1328.6;1;11380286806;S
20241105;100848;1328.6;1;11380288109;S
20241105;100848;1328.6;1;11380288110;S
20241105;100849;1328.6;4;11380288433;S
20241105;100849;1328;15;11380288434;S
20241105;100849;1326.8;58;11380288435;S
20241105;100849;1326.6;4;11380288436;S
20241105;100849;1326.6;10;11380288437;S
20241105;100849;1326.2;30;11380288438;S
20241105;100849;1326;58;11380288439;S
20241105;100849;1325.8;30;11380288440;S
20241105;100849;1325.6;16;11380288441;S
20241105;100849;1325.4;30;11380288442;S
20241105;100849;1325.2;50;11380288443;S
20241105;100849;1325;30;11380288444;S
20241105;100849;1324.8;22;11380288445;S
20241105;100849;1323.4;30;11380288446;S
20241105;100849;1323.2;113;11380288447;S
20241105;100849;1327.4;10;11380288672;S
20241105;100849;1324.6;15;11380288673;S
20241105;100857;1328.2;4;11380291034;B
20241105;100857;1328.2;6;11380291035;B
20241105;100857;1328.2;1;11380291084;B
20241105;100857;1328.6;1;11380291271;B
20241105;100858;1328.6;1;11380291334;B
20241105;100858;1328.6;1;11380291423;B
20241105;100858;1328;1;11380291529;B
20241105;100858;1328;1;11380291604;B
20241105;100859;1328;1;11380291957;B
20241105;100900;1328;1;11380291983;B
20241105;100900;1328;1;11380292029;B
20241105;100900;1327.2;1;11380292178;S
20241105;100900;1326.8;1;11380292179;S
20241105;100900;1328;1;11380292188;B
20241105;100900;1328;1;11380292241;B
20241105;100900;1328;1;11380292257;B
20241105;100901;1328;1;11380292321;B
20241105;100901;1328;1;11380292365;B
20241105;100901;1328;1;11380292444;B
20241105;100901;1328;1;11380292510;B
20241105;100902;1328;1;11380292873;B
20241105;100903;1328;1;11380292925;B
20241105;100903;1328;1;11380292957;B
20241105;100903;1328;1;11380292962;B
20241105;100903;1328;1;11380293132;B
20241105;100903;1328;1;11380293146;B
20241105;100903;1328;1;11380293179;B
20241105;100904;1328;1;11380293261;B
20241105;100904;1328;1;11380293292;B
20241105;100904;1328;1;11380293630;B
20241105;100904;1328;1;11380293728;B
20241105;100905;1328;1;11380293775;B
20241105;100905;1328;1;11380293838;B
20241105;100905;1328.8;1;11380293918;B
20241105;100905;1328.8;1;11380294026;B
20241105;100905;1329;1;11380294094;B
20241105;100905;1329;1;11380294121;B
20241105;100905;1329;1;11380294178;B
20241105;100906;1329;1;11380294280;B
20241105;100906;1329;2;11380294564;B
20241105;100907;1327.6;1;11380294623;S
20241105;100907;1328;2;11380294840;B
20241105;100907;1329;8;11380294841;B
20241105;100907;1329;1;11380294897;B
20241105;100907;1327.6;2;11380294898;S
20241105;100907;1327.6;13;11380294899;S
20241105;100908;1329;1;11380294914;B
20241105;100908;1329;1;11380294953;B
20241105;100908;1329;1;11380295129;B
20241105;100908;1329;1;11380295162;B
20241105;100908;1329;1;11380295173;B
20241105;100908;1329;1;11380295190;B
20241105;100909;1329;1;11380295216;B
20241105;100909;1329;1;11380295238;B
20241105;100909;1329;1;11380295290;B
20241105;100909;1329.4;1;11380295406;B
20241105;100909;1329.4;2;11380295476;B
20241105;100911;1326.6;30;11380295923;S
20241105;100911;1326.6;25;11380295924;S
20241105;100911;1326.4;4;11380295925;S
20241105;100911;1326.4;10;11380295926;S
20241105;100911;1324;3;11380295927;S
20241105;100911;1323.8;30;11380295928;S
20241105;100911;1323.6;398;11380295929;S
20241105;100911;1327.8;40;11380295953;B
20241105;100911;1328.4;2;11380296085;B
20241105;100912;1329;1;11380296551;B
20241105;100912;1329;1;11380296731;B
20241105;100913;1328.4;1;11380296746;B
20241105;100913;1328;1;11380296850;S
20241105;100914;1327.4;1;11380297398;B
20241105;100916;1327.4;1;11380298228;B
20241105;100922;1328.8;1;11380300368;B
20241105;100923;1329;1;11380300524;B
20241105;100923;1329;1;11380300679;B
20241105;100924;1329;1;11380300749;B
20241105;100924;1329;1;11380300892;B
20241105;100924;1329;1;11380300906;B
20241105;100924;1329;1;11380301043;B
20241105;100924;1329;1;11380301044;B
20241105;100925;1329;1;11380301167;B
20241105;100925;1329;1;11380301281;B
20241105;100925;1329;1;11380301305;B
20241105;100925;1329;1;11380301321;B
20241105;100925;1329;1;11380301342;B
20241105;100926;1329;1;11380301366;B
20241105;100926;1329;1;11380301370;B
20241105;100926;1327.8;1;11380301492;S
20241105;100926;1329;1;11380301582;B
20241105;100926;1329;1;11380301591;B
20241105;100926;1329.2;1;11380301641;B
20241105;100927;1329.2;1;11380301722;B
20241105;100927;1329.2;1;11380301954;B
20241105;100927;1328;171;11380301964;S
20241105;100927;1328;25;11380301965;S
20241105;100927;1327.8;44;11380301966;S
20241105;100928;1327.8;1;11380302116;B
20241105;100929;1327.8;1;11380302488;B
20241105;100929;1327.8;1;11380302527;B
20241105;100929;1327.8;1;11380302690;B
20241105;100929;1327.8;1;11380302723;B
20241105;100930;1327.8;1;11380302813;B
20241105;100930;1327.8;1;11380303027;B
20241105;100930;1327.8;10;11380303115;B
20241105;100931;1327.8;1;11380303171;B
20241105;100931;1327.8;1;11380303219;B
20241105;100931;1327.8;1;11380303282;B
20241105;100931;1327.8;1;11380303349;B
20241105;100931;1327.8;1;11380303414;B
20241105;100931;1327.8;2;11380303416;B
20241105;100931;1327.8;1;11380303429;B
20241105;100932;1327.8;1;11380303465;B
20241105;100932;1327.8;1;11380303710;B
20241105;100932;1327.8;1;11380303756;B
20241105;100933;1327.8;1;11380303890;B
20241105;100933;1327.8;1;11380303992;B
20241105;100933;1327.8;1;11380304054;B
20241105;100933;1329;1;11380304080;B
20241105;100933;1329;1;11380304109;B
20241105;100934;1329;1;11380304159;B
20241105;100934;1329;1;11380304166;B
20241105;100934;1328.8;1;11380304281;B
20241105;100934;1328.8;1;11380304355;B
20241105;100934;1328.8;1;11380304422;B
20241105;100934;1328.8;1;11380304437;B
20241105;100935;1328.8;1;11380304478;B
20241105;100935;1328.8;1;11380304503;B
20241105;100943;1328.6;1;11380307056;B
20241105;100947;1328;5;11380308192;S
20241105;100951;1327.6;16;11380309683;S
20241105;100951;1328;1;11380309688;B
20241105;100951;1328;1;11380309719;B
20241105;100951;1328;1;11380309741;B
20241105;100952;1328;1;11380309786;B
20241105;100954;1327.6;1;11380310570;S
20241105;100955;1328.6;20;11380310674;B
20241105;100955;1328.8;39;11380310675;B
20241105;100955;1329;10;11380310676;B
20241105;100955;1329.2;16;11380310677;B
20241105;100955;1329.2;5;11380310678;B
20241105;100955;1328.2;30;11380310822;S
20241105;100955;1328.2;25;11380310823;S
20241105;100955;1328;433;11380310824;S
20241105;100955;1328;30;11380310825;S
20241105;100955;1327.8;40;11380310826;S
20241105;100955;1327.6;30;11380310827;S
20241105;100955;1327.4;125;11380310828;S
20241105;100955;1327.4;30;11380310829;S
20241105;100955;1327.2;10;11380310830;S
20241105;100957;1326;8;11380311393;S
20241105;100959;1328;1;11380311877;S
20241105;100959;1329;1;11380311935;B
20241105;101002;1328;10;11380312734;S
20241105;101016;1327;1;11380316799;S
20241105;101017;1327.2;1;11380316877;B
20241105;101018;1326.2;1;11380317326;S
20241105;101022;1325.6;1;11380318808;S
20241105;101025;1325.6;2;11380319474;S
20241105;101025;1325.2;3;11380319475;S
20241105;101025;1325.2;12;11380319476;S
20241105;101025;1325;3;11380319477;S
20241105;101025;1325;6;11380319478;S
20241105;101025;1325;25;11380319479;S
20241105;101025;1324.4;49;11380319480;S
20241105;101029;1325;1;11380320642;B
20241105;101038;1325;45;11380323323;B
20241105;101040;1324.8;5;11380324042;S
20241105;101040;1324;4;11380324043;S
20241105;101040;1324;10;11380324044;S
20241105;101040;1323.8;1;11380324045;S
20241105;101040;1323.6;10;11380324046;S
20241105;101043;1324.8;5;11380324773;S
20241105;101043;1324;3;11380324774;S
20241105;101047;1324.2;406;11380325968;S
20241105;101047;1324;2;11380325969;S
20241105;101047;1324;25;11380325970;S
20241105;101047;1323.6;45;11380325971;S
20241105;101047;1322.4;25;11380325972;S
20241105;101047;1322.4;1;11380325973;S
20241105;101047;1322.2;26;11380325974;S
20241105;101048;1322.4;756;11380326062;S
20241105;101048;1322.4;21;11380326063;S
20241105;101048;1322.4;1;11380326074;B
20241105;101048;1322.4;5;11380326155;B
20241105;101049;1322.2;4;11380326348;S
20241105;101049;1322.2;1;11380326349;S
20241105;101049;1322;1;11380326350;S
20241105;101049;1322;24;11380326351;S
20241105;101049;1321.6;91;11380326390;B
20241105;101049;1321.6;1;11380326535;B
20241105;101050;1321.6;1;11380326913;B
20241105;101050;1321.4;1;11380326916;S
20241105;101050;1320.6;25;11380326917;S
20241105;101050;1320.6;1;11380326918;S
20241105;101050;1320.4;16;11380326919;S
20241105;101050;1320.2;250;11380326920;S
20241105;101050;1320;1;11380326921;S
20241105;101050;1320;10;11380326922;S
20241105;101050;1319.8;1;11380326923;S
20241105;101050;1319.8;1;11380326924;S
20241105;101050;1318.4;2;11380326925;S
20241105;101050;1318.4;2;11380326926;S
20241105;101050;1318.2;4;11380326927;S
20241105;101050;1318.2;25;11380326928;S
20241105;101050;1318;25;11380326929;S
20241105;101050;1317.8;1;11380326930;S
20241105;101050;1317.8;77;11380326931;S
20241105;101050;1317.6;50;11380326932;S
20241105;101050;1317.6;8;11380326933;S
20241105;101051;1320.4;77;11380326979;B
20241105;101051;1320.4;30;11380326980;B
20241105;101051;1320.8;30;11380326981;B
20241105;101051;1321;30;11380326982;B
20241105;101051;1321;16;11380326983;B
20241105;101051;1321.2;58;11380326984;B
20241105;101051;1321.4;30;11380326985;B
20241105;101051;1321.6;149;11380326986;B
20241105;101051;1320.8;3;11380327181;B
20241105;101053;1320.6;20;11380327586;B
20241105;101104;1320.6;1;11380331031;B
20241105;101107;1320.8;5;11380331704;B
20241105;101108;1320.8;15;11380331744;B
20241105;101108;1321.6;10;11380331745;B
20241105;101111;1325;5;11380332217;B
20241105;101111;1326.8;5;11380332247;B
20241105;101112;1326.4;2;11380332487;B
20241105;101113;1326.4;2;11380332649;B
20241105;101114;1325.8;2;11380332825;B
20241105;101122;1325.6;4;11380334374;B
20241105;101122;1325.8;2;11380334375;B
20241105;101122;1325.8;4;11380334376;B
20241105;101124;1325.8;1;11380334764;B
20241105;101125;1325.8;3;11380334787;B
20241105;101140;1325.8;5;11380338466;S
20241105;101150;1325.8;1;11380341553;B
20241105;101155;1325.8;1;11380342709;B
20241105;101158;1325.8;13;11380343552;B
20241105;101158;1325.8;5;11380343576;B
20241105;101158;1326;45;11380343577;B
20241105;101205;1324.4;1;11380345384;B
20241105;101213;1326;5;11380347889;B
20241105;101213;1326;5;11380347890;B
20241105;101220;1324.6;1;11380354824;S
20241105;101220;1324.4;10;11380354825;S
20241105;101220;1324.2;1;11380354826;S
20241105;101220;1324.2;5;11380354827;S
20241105;101220;1324.2;19;11380354828;S
20241105;101220;1324;3;11380354829;S
20241105;101220;1323.8;30;11380354830;S
20241105;101220;1323.6;31;11380354831;S
20241105;101221;1324;1;11380356191;S
20241105;101223;1323;1;11380358018;S
20241105;101228;1325.2;1;11380362320;B
20241105;101228;1325.2;1;11380362321;B
20241105;101240;1325.8;1;11380373832;B
20241105;101240;1325.8;1;11380374177;B
20241105;101243;1325.2;3;11380376733;S
20241105;101243;1323.8;1;11380376734;S
20241105;101243;1323.2;1;11380376735;S
20241105;101243;1323.2;38;11380376736;S
20241105;101243;1323;2;11380376737;S
20241105;101243;1323;58;11380376738;S
20241105;101243;1322.8;58;11380376739;S
20241105;101254;1324.2;5;11380385544;B
20241105;101256;1324.2;1;11380387476;B
20241105;101309;1323.4;1;11380397017;B
20241105;101319;1323;3;11380404360;S
20241105;101339;1322.4;8;11380421872;B
20241105;101339;1322.6;2;11380421873;B
20241105;101344;1322.8;1;11380427942;B
20241105;101353;1322.4;1;11380438242;S
20241105;101405;1322.6;1;11380451580;B
20241105;101414;1323;2;11380462290;B
20241105;101415;1323;43;11380463698;B
20241105;101422;1325;1;11380470272;B
20241105;101422;1325;1;11380470639;B
20241105;101424;1324.2;2;11380472172;S
20241105;101425;1325;2;11380473732;B
20241105;101426;1325;9;11380475222;B
20241105;101430;1324.2;1;11380479123;S
20241105;101430;1324.2;3;11380479124;S
20241105;101430;1323.4;3;11380479125;S
20241105;101430;1323.2;15;11380479126;S
20241105;101431;1323;25;11380480525;S
20241105;101432;1323;75;11380481613;S
20241105;101439;1324.4;58;11380489936;B
20241105;101439;1324.4;1;11380489937;B
20241105;101439;1324.6;8;11380489938;B
20241105;101439;1324.6;10;11380489939;B
20241105;101439;1324.6;25;11380489940;B
20241105;101439;1324.8;30;11380489941;B
20241105;101439;1325;30;11380489942;B
20241105;101439;1325;40;11380489943;B
20241105;101439;1325.6;8;11380489944;B
20241105;101446;1323.8;1;11380496942;S
20241105;101448;1323.8;3;11380500445;S
20241105;101450;1325;2;11380502427;B
20241105;101451;1325;1;11380503424;B
20241105;101452;1325;1;11380504600;B
20241105;101501;1325;20;11380514501;B
20241105;101501;1325.4;10;11380514502;B
20241105;101502;1325;1;11380515707;S
20241105;101517;1325.2;1;11380531681;B
20241105;101525;1325;1;11380540110;S
20241105;101533;1325.6;1;11380549046;B
20241105;101533;1324.8;1;11380549064;S
20241105;101537;1325.6;1;11380552837;B
20241105;101543;1325.6;1;11380559940;B
20241105;101547;1325.6;1;11380564509;B
20241105;101550;1325.6;1;11380567617;B
20241105;101552;1325.6;1;11380570040;B
20241105;101555;1325.6;1;11380573639;B
20241105;101600;1325.6;1;11380578682;B
20241105;101605;1325.2;3;11380583550;S
20241105;101605;1325;3;11380583551;S
20241105;101605;1325;1;11380583589;S
20241105;101612;1325.6;1;11380591023;B
20241105;101614;1325.6;1;11380592481;B
20241105;101619;1325.6;2;11380597398;B
20241105;101620;1325.6;1;11380598046;B
20241105;101638;1325.6;8;11380613998;B
20241105;101652;1325.2;1;11380628947;B
20241105;101702;1325.2;29;11380640345;B
20241105;101702;1325.2;1;11380640346;B
20241105;101702;1325.2;20;11380640347;B
20241105;101705;1325.2;1;11380643657;B
20241105;101706;1325;4;11380644224;S
20241105;101708;1324.8;2;11380646687;S
20241105;101708;1324.8;1;11380646688;S
20241105;101708;1324.8;2;11380646689;S
20241105;101718;1324.4;1;11380658337;B
20241105;101725;1324;2;11380666337;S
20241105;101725;1323.8;45;11380666338;S
20241105;101725;1323.2;4;11380666339;S
20241105;101725;1323;107;11380666340;S
20241105;101725;1323;1;11380666341;S
20241105;101725;1322.4;8;11380666342;S
20241105;101725;1322.2;40;11380666343;S
20241105;101725;1322;5;11380666344;S
20241105;101725;1321.8;16;11380666345;S
20241105;101725;1321.6;23;11380666346;S
20241105;101727;1323.4;1;11380668220;B
20241105;101731;1323;1;11380672584;B
20241105;101734;1323;1;11380676615;B
20241105;101738;1323;1;11380680251;B
20241105;101740;1322.6;1;11380682163;B
20241105;101759;1322.6;2;11380703134;B
20241105;101813;1322;23;11380719193;B
20241105;101815;1321.6;1;11380720505;S
20241105;101815;1321.6;14;11380721129;S
20241105;101815;1321.4;100;11380721130;S
20241105;101815;1321;59;11380721131;S
20241105;101815;1321;28;11380721591;S
20241105;101815;1321;26;11380721592;S
20241105;101815;1321;4;11380721593;S
20241105;101815;1321;30;11380721594;S
20241105;101815;1321;29;11380721595;S
20241105;101816;1321;10;11380722074;S
20241105;101816;1321;10;11380722075;S
20241105;101820;1321.2;7;11380726366;B
20241105;101820;1321;17;11380726977;S
20241105;101820;1321;6;11380726978;S
20241105;101820;1320.6;1;11380726979;S
20241105;101820;1320.6;2;11380726980;S
20241105;101820;1320.6;100;11380726981;S
20241105;101820;1320.2;2;11380726982;S
20241105;101820;1320;20;11380726983;S
20241105;101820;1320;2;11380726984;S
20241105;101821;1320;1;11380727234;S
20241105;101821;1320;2;11380727237;S
20241105;101821;1320;15;11380727892;S
20241105;101821;1320;1;11380727893;S
20241105;101822;1319;1;11380728259;S
20241105;101822;1319;1;11380728260;S
20241105;101822;1319;2;11380728261;S
20241105;101822;1319;3;11380728262;S
20241105;101822;1319;5;11380728264;B
20241105;101822;1318.4;9;11380728266;S
20241105;101822;1319;5;11380728270;B
20241105;101822;1318.4;8;11380728271;S
20241105;101827;1320;23;11380732960;B
20241105;101827;1320.2;27;11380732961;B
20241105;101827;1319.2;1;11380733870;B
20241105;101827;1319.2;7;11380733874;B
20241105;101827;1318.8;8;11380734051;S
20241105;101828;1319.6;1;11380734820;B
20241105;101829;1319.2;1;11380735970;B
20241105;101833;1319.2;1;11380739494;S
20241105;101837;1320.6;1;11380745073;B
20241105;101837;1320.8;6;11380745074;B
20241105;101838;1320;1;11380746145;S
20241105;101838;1319.4;1;11380746146;S
20241105;101843;1320.6;1;11380751620;B
20241105;101844;1319.2;1;11380752645;S
20241105;101846;1319.2;6;11380755371;S
20241105;101846;1319;15;11380755372;S
20241105;101846;1319;24;11380755373;S
20241105;101846;1319;2;11380755377;B
20241105;101847;1318.8;2;11380756364;S
20241105;101847;1318.2;8;11380756368;S
20241105;101847;1318.2;2;11380756372;S
20241105;101847;1318;1;11380756377;S
20241105;101847;1317.8;1;11380756381;S
20241105;101847;1317.8;1;11380756382;S
20241105;101901;1318.2;10;11380772304;S
20241105;101902;1318;2;11380773131;S
20241105;101902;1318;2;11380773135;S
20241105;101910;1318.6;101;11380782325;S
20241105;101911;1318.6;17;11380783227;S
20241105;101911;1318.6;16;11380783228;S
20241105;101916;1319;1;11380788141;B
20241105;101917;1318.6;1;11380789051;S
20241105;101927;1318.8;1;11380799779;S
20241105;101930;1319;1;11380802576;B
20241105;101933;1318.6;3;11380806484;S
20241105;101934;1318.6;1;11380807471;S
20241105;101936;1319;1;11380809733;B
20241105;101937;1319;2;11380810064;B
20241105;101937;1318.6;1;11380810724;S
20241105;101937;1318.6;3;11380810766;S
20241105;101937;1318.4;3;11380810767;S
20241105;101938;1318.6;1;11380811734;S
20241105;101938;1318.6;1;11380811735;S
20241105;101946;1319;2;11380819355;B
20241105;101947;1318.8;1;11380820290;S
20241105;101949;1319;1;11380821896;B
20241105;101951;1319;3;11380824128;B
20241105;101951;1320.4;1;11380824129;B
20241105;101951;1321.2;10;11380824130;B
20241105;101951;1321.4;4;11380824131;B
20241105;101951;1321.4;30;11380824132;B
20241105;101951;1321.6;10;11380824133;B
20241105;101951;1321.8;30;11380824134;B
20241105;101951;1322;1;11380824135;B
20241105;101951;1322;1;11380824136;B
20241105;101951;1322;50;11380824137;B
20241105;101951;1322.2;10;11380824138;B
20241105;101952;1319.2;10;11380824831;S
20241105;101952;1319.2;4;11380824832;S
20241105;101952;1318.8;2;11380824833;S
20241105;101952;1318.8;23;11380824834;S
20241105;101952;1318.8;11;11380824836;S
20241105;101956;1321;1;11380828679;B
20241105;101957;1319;1;11380829311;S
20241105;102008;1320.6;1;11380840528;B
20241105;102008;1320.8;9;11380841127;B
20241105;102008;1321;34;11380841128;B
20241105;102008;1321.2;25;11380841129;B
20241105;102008;1321.6;40;11380841130;B
20241105;102008;1321.6;4;11380841131;B
20241105;102008;1321.8;13;11380841132;B
20241105;102009;1319.4;1;11380842066;S
20241105;102009;1319.4;20;11380842067;S
20241105;102009;1319.4;20;11380842071;S
20241105;102009;1319.2;1;11380842075;S
20241105;102018;1321.6;1;11380851828;B
20241105;102027;1322.2;1;11380864314;B
20241105;102027;1322.2;1;11380864315;B
20241105;102028;1321.6;1;11380866060;S
20241105;102033;1322;1;11380877115;B
20241105;102042;1322.6;9;11380893109;B
20241105;102042;1322;1;11380893203;S
20241105;102043;1320.2;1;11380894871;S
20241105;102043;1320;1;11380894880;S
20241105;102043;1320;1;11380894889;S
20241105;102054;1322;3;11380915828;B
20241105;102055;1320.2;1;11380917715;S
20241105;102056;1320.2;1;11380919782;S
20241105;102057;1320.2;1;11380921358;S
20241105;102106;1321.4;1;11380938939;B
20241105;102106;1322.4;1;11380938940;B
20241105;102106;1322.6;4;11380938941;B
20241105;102107;1320.2;1;11380940123;S
20241105;102107;1320.2;1;11380940125;S
20241105;102109;1322.8;1;11380943926;B
20241105;102118;1322.4;1;11380958655;B
20241105;102118;1322.6;6;11380959131;B
20241105;102119;1320.8;1;11380960936;S
20241105;102119;1320.6;1;11380960937;S
20241105;102120;1322.2;1;11380962498;B
20241105;102121;1322.2;1;11380964021;S
20241105;102127;1322.2;1;11380974542;S
20241105;102133;1322.6;1;11380986591;B
20241105;102133;1323;2;11380986592;B
20241105;102133;1323;1;11380986593;B
20241105;102134;1322.2;1;11380988619;S
20241105;102137;1322.8;30;11380994430;B
20241105;102137;1323;5;11380994431;B
20241105;102137;1323.2;30;11380994432;B
20241105;102137;1323.4;25;11380994433;B
20241105;102137;1323.6;30;11380994434;B
20241105;102137;1323.8;30;11380994435;B
20241105;102138;1322.6;1;11380996054;S
20241105;102138;1322.2;1;11380996057;S
20241105;102138;1321;24;11380996062;S
20241105;102138;1321;6;11380996069;S
20241105;102138;1320.8;1;11380996070;S
20241105;102138;1320.6;9;11380996071;S
20241105;102138;1320.6;1;11380996072;S
20241105;102138;1320.2;6;11380996075;S
20241105;102138;1320.2;1;11380996076;S
20241105;102144;1321.6;1;11381007882;B
20241105;102144;1321.8;1;11381007883;B
20241105;102144;1321.8;1;11381007884;B
20241105;102144;1321.8;1;11381007885;B
20241105;102144;1321.8;1;11381007886;B
20241105;102144;1322;1;11381007887;B
20241105;102144;1322;1;11381007888;B
20241105;102144;1322;1;11381007889;B
20241105;102144;1322;1;11381007890;B
20241105;102145;1322.2;1;11381009413;S
20241105;102145;1322.2;2;11381009417;S
20241105;102145;1323;1;11381010068;B
20241105;102146;1322.2;1;11381011984;S
20241105;102153;1322.2;2;11381025164;S
20241105;102158;1322.8;1;11381034489;B
20241105;102159;1322.2;1;11381036275;S
20241105;102204;1323.4;7;11381047332;B
20241105;102205;1322.2;1;11381049062;S
20241105;102205;1322.2;1;11381049065;S
20241105;102211;1322.2;2;11381060636;S
20241105;102212;1322.8;1;11381062356;S
20241105;102221;1322.8;1;11381079129;B
20241105;102223;1322.8;1;11381082496;B
20241105;102226;1322.6;2;11381087656;B
20241105;102228;1322.2;1;11381091427;S
20241105;102238;1322.2;15;11381110355;S
20241105;102239;1322.2;3;11381112001;S
20241105;102239;1322.2;2;11381112007;S
20241105;102240;1323;16;11381114353;B
20241105;102241;1322.2;3;11381116306;S
20241105;102241;1322.2;1;11381116308;S
20241105;102241;1322;1;11381116316;S
20241105;102305;1322;1;11381143847;B
20241105;102305;1322;4;11381144567;B
20241105;102306;1321;1;11381144979;S
20241105;102306;1322;2;11381145270;B
20241105;102307;1320.8;1;11381146226;S
20241105;102307;1320.8;1;11381146227;S
20241105;102314;1320.4;1;11381153168;S
20241105;102328;1321.4;1;11381166749;B
20241105;102353;1321.8;1;11381194319;B
20241105;102354;1321.4;1;11381195547;S
20241105;102417;1322;10;11381222173;B
20241105;102417;1322;20;11381222471;B
20241105;102418;1321.4;2;11381223040;S
20241105;102418;1321.4;1;11381223041;S
20241105;102419;1321.4;4;11381224046;S
20241105;102419;1321.4;3;11381224047;S
20241105;102426;1322;25;11381231783;B
20241105;102431;1321.6;1;11381236734;S
20241105;102431;1321.4;4;11381236740;S
20241105;102431;1321.4;3;11381236750;S
20241105;102431;1322;187;11381237828;B
20241105;102431;1322.8;39;11381237829;B
20241105;102431;1322.8;18;11381237830;B
20241105;102431;1322.8;25;11381237831;B
20241105;102431;1323;52;11381237832;B
20241105;102431;1323.2;1;11381237833;B
20241105;102431;1323.4;30;11381237834;B
20241105;102431;1323.4;2;11381237835;B
20241105;102431;1323.6;16;11381237836;B
20241105;102431;1324;1;11381237837;B
20241105;102431;1324.2;30;11381237838;B
20241105;102431;1324.4;1;11381237839;B
20241105;102431;1324.4;25;11381237840;B
20241105;102431;1324.4;30;11381237841;B
20241105;102431;1324.6;30;11381237842;B
20241105;102431;1324.6;3;11381237843;B
20241105;102431;1324.6;45;11381237844;B
20241105;102431;1324.8;30;11381237845;B
20241105;102431;1324.8;57;11381237846;B
20241105;102431;1325;26;11381237847;B
20241105;102431;1325;25;11381237848;B
20241105;102431;1325;30;11381237849;B
20241105;102431;1325;1;11381237850;B
20241105;102431;1325.2;8;11381237851;B
20241105;102431;1325.2;50;11381237852;B
20241105;102431;1325.6;68;11381237853;B
20241105;102431;1325.6;31;11381237854;B
20241105;102431;1325.8;20;11381237855;B
20241105;102431;1325.8;70;11381237856;B
20241105;102431;1326;100;11381237857;B
20241105;102431;1326.8;625;11381237858;B
20241105;102432;1322.2;58;11381238584;S
20241105;102432;1322;30;11381238588;S
20241105;102432;1321.8;30;11381238625;S
20241105;102432;1321.8;30;11381238629;B
20241105;102432;1321.8;30;11381238630;B
20241105;102432;1321.6;68;11381238631;S
20241105;102432;1321.6;30;11381238632;S
20241105;102432;1321.6;40;11381238633;S
20241105;102432;1321.6;30;11381238637;B
20241105;102432;1321.6;30;11381238638;B
20241105;102432;1321.6;30;11381238639;B
20241105;102432;1321.4;132;11381238643;S
20241105;102432;1321.4;21;11381238647;S
20241105;102437;1322.6;4;11381244514;S
20241105;102438;1322.4;1;11381245219;S
20241105;102448;1321.8;1;11381255616;S
20241105;102448;1321.6;1;11381255617;S
20241105;102448;1321.6;1;11381256733;S
20241105;102452;1323.2;1;11381260825;B
20241105;102452;1323.6;1;11381260826;B
20241105;102457;1322.8;1;11381265641;B
20241105;102458;1322.4;1;11381266745;S
20241105;102506;1322.8;1;11381276475;B
20241105;102506;1323.6;1;11381276476;B
20241105;102506;1324.6;2;11381276477;B
20241105;102506;1324.8;4;11381276478;B
20241105;102506;1325.2;30;11381276479;B
20241105;102506;1325.4;40;11381276480;B
20241105;102506;1325.6;30;11381276481;B
20241105;102506;1325.8;30;11381276482;B
20241105;102506;1326;30;11381276483;B
20241105;102506;1326.2;60;11381276484;B
20241105;102506;1326.6;30;11381276485;B
20241105;102506;1326.8;30;11381276486;B
20241105;102506;1326.8;212;11381276487;B
20241105;102507;1322.6;8;11381276655;S
20241105;102507;1323.6;4;11381276663;B
20241105;102507;1322.6;17;11381276940;S
20241105;102507;1322.6;30;11381276941;S
20241105;102507;1322.4;79;11381276945;S
20241105;102507;1322.4;36;11381276996;S
20241105;102508;1322.6;2;11381278139;S
20241105;102508;1322.6;1;11381278140;S
20241105;102515;1325;1;11381285761;B
20241105;102515;1325.4;1;11381285762;B
20241105;102515;1325.4;2;11381285763;B
20241105;102515;1325.6;7;11381285764;B
20241105;102515;1323.6;1;11381286407;S
20241105;102516;1323.8;1;11381287654;S
20241105;102516;1323.6;1;11381287655;S
20241105;102516;1323.6;1;11381287659;S
20241105;102528;1323.8;4;11381299918;S
20241105;102528;1323.6;1;11381300804;S
20241105;102530;1325.4;1;11381301778;B
20241105;102530;1325.4;51;11381301779;B
20241105;102530;1325.6;25;11381301780;B
20241105;102530;1326;4;11381301781;B
20241105;102530;1326;4;11381301782;B
20241105;102530;1326;30;11381301783;B
20241105;102530;1326.2;30;11381301784;B
20241105;102530;1326.4;91;11381301785;B
20241105;102530;1326.6;20;11381301786;B
20241105;102531;1323.6;43;11381303363;S
20241105;102531;1323.6;15;11381303367;S
20241105;102531;1323.6;4;11381303368;S
20241105;102531;1323.4;23;11381303372;S
20241105;102534;1324;1;11381307416;S
20241105;102535;1326;4;11381308636;B
20241105;102536;1324.2;1;11381309184;S
20241105;102537;1324;1;11381310347;S
20241105;102544;1325.8;1;11381318714;B
20241105;102544;1326;1;11381318715;B
20241105;102544;1326;25;11381318716;B
20241105;102544;1326.8;1;11381318717;B
20241105;102544;1326.8;24;11381318718;B
20241105;102544;1326.8;58;11381318719;B
20241105;102544;1327;1;11381318720;B
20241105;102544;1327;15;11381318721;B
20241105;102544;1327;100;11381318722;B
20241105;102544;1327;39;11381318723;B
20241105;102544;1327;180;11381318724;B
20241105;102545;1324.6;58;11381320097;S
20241105;102545;1324.4;74;11381320099;S
20241105;102545;1324.4;16;11381320100;S
20241105;102552;1327.2;5;11381328411;B
20241105;102554;1327.2;4;11381330209;B
20241105;102555;1326.6;1;11381331664;S
20241105;102555;1326.6;2;11381331665;S
20241105;102556;1327.2;1;11381332888;B
20241105;102556;1327.2;1;11381332889;B
20241105;102556;1327.2;70;11381332890;B
20241105;102556;1327.4;1;11381332891;B
20241105;102556;1327.4;50;11381332892;B
20241105;102556;1327.6;1;11381332893;B
20241105;102556;1327.8;45;11381332894;B
20241105;102556;1328;1;11381332895;B
20241105;102556;1328;3;11381332896;B
20241105;102556;1328;59;11381332897;B
20241105;102556;1328;9;11381332898;B
20241105;102556;1328;25;11381332899;B
20241105;102556;1329;3;11381332900;B
20241105;102556;1329.2;1;11381332901;B
20241105;102556;1329;1;11381333022;B
20241105;102557;1326.6;17;11381333398;S
20241105;102557;1325.6;4;11381333399;S
20241105;102557;1325.4;58;11381333400;S
20241105;102557;1325.4;1;11381333401;S
20241105;102557;1325.2;40;11381333402;S
20241105;102557;1325.2;25;11381333403;S
20241105;102557;1324.8;5;11381333404;S
20241105;102557;1324.6;1;11381333711;S
20241105;102557;1324.6;44;11381333712;S
20241105;102557;1324.6;45;11381333716;S
20241105;102558;1324;5;11381334448;S
20241105;102558;1324;1;11381334449;S
20241105;102558;1324;3;11381334450;S
20241105;102558;1323.8;25;11381334451;S
20241105;102558;1323.8;17;11381334452;S
20241105;102559;1324.2;5;11381335434;S
20241105;102559;1324;12;11381335435;S
20241105;102600;1324;3;11381335911;S
20241105;102600;1324;2;11381335912;S
20241105;102611;1325.4;1;11381346751;B
20241105;102611;1325.6;1;11381346752;B
20241105;102611;1326.2;25;11381346753;B
20241105;102611;1327.2;58;11381346754;B
20241105;102611;1327.4;4;11381346755;B
20241105;102611;1327.4;40;11381346756;B
20241105;102611;1327.4;58;11381346757;B
20241105;102611;1327.4;50;11381346758;B
20241105;102611;1327.6;50;11381346759;B
20241105;102611;1328;60;11381346760;B
20241105;102611;1328.4;1;11381346761;B
20241105;102611;1328.8;50;11381346762;B
20241105;102611;1329;5;11381346763;B
20241105;102611;1329;5;11381346764;B
20241105;102611;1329.2;44;11381346765;B
20241105;102611;1329.4;48;11381346766;B
20241105;102612;1325.8;58;11381347324;S
20241105;102612;1325.6;40;11381347325;S
20241105;102612;1325.6;25;11381347326;S
20241105;102612;1325.4;25;11381347327;S
20241105;102612;1325.4;19;11381347328;S
20241105;102622;1328;1;11381356516;B
20241105;102625;1327;50;11381359479;B
20241105;102626;1326.6;8;11381360454;S
20241105;102626;1326.6;2;11381360458;S
20241105;102626;1326.4;7;11381360462;S
20241105;102628;1326.6;1;11381362158;S
20241105;102628;1326.4;1;11381362159;S
20241105;102629;1326.4;1;11381363199;S
20241105;102630;1328.2;18;11381363440;B
20241105;102631;1326.4;3;11381364621;S
20241105;102631;1326.4;3;11381364625;S
20241105;102634;1328.2;1;11381368474;B
20241105;102638;1326.8;10;11381372698;S
20241105;102638;1326.6;19;11381372699;S
20241105;102638;1326.4;35;11381372700;S
20241105;102638;1326.4;1;11381372701;S
20241105;102638;1326.2;5;11381372702;S
20241105;102638;1326.2;5;11381372703;S
20241105;102638;1326.2;1;11381373387;S
20241105;102638;1325.8;4;11381373388;S
20241105;102638;1325.6;12;11381373391;S
20241105;102638;1325.6;8;11381373395;S
20241105;102639;1327.8;4;11381374467;B
20241105;102639;1327.8;25;11381374468;B
20241105;102639;1328.2;58;11381374469;B
20241105;102639;1328.4;40;11381374470;B
20241105;102639;1328.8;50;11381374471;B
20241105;102639;1329.2;5;11381374472;B
20241105;102639;1329.2;361;11381374473;B
20241105;102640;1326.2;40;11381374659;S
20241105;102640;1325.8;4;11381374660;S
20241105;102640;1325.8;30;11381374661;S
20241105;102640;1325.8;17;11381374662;B
20241105;102640;1325.8;13;11381374663;S
20241105;102640;1325.6;40;11381374664;S
20241105;102640;1325.6;16;11381374665;S
20241105;102640;1325.6;21;11381374666;S
20241105;102641;1326;58;11381375878;S
20241105;102641;1325.8;58;11381375879;S
20241105;102641;1325.8;25;11381375880;S
20241105;102641;1325.8;6;11381375881;S
20241105;102641;1325.2;30;11381375882;S
20241105;102641;1325;30;11381375883;S
20241105;102641;1325;120;11381375884;S
20241105;102641;1325;30;11381375885;S
20241105;102641;1324.8;546;11381375886;S
20241105;102641;1324;30;11381375887;S
20241105;102641;1323.8;18;11381375888;S
20241105;102641;1323.4;30;11381375889;S
20241105;102641;1323.2;45;11381375890;S
20241105;102641;1323;3;11381375891;S
20241105;102641;1323;30;11381375892;S
20241105;102641;1322.8;10;11381375893;S
20241105;102641;1322.8;5;11381375894;S
20241105;102641;1322.8;30;11381375895;S
20241105;102641;1322.6;6;11381375896;S
20241105;102641;1322.4;20;11381375897;S
20241105;102641;1322.4;25;11381375898;S
20241105;102641;1322.2;1;11381375899;S
20241105;102641;1322.2;16;11381375900;S
20241105;102641;1322;18;11381375901;S
20241105;102641;1322;30;11381375902;S
20241105;102641;1321.4;52;11381375903;S
20241105;102641;1324.8;16;11381376063;B
20241105;102641;1324.8;34;11381376064;B
20241105;102642;1321.4;28;11381377197;S
20241105;102642;1321.4;1;11381377198;S
20241105;102642;1321.2;1;11381377203;S
20241105;102642;1320.8;2;11381377211;S
20241105;102642;1320.8;181;11381377212;S
20241105;102642;1320.8;69;11381377217;S
20241105;102642;1320.8;30;11381377218;S
20241105;102642;1320.6;30;11381377226;S
20241105;102642;1320.6;25;11381377227;S
20241105;102642;1320.6;23;11381377228;B
20241105;102643;1320.8;3;11381378308;S
20241105;102643;1320.8;2;11381378309;S
20241105;102649;1323.2;58;11381385773;B
20241105;102649;1323.4;58;11381385774;B
20241105;102649;1323.4;25;11381385775;B
20241105;102649;1323.6;16;11381385776;B
20241105;102649;1323.8;4;11381385777;B
20241105;102649;1323.8;30;11381385778;B
20241105;102649;1324;40;11381385779;B
20241105;102649;1324;50;11381385780;B
20241105;102649;1325.6;1;11381385781;B
20241105;102649;1325.6;30;11381385782;B
20241105;102649;1325.8;30;11381385783;B
20241105;102649;1326;30;11381385784;B
20241105;102649;1326.2;60;11381385785;B
20241105;102649;1326.2;68;11381385786;B
20241105;102650;1322.8;58;11381386151;S
20241105;102650;1322.6;40;11381386152;S
20241105;102650;1322.6;30;11381386153;S
20241105;102650;1322.2;25;11381386154;S
20241105;102650;1322.2;14;11381386155;S
20241105;102700;1322.4;1;11381397794;S
20241105;102704;1323.6;8;11381403197;B
20241105;102705;1322.4;2;11381404346;S
20241105;102705;1322.4;1;11381404350;S
20241105;102706;1322.8;5;11381405785;S
20241105;102707;1322.8;1;11381406332;S
20241105;102707;1322.8;1;11381406338;S
20241105;102715;1323.8;2;11381414913;B
20241105;102719;1323.8;1;11381420409;B
20241105;102719;1324.2;1;11381420410;B
20241105;102720;1323;1;11381420622;S
20241105;102724;1324;1;11381424964;B
20241105;102731;1324;2;11381433669;B
20241105;102739;1323;1;11381441715;S
20241105;102745;1323.2;1;11381449486;S
20241105;102745;1323;58;11381449487;S
20241105;102745;1323;3;11381449488;S
20241105;102746;1322.8;10;11381450183;S
20241105;102746;1322.8;11;11381450187;S
20241105;102755;1323;2;11381459625;B
20241105;102804;1323;26;11381469664;B
20241105;102804;1323.2;25;11381469665;B
20241105;102804;1323.6;40;11381469666;B
20241105;102804;1323.8;30;11381469667;B
20241105;102804;1324;72;11381469668;B
20241105;102804;1324.2;4;11381469669;B
20241105;102804;1324.4;30;11381469670;B
20241105;102804;1324.6;58;11381469671;B
20241105;102804;1324.8;23;11381469672;B
20241105;102805;1322.2;2;11381470014;S
20241105;102805;1322.2;10;11381470015;S
20241105;102805;1321.8;40;11381470026;S
20241105;102805;1321.6;11;11381470032;S
20241105;102805;1321.4;40;11381470042;S
20241105;102813;1323;5;11381479422;B
20241105;102814;1321.4;1;11381480682;S
20241105;102814;1321.4;1;11381480686;S
20241105;102818;1321.4;10;11381485434;S
20241105;102819;1321.4;1;11381486167;S
20241105;102819;1321.4;2;11381486168;S
20241105;102823;1321.4;1;11381490333;S
20241105;102823;1321.4;1;11381490334;S
20241105;102823;1321.2;3;11381490335;S
20241105;102823;1321;8;11381490336;S
20241105;102823;1321;15;11381490337;S
20241105;102824;1321.4;1;11381491436;S
20241105;102824;1321;4;11381491437;S
20241105;102824;1321;4;11381491438;S
20241105;102905;1322.6;1;11381539396;B
20241105;102905;1322.8;1;11381539397;B
20241105;102905;1323;1;11381539398;B
20241105;102905;1323.2;5;11381539399;B
20241105;102905;1323.4;15;11381539400;B
20241105;102905;1321.4;4;11381540916;S
20241105;102905;1321.4;4;11381540920;S
20241105;102907;1321.6;1;11381541887;S
20241105;102907;1321.4;1;11381541888;S
20241105;102907;1321.2;58;11381541889;S
20241105;102907;1321;10;11381541890;S
20241105;102907;1321;30;11381541891;S
20241105;102907;1321;1;11381541892;S
20241105;102907;1320.8;2;11381541893;S
20241105;102907;1320.8;9;11381541894;S
20241105;102907;1320.8;30;11381541895;S
20241105;102907;1320.6;1;11381541896;S
20241105;102907;1320.6;25;11381541897;S
20241105;102907;1320.4;2;11381541898;S
20241105;102907;1320.2;30;11381541899;S
20241105;102907;1320.6;34;11381542664;S
20241105;102907;1320.6;16;11381542665;S
20241105;102907;1320.4;17;11381542666;S
20241105;102919;1321.6;1;11381554765;B
20241105;102947;1320.6;1;11381583420;S
20241105;102949;1320.4;3;11381585394;S
20241105;102949;1320.4;10;11381585395;S
20241105;102950;1320.2;1;11381586064;S
20241105;102950;1320.2;1;11381586065;S
20241105;102950;1320;3;11381586066;S
20241105;102952;1320.4;10;11381588613;B
20241105;102953;1320;2;11381590256;S
20241105;102953;1320;1;11381590261;S
20241105;103001;1320.4;1;11381599179;B
20241105;103012;1320.4;26;11381612172;B
20241105;103012;1321.2;9;11381612173;B
20241105;103013;1320;6;11381613762;S
20241105;103013;1320;6;11381613763;S
20241105;103019;1321.4;1;11381620693;B
20241105;103019;1321.6;9;11381620694;B
20241105;103020;1320;2;11381620991;S
20241105;103020;1320;1;11381620993;S
20241105;103025;1321.6;1;11381627500;B
20241105;103026;1320.2;1;11381628100;S
20241105;103036;1320.2;1;11381639428;S
20241105;103039;1320;1;11381642778;S
20241105;103039;1320;1;11381642995;S
20241105;103039;1320;10;11381642996;S
20241105;103039;1320;10;11381642997;S
20241105;103039;1320;1;11381642998;S
20241105;103039;1320;1;11381642999;S
20241105;103040;1319.8;4;11381643200;S
20241105;103040;1319.8;4;11381643204;S
20241105;103041;1319.8;6;11381645295;S
20241105;103042;1319.8;1;11381646332;S
20241105;103042;1319.8;1;11381646336;S
20241105;103047;1320;10;11381652236;B
20241105;103048;1319.8;1;11381653215;S
20241105;103048;1319.8;2;11381653219;S
20241105;103049;1320;10;11381654095;B
20241105;103050;1319.8;2;11381655132;S
20241105;103050;1319.8;2;11381655133;S
20241105;103052;1320;1;11381658034;B
20241105;103058;1319.8;1;11381664122;S
20241105;103059;1319;2;11381665735;S
20241105;103059;1319;1;11381665736;S
20241105;103059;1318.8;1;11381665737;S
20241105;103059;1318.6;10;11381665738;S
20241105;103059;1318.6;6;11381665739;S
20241105;103059;1318.6;1;11381665740;S
20241105;103100;1318.6;20;11381665935;S
20241105;103100;1318.6;4;11381666062;S
20241105;103100;1318.6;3;11381666063;S
20241105;103101;1318.4;3;11381667637;S
20241105;103101;1318.4;4;11381667641;S
20241105;103104;1319.8;1;11381670503;B
20241105;103111;1318.6;1;11381679202;S
20241105;103112;1318.6;1;11381680152;S
20241105;103129;1319.4;1;11381699519;B
20241105;103131;1318.6;9;11381701235;S
20241105;103132;1318.4;1;11381702071;S
20241105;103132;1318.4;1;11381702072;S
20241105;103132;1318.4;1;11381702073;S
20241105;103141;1318.4;24;11381712467;S
20241105;103141;1318.4;25;11381712468;S
20241105;103141;1318.4;8;11381712469;S
20241105;103141;1318.4;1;11381712470;S
20241105;103141;1318.4;2;11381712471;S
20241105;103141;1318.2;4;11381712472;S
20241105;103141;1318.2;30;11381712473;S
20241105;103141;1318;3;11381712474;S
20241105;103141;1318;10;11381712475;S
20241105;103141;1318;1;11381712476;S
20241105;103141;1318;50;11381712477;S
20241105;103141;1318;1;11381712478;S
20241105;103141;1318;30;11381712479;S
20241105;103141;1318;1;11381712480;S
20241105;103141;1318;50;11381712481;S
20241105;103141;1317.8;30;11381712482;S
20241105;103141;1317.8;30;11381712483;S
20241105;103141;1317.6;9;11381712484;S
20241105;103141;1317.6;1;11381712485;S
20241105;103141;1317.6;30;11381712486;S
20241105;103141;1317.4;2;11381712487;S
20241105;103141;1317.4;100;11381712488;S
20241105;103141;1317.4;50;11381712489;S
20241105;103141;1317.4;30;11381712490;S
20241105;103141;1317.2;3;11381712491;S
20241105;103141;1317.2;10;11381712492;S
20241105;103141;1317.2;30;11381712493;S
20241105;103141;1317;50;11381712494;S
20241105;103141;1317;1;11381712495;S
20241105;103141;1317;1;11381712496;S
20241105;103141;1317;10;11381712497;S
20241105;103141;1316.8;10;11381712498;S
20241105;103141;1316.8;27;11381712499;S
20241105;103141;1316.6;9;11381712500;S
20241105;103141;1316.6;27;11381712501;S
20241105;103141;1316.6;16;11381712502;S
20241105;103141;1316.4;2;11381712503;S
20241105;103141;1316.4;4;11381712504;S
20241105;103141;1316.4;27;11381712505;S
20241105;103141;1316.2;9;11381712506;S
20241105;103141;1316.2;1;11381712507;S
20241105;103141;1316.2;5;11381712508;S
20241105;103141;1316.2;108;11381712509;S
20241105;103142;1316.2;30;11381713853;S
20241105;103142;1316.2;53;11381713854;S
20241105;103142;1316.2;30;11381713857;B
20241105;103142;1316;146;11381713858;S
20241105;103142;1316.2;30;11381713859;B
20241105;103142;1316.2;2;11381713860;B
20241105;103143;1316;2;11381715753;S
20241105;103150;1317.2;1;11381722936;B
20241105;103151;1316;1;11381724753;S
20241105;103207;1316.2;10;11381730717;S
20241105;103207;1316.2;10;11381730718;S
20241105;103207;1316.2;2;11381730719;S
20241105;103208;1316;4;11381730901;S
20241105;103208;1316;3;11381730902;S
20241105;103227;1316.2;3;11381734160;S
20241105;103228;1316.2;1;11381734252;S
20241105;103246;1317.2;1;11381736481;B
20241105;103318;1317.2;3;11381740671;B
20241105;103325;1317;4;11381741802;S
20241105;103325;1317;1;11381741854;S
20241105;103326;1317;1;11381742084;S
20241105;103326;1317;1;11381742088;S
20241105;103327;1317.2;1;11381742348;B
20241105;103352;1317.2;1;11381747325;S
20241105;103352;1317.2;1;11381747326;S
20241105;103352;1317.2;1;11381747327;S
20241105;103352;1317;3;11381747328;S
20241105;103352;1316.8;1;11381747329;S
20241105;103352;1316.8;1;11381747330;S
20241105;103352;1316.2;1;11381747331;S
20241105;103352;1316.2;25;11381747332;S
20241105;103352;1316.2;25;11381747333;S
20241105;103352;1316.2;2;11381747334;S
20241105;103352;1316.2;11;11381747335;S
20241105;103352;1316;28;11381747336;S
20241105;103353;1316;16;11381747517;S
20241105;103353;1316;17;11381747519;S
20241105;103404;1317;1;11381750288;B
20241105;103408;1317;2;11381752102;B
20241105;103409;1316.2;1;11381752360;S
20241105;103412;1316.2;5;11381753360;S
20241105;103414;1316.6;1;11381754293;B
20241105;103415;1316.2;1;11381754388;S
20241105;103423;1316.2;2;11381756818;S
20241105;103424;1316.2;1;11381757043;S
20241105;103425;1316.2;1;11381757231;S
20241105;103425;1316;6;11381757232;S
20241105;103432;1316;1;11381758503;S
20241105;103432;1316;1;11381758507;S
20241105;103434;1316;20;11381758871;S
20241105;103436;1316.2;4;11381759144;S
20241105;103436;1316.2;3;11381759146;S
20241105;103437;1316.6;1;11381759179;B
20241105;103441;1316.2;2;11381760200;S
20241105;103442;1316.2;1;11381760369;S
20241105;103443;1316.2;5;11381760400;S
20241105;103443;1316;15;11381760401;S
20241105;103443;1316;3;11381760534;S
20241105;103443;1316;3;11381760535;S
20241105;103449;1316;122;11381761266;S
20241105;103449;1316;1;11381761267;S
20241105;103449;1316;1;11381761268;S
20241105;103449;1316;1;11381761269;S
20241105;103449;1316;100;11381761270;S
20241105;103449;1316;1;11381761271;S
20241105;103449;1316;74;11381761272;S
20241105;103450;1316;50;11381761439;S
20241105;103450;1316;50;11381761440;S
20241105;103451;1316;10;11381761604;S
20241105;103452;1316;2;11381761784;S
20241105;103452;1316;2;11381761785;S
20241105;103458;1316;50;11381762799;S
20241105;103459;1316;49;11381762933;S
20241105;103459;1316;10;11381762983;S
20241105;103500;1316;3;11381763072;S
20241105;103500;1316;5;11381763073;S
20241105;103500;1316;8;11381763074;S
20241105;103500;1316;1;11381763093;S
20241105;103501;1316;2;11381763195;S
20241105;103501;1316;2;11381763196;S
20241105;103501;1316;3;11381763197;S
20241105;103501;1316;1;11381763198;S
20241105;103501;1316;1;11381763199;S
20241105;103501;1316;1;11381763200;S
20241105;103501;1316;8;11381763201;S
20241105;103501;1316;2;11381763202;S
20241105;103502;1316;1;11381763346;S
20241105;103503;1316;1;11381763435;S
20241105;103503;1316;1;11381763453;S
20241105;103504;1316;1;11381763708;S
20241105;103521;1316.8;1;11381768263;B
20241105;103522;1316.4;1;11381768606;S
20241105;103534;1317;1;11381773275;B
20241105;103542;1317;3;11381776312;B
20241105;103543;1317;1;11381776604;S
20241105;103554;1317.8;10;11381781132;B
20241105;103555;1317;2;11381781489;S
20241105;103555;1317;1;11381781490;S
20241105;103558;1317.8;3;11381782655;B
20241105;103559;1317;1;11381783053;S
20241105;103610;1317.8;1;11381787013;B
20241105;103611;1317.4;1;11381787343;S
20241105;103618;1317.6;7;11381789122;B
20241105;103619;1317.4;1;11381789371;S
20241105;103619;1317.4;1;11381789372;S
20241105;103622;1317.6;3;11381790268;B
20241105;103622;1317.6;9;11381790269;B
20241105;103623;1317.6;2;11381790442;B
20241105;103623;1317.6;2;11381790443;S
20241105;103630;1317.8;3;11381791764;B
20241105;103631;1317.6;1;11381791825;S
20241105;103632;1317.8;10;11381792022;B
20241105;103644;1317.8;3;11381793383;B
20241105;103644;1317.8;7;11381793384;S
20241105;103645;1317.6;2;11381793425;S
20241105;103645;1317.6;1;11381793426;S
20241105;103647;1317.8;4;11381793640;B
20241105;103647;1317.6;2;11381793687;S
20241105;103647;1317.6;3;11381793688;S
20241105;103650;1317.6;11;11381794011;S
20241105;103650;1317.6;2;11381794062;S
20241105;103650;1317.6;2;11381794063;S
20241105;103703;1317.8;1;11381796249;B
20241105;103735;1317.8;1;11381806315;B
20241105;103741;1317.6;1;11381807409;S
20241105;103741;1317.8;1;11381807448;B
20241105;103741;1317.6;1;11381807471;S
20241105;103828;1317.8;16;11381815173;B
20241105;103828;1317.8;5;11381815174;B
20241105;103828;1317.6;3;11381815271;S
20241105;103828;1317.6;2;11381815272;S
20241105;103828;1317.6;2;11381815273;S
20241105;103841;1317.8;3;11381817224;B
20241105;103841;1317.6;1;11381817363;S
20241105;103844;1317.8;2;11381817731;B
20241105;103844;1317.8;30;11381817732;B
20241105;103844;1318;10;11381817733;B
20241105;103844;1318;8;11381817734;B
20241105;103845;1317.6;1;11381817813;S
20241105;103845;1317.4;5;11381817877;S
20241105;103845;1317.4;3;11381817878;S
20241105;103845;1317.4;3;11381817879;S
20241105;103845;1317.4;1;11381817880;S
20241105;103845;1317;4;11381817881;S
20241105;103909;1317.8;1;11381821604;B
20241105;103931;1317.8;2;11381824619;B
20241105;103932;1317;1;11381824767;S
20241105;104000;1317.6;1;11381829629;B
20241105;104002;1317;42;11381830223;S
20241105;104003;1317;5;11381830541;S
20241105;104003;1317;2;11381830542;S
20241105;104003;1317;3;11381830544;S
20241105;104003;1317;2;11381830545;S
20241105;104003;1317;2;11381830546;S
20241105;104012;1317.6;1;11381833697;B
20241105;104012;1317.6;1;11381833751;B
20241105;104012;1317.6;1;11381833770;B
20241105;104012;1317.6;2;11381833778;B
20241105;104012;1317.6;2;11381833929;B
20241105;104012;1317.4;1;11381833959;B
20241105;104013;1317.6;1;11381834023;B
20241105;104014;1317.2;1;11381834353;S
20241105;104014;1317.2;1;11381834354;S
20241105;104014;1317.6;1;11381834355;B
20241105;104014;1317.8;3;11381834356;B
20241105;104014;1317.8;2;11381834367;B
20241105;104014;1317.8;1;11381834368;B
20241105;104014;1317.8;1;11381834382;B
20241105;104014;1317.8;1;11381834406;B
20241105;104015;1317.2;1;11381834588;S
20241105;104015;1317.8;1;11381834631;B
20241105;104015;1317.8;1;11381834634;B
20241105;104015;1317.6;1;11381834705;B
20241105;104015;1317.8;1;11381834706;B
20241105;104015;1317.6;1;11381834760;B
20241105;104015;1317.8;2;11381834761;B
20241105;104016;1317.8;1;11381834817;B
20241105;104016;1317.8;2;11381834882;B
20241105;104016;1317.8;2;11381834889;B
20241105;104017;1317.2;1;11381835033;S
20241105;104017;1317.2;1;11381835035;S
20241105;104017;1317.6;1;11381835116;S
20241105;104017;1317.6;4;11381835164;S
20241105;104017;1317.2;7;11381835165;S
20241105;104017;1317;5;11381835166;S
20241105;104017;1317;9;11381835167;S
20241105;104017;1317.8;1;11381835177;B
20241105;104018;1317;4;11381835460;S
20241105;104018;1317;4;11381835461;S
20241105;104018;1317.8;2;11381835468;B
20241105;104019;1317.8;8;11381835542;B
20241105;104019;1317.8;2;11381835543;B
20241105;104019;1317;1;11381835656;S
20241105;104019;1317.8;1;11381835674;B
20241105;104019;1317.8;1;11381835684;B
20241105;104020;1317.4;2;11381835740;B
20241105;104020;1317.8;1;11381835741;B
20241105;104020;1317;1;11381835824;S
20241105;104021;1317.8;1;11381836010;B
20241105;104022;1317;1;11381836138;S
20241105;104024;1317.2;3;11381836753;B
20241105;104025;1316.2;1;11381836885;S
20241105;104028;1317;1;11381837231;B
20241105;104039;1317.2;1;11381838905;B
20241105;104045;1317.2;1;11381839623;B
20241105;104046;1316.4;1;11381839732;S
20241105;104058;1317;1;11381841230;B
20241105;104058;1317.2;7;11381841231;B
20241105;104058;1317.2;5;11381841232;B
20241105;104059;1316.2;2;11381841328;S
20241105;104059;1316.2;1;11381841329;S
20241105;104059;1316;1;11381841330;S
20241105;104106;1317.2;1;11381842271;B
20241105;104109;1317.2;1;11381842541;B
20241105;104110;1316.2;1;11381842665;S
20241105;104120;1317;1;11381843993;B
20241105;104120;1317.2;2;11381843994;B
20241105;104121;1316.8;1;11381844073;B
20241105;104131;1317.2;2;11381845876;B
20241105;104132;1316.4;1;11381845945;S
20241105;104132;1316.2;2;11381845946;S
20241105;104132;1316;9;11381845947;S
20241105;104133;1316;2;11381846296;S
20241105;104133;1316;2;11381846298;S
20241105;104151;1317;1;11381848852;B
20241105;104152;1316.4;1;11381848938;S
20241105;104213;1316.2;2;11381851731;S
20241105;104213;1316.2;3;11381851732;S
20241105;104221;1317;1;11381852941;B
20241105;104222;1316.2;1;11381853066;S
20241105;104223;1316;1;11381853272;S
20241105;104233;1316.6;2;11381854324;B
20241105;104233;1316.8;1;11381854325;B
20241105;104233;1316.8;21;11381854326;B
20241105;104233;1317;2;11381854327;B
20241105;104233;1317.2;10;11381854328;B
20241105;104233;1317.4;10;11381854329;B
20241105;104233;1317.6;54;11381854330;B
20241105;104233;1316.4;1;11381854429;S
20241105;104233;1316.2;16;11381854430;S
20241105;104233;1316.2;16;11381854431;S
20241105;104316;1316.6;1;11381865605;S
20241105;104316;1316.6;1;11381865606;S
20241105;104316;1316.4;2;11381865607;S
20241105;104316;1316.4;1;11381865608;S
20241105;104317;1316.4;1;11381865862;S
20241105;104317;1316.4;1;11381865863;S
20241105;104323;1317.6;1;11381867208;B
20241105;104323;1317.6;1;11381867209;B
20241105;104323;1317.6;1;11381867210;B
20241105;104324;1317;1;11381867385;S
20241105;104349;1317.8;1;11381871244;B
20241105;104415;1318;2;11381874974;B
20241105;104415;1318;1;11381874975;B
20241105;104416;1317.4;1;11381875103;S
20241105;104434;1318;1;11381877995;B
20241105;104438;1318;3;11381878554;B
20241105;104438;1318.2;4;11381878555;B
20241105;104438;1318.4;1;11381878556;B
20241105;104439;1317.4;2;11381878650;S
20241105;104439;1317.4;1;11381878651;S
20241105;104442;1317.6;23;11381879189;S
20241105;104442;1317.4;41;11381879190;S
20241105;104443;1317.4;11;11381879315;S
20241105;104443;1317.4;10;11381879319;S
20241105;104445;1317.4;2;11381879595;S
20241105;104446;1317.4;1;11381879700;S
20241105;104451;1318.4;1;11381880292;B
20241105;104528;1318.4;1;11381885634;B
20241105;104529;1317.6;1;11381885715;S
20241105;104542;1317.6;2;11381887635;S
20241105;104542;1318.2;1;11381887637;B
20241105;104543;1317.6;1;11381887731;S
20241105;104619;1318.2;1;11381898181;B
20241105;104624;1318.4;10;11381898986;B
20241105;104624;1318.4;5;11381898987;B
20241105;104624;1318.6;10;11381898988;B
20241105;104624;1318.6;1;11381899023;B
20241105;104624;1318.2;4;11381899035;B
20241105;104624;1318.6;21;11381899036;B
20241105;104624;1317.8;2;11381899079;S
20241105;104624;1317.8;2;11381899080;S
20241105;104625;1317.8;3;11381899198;S
20241105;104625;1317.6;4;11381899199;S
20241105;104625;1317.6;1;11381899201;S
20241105;104626;1317.6;8;11381899323;S
20241105;104627;1317.6;1;11381899456;S
20241105;104627;1317.6;1;11381899457;S
20241105;104642;1318.6;3;11381901357;B
20241105;104642;1319;1;11381901358;B
20241105;104642;1319;20;11381901359;B
20241105;104643;1319.2;1;11381901460;S
20241105;104643;1318.4;4;11381901461;S
20241105;104643;1318.4;3;11381901466;S
20241105;104643;1319.8;58;11381901499;B
20241105;104643;1320;56;11381901500;B
20241105;104643;1320;17;11381901501;B
20241105;104643;1319.4;1;11381901536;B
20241105;104644;1319.2;3;11381901587;S
20241105;104644;1319;5;11381901588;S
20241105;104644;1318.6;19;11381901589;S
20241105;104644;1318.6;11;11381901590;S
20241105;104644;1318.6;5;11381901591;S
20241105;104656;1320;3;11381902753;B
20241105;104656;1320;2;11381902754;B
20241105;104657;1318.8;1;11381902865;S
20241105;104657;1318.8;1;11381902866;S
20241105;104703;1319.8;1;11381903701;B
20241105;104703;1320;1;11381903702;B
20241105;104703;1320.2;4;11381903703;B
20241105;104703;1320.4;3;11381903704;B
20241105;104703;1320.6;3;11381903705;B
20241105;104704;1318.8;2;11381903820;S
20241105;104704;1318.8;2;11381903821;S
20241105;104752;1320.6;1;11381912144;B
20241105;104753;1320.6;1;11381912193;S
20241105;104756;1320.4;1;11381912723;B
20241105;104757;1319.4;1;11381912856;S
20241105;104810;1320;2;11381914432;B
20241105;104817;1319.6;10;11381915329;S
20241105;104818;1319.4;1;11381915442;S
20241105;104818;1319;2;11381915443;S
20241105;104818;1319;1;11381915444;S
20241105;104834;1320;1;11381917608;B
20241105;104834;1320;5;11381917609;B
20241105;104834;1320;6;11381917610;B
20241105;104835;1319.6;2;11381917726;B
20241105;104835;1319.2;2;11381917748;S
20241105;104915;1319.6;3;11381926721;B
20241105;104915;1319.2;3;11381926781;S
20241105;104915;1318.8;5;11381926782;S
20241105;104915;1318.8;20;11381926783;S
20241105;104915;1318.8;50;11381926784;S
20241105;104915;1318.8;44;11381926785;S
20241105;104915;1318.6;3;11381926786;S
20241105;104915;1318.2;1;11381926787;S
20241105;104915;1318;1;11381926788;S
20241105;104915;1318;4;11381926789;S
20241105;104915;1317.8;10;11381926790;S
20241105;104915;1317.6;6;11381926791;S
20241105;104915;1317.6;1;11381926792;S
20241105;104915;1317.6;10;11381926793;S
20241105;104915;1317.4;42;11381926794;S
20241105;104915;1317.4;1;11381926803;S
20241105;104915;1317.4;1;11381926804;S
20241105;104915;1317.4;1;11381926806;S
20241105;104915;1318.8;1;11381926810;B
20241105;104916;1317.2;5;11381926990;S
20241105;104916;1317.2;9;11381926991;S
20241105;104916;1317;33;11381926992;S
20241105;104916;1317;19;11381926993;S
20241105;104917;1318;1;11381927166;B
20241105;104949;1318.6;1;11381930435;B
20241105;104949;1318.6;1;11381930436;B
20241105;104950;1317.6;1;11381930513;S
20241105;104952;1318.6;1;11381930643;B
20241105;105004;1318.6;1;11381931689;B
20241105;105005;1317.8;1;11381931845;S
20241105;105025;1318.6;1;11381933649;B
20241105;105030;1318.6;16;11381934052;B
20241105;105030;1318.6;9;11381934053;B
20241105;105030;1319;4;11381934054;B
20241105;105030;1319.2;58;11381934055;B
20241105;105030;1319.2;30;11381934056;B
20241105;105030;1319.4;30;11381934057;B
20241105;105030;1319.4;55;11381934058;B
20241105;105030;1319.4;25;11381934059;B
20241105;105030;1319.6;23;11381934060;B
20241105;105031;1317.8;41;11381934168;S
20241105;105031;1317.8;17;11381934169;S
20241105;105031;1317.6;25;11381934171;S
20241105;105044;1319.4;1;11381935471;B
20241105;105047;1318;1;11381935787;S
20241105;105119;1319.4;1;11381939312;B
20241105;105137;1319.2;4;11381941814;B
20241105;105138;1318.2;1;11381942119;S
20241105;105152;1319;1;11381944120;B
20241105;105153;1318;1;11381944180;S
20241105;105155;1319;8;11381944405;B
20241105;105214;1318;1;11381949595;S
20241105;105214;1318;1;11381949596;S
20241105;105221;1318;1;11381951751;S
20241105;105222;1318;1;11381951968;S
20241105;105243;1318.8;1;11381954681;B
20241105;105319;1319;2;11381958692;B
20241105;105320;1318.2;1;11381958824;S
20241105;105326;1319;1;11381959438;B
20241105;105341;1319;9;11381960897;B
20241105;105341;1319;55;11381960898;B
20241105;105341;1319.2;36;11381960899;B
20241105;105341;1318;7;11381960947;S
20241105;105341;1318;1;11381960948;S
20241105;105341;1317.8;5;11381960950;S
20241105;105341;1317.8;1;11381960951;S
20241105;105341;1317.6;9;11381960955;S
20241105;105341;1317.8;10;11381960957;S
20241105;105350;1319.4;10;11381961737;B
20241105;105350;1319.4;5;11381961738;B
20241105;105351;1318;1;11381961802;S
20241105;105351;1317.8;2;11381961804;S
20241105;105351;1317.6;2;11381961805;S
20241105;105415;1318.8;1;11381963868;B
20241105;105415;1318.8;1;11381963869;B
20241105;105415;1318.8;1;11381963870;B
20241105;105415;1318.8;2;11381963871;B
20241105;105415;1318.8;1;11381963872;B
20241105;105415;1318.8;1;11381963873;B
20241105;105415;1318.8;4;11381963874;B
20241105;105415;1318.8;1;11381963875;B
20241105;105415;1318.8;1;11381963876;B
20241105;105415;1318.8;1;11381963877;B
20241105;105415;1318.8;1;11381963878;B
20241105;105415;1318.8;1;11381963879;B
20241105;105415;1318.8;1;11381963881;B
20241105;105415;1319;1;11381963882;B
20241105;105415;1319;2;11381963886;B
20241105;105415;1319;2;11381963887;B
20241105;105415;1319;1;11381963888;B
20241105;105415;1319;2;11381963889;B
20241105;105415;1319;3;11381963890;B
20241105;105415;1319;11;11381963892;B
20241105;105415;1319;2;11381963894;B
20241105;105415;1319;1;11381963906;B
20241105;105415;1319;1;11381963911;B
20241105;105415;1319;1;11381963915;B
20241105;105415;1319;1;11381963921;B
20241105;105415;1319;1;11381963927;B
20241105;105415;1319;1;11381963943;B
20241105;105415;1319;3;11381963953;B
20241105;105415;1319.2;1;11381963954;B
20241105;105416;1317.8;2;11381964006;S
20241105;105417;1318;1;11381964107;S
20241105;105417;1317.8;5;11381964108;S
20241105;105417;1317.8;3;11381964109;S
20241105;105417;1317.8;1;11381964110;S
20241105;105453;1319;1;11381968511;B
20241105;105453;1319.2;4;11381968512;B
20241105;105454;1318.6;1;11381968603;S
20241105;105454;1318.6;1;11381968604;S
20241105;105501;1319;1;11381969405;B
20241105;105501;1318.2;1;11381969472;S
20241105;105532;1318.6;1;11381977980;B
20241105;105533;1318;1;11381978149;S
20241105;105541;1318;4;11381979202;S
20241105;105542;1317.6;1;11381979293;S
20241105;105646;1318;1;11381986189;B
20241105;105655;1318;53;11381986828;B
20241105;105655;1318.8;10;11381986829;B
20241105;105655;1319;5;11381986830;B
20241105;105655;1319.2;30;11381986831;B
20241105;105655;1319.2;2;11381986832;B
20241105;105656;1317.8;17;11381986898;S
20241105;105656;1317.8;17;11381986899;S
20241105;105702;1319;1;11381987283;B
20241105;105702;1319.2;34;11381987284;B
20241105;105702;1319.2;1;11381987285;B
20241105;105702;1319.4;5;11381987286;B
20241105;105702;1319.4;30;11381987287;B
20241105;105702;1319.6;29;11381987288;B
20241105;105703;1318;1;11381987358;S
20241105;105703;1317.8;17;11381987359;S
20241105;105703;1317.6;15;11381987361;S
20241105;105704;1319.4;1;11381987437;B
20241105;105708;1319.2;1;11381987822;B
20241105;105708;1319.4;16;11381987823;B
20241105;105708;1319.6;28;11381987824;B
20241105;105708;1319.6;30;11381987825;B
20241105;105708;1319.8;25;11381987826;B
20241105;105709;1318;1;11381987916;S
20241105;105709;1318;10;11381987917;S
20241105;105709;1318;6;11381987918;S
20241105;105709;1318;17;11381987919;S
20241105;105718;1319.6;1;11381988578;B
20241105;105718;1319.8;5;11381988579;B
20241105;105718;1320;43;11381988580;B
20241105;105718;1320;30;11381988581;B
20241105;105718;1320.2;5;11381988582;B
20241105;105718;1320.2;6;11381988583;B
20241105;105718;1318.2;1;11381988660;S
20241105;105718;1318.2;6;11381988661;S
20241105;105718;1318;4;11381988662;S
20241105;105718;1318;10;11381988663;S
20241105;105718;1318;1;11381988664;S
20241105;105718;1318;8;11381988665;S
20241105;105734;1319;1;11381989937;B
20241105;105737;1319;1;11381990158;B
20241105;105738;1319.6;1;11381990180;B
20241105;105738;1319;1;11381990225;B
20241105;105743;1319.8;2;11381990898;B
20241105;105751;1319.6;1;11381991639;S
20241105;105751;1319.6;1;11381991664;B
20241105;105752;1319;1;11381991699;S
20241105;105752;1319.6;10;11381991727;B
20241105;105753;1318.8;1;11381991823;S
20241105;105753;1318.6;1;11381991824;S
20241105;105753;1318.2;1;11381991825;S
20241105;105804;1319;1;11381993475;B
20241105;105804;1319.2;4;11381993476;B
20241105;105804;1318.4;1;11381993791;S
20241105;105804;1318.4;1;11381993792;S
20241105;105809;1319.8;1;11381995393;B
20241105;105809;1319.8;1;11381995576;B
20241105;105810;1319.4;1;11381995926;S
20241105;105902;1319.4;1;11382004681;B
20241105;105902;1319.8;2;11382004682;B
20241105;105902;1320.2;9;11382004683;B
20241105;105902;1320.4;25;11382004684;B
20241105;105902;1320.4;15;11382004685;B
20241105;105902;1320.6;3;11382004686;B
20241105;105902;1320.6;30;11382004687;B
20241105;105902;1320.8;20;11382004688;B
20241105;105903;1319.2;1;11382004923;S
20241105;105903;1319.2;1;11382004924;S
20241105;105903;1318.8;1;11382004925;S
20241105;105903;1318.6;1;11382004927;S
20241105;105903;1318.6;5;11382004928;S
20241105;105903;1318.4;5;11382004929;S
20241105;105903;1318.4;11;11382004930;S
20241105;105903;1318.4;9;11382004931;S
20241105;105903;1318.4;1;11382004932;S
20241105;105936;1319.8;1;11382008001;B
20241105;105936;1320;1;11382008002;B
20241105;105949;1320.2;1;11382009348;B
20241105;110003;1319;1;11382010674;S
20241105;110003;1318.8;1;11382010675;S
20241105;110003;1318.6;2;11382010676;S
20241105;110004;1318.6;1;11382010801;S
20241105;110004;1318.4;1;11382010802;S
20241105;110044;1319.6;1;11382015962;B
20241105;110109;1319.8;1;11382021143;B
20241105;110110;1318.6;1;11382021515;S
20241105;110114;1319.6;1;11382023039;B
20241105;110114;1319.8;2;11382023040;B
20241105;110114;1320;8;11382023041;B
20241105;110115;1318.4;2;11382023313;S
20241105;110115;1318.4;1;11382023314;S
20241105;110119;1320;1;11382024980;B
20241105;110120;1318.8;1;11382025391;S
20241105;110141;1319.2;1;11382031266;B
20241105;110141;1319.2;25;11382031267;B
20241105;110141;1319.6;24;11382031268;B
20241105;110142;1318.4;8;11382031406;S
20241105;110142;1318.4;8;11382031407;S
20241105;110150;1318.4;18;11382032698;S
20241105;110150;1318.4;25;11382032699;S
20241105;110150;1318.2;5;11382032700;S
20241105;110150;1318;2;11382032701;S
20241105;110151;1318;5;11382032799;S
20241105;110151;1317.6;3;11382032800;S
20241105;110151;1317.6;9;11382032801;S
20241105;110154;1319;1;11382033400;B
20241105;110154;1319;5;11382033401;B
20241105;110155;1317.6;1;11382033545;S
20241105;110155;1317.6;1;11382033546;S
20241105;110206;1319.2;50;11382035738;B
20241105;110209;1317.8;9;11382036211;S
20241105;110209;1317.8;8;11382036212;S
20241105;110214;1317.8;41;11382037296;S
20241105;110214;1317.6;9;11382037297;S
20241105;110215;1317.6;8;11382037421;S
20241105;110215;1317.6;8;11382037425;S
20241105;110223;1317.6;108;11382038549;S
20241105;110223;1317.6;1;11382038550;S
20241105;110223;1317.6;10;11382038551;S
20241105;110223;1317;47;11382038552;S
20241105;110223;1317;2;11382038553;S
20241105;110223;1317;1;11382038554;S
20241105;110223;1316.2;1;11382038555;S
20241105;110223;1316.2;58;11382038556;S
20241105;110223;1316;1;11382038557;S
20241105;110223;1316;40;11382038558;S
20241105;110223;1316;10;11382038559;S
20241105;110223;1316;1;11382038560;S
20241105;110223;1316;11;11382038561;S
20241105;110223;1316;1;11382038562;S
20241105;110223;1316;138;11382038563;S
20241105;110223;1316;1;11382038564;S
20241105;110223;1316;9;11382038565;S
20241105;110223;1316;2;11382038566;S
20241105;110223;1315.8;1;11382038599;S
20241105;110223;1315.4;1;11382038600;S
20241105;110223;1315.4;1;11382038601;S
20241105;110223;1315.4;3;11382038602;S
20241105;110223;1315.4;23;11382038603;S
20241105;110223;1315.2;50;11382038729;S
20241105;110223;1315.2;24;11382038730;S
20241105;110223;1315.2;18;11382038731;S
20241105;110223;1315.2;55;11382038732;S
20241105;110223;1315;1;11382038733;S
20241105;110224;1315;4;11382038893;S
20241105;110224;1315;2;11382038894;S
20241105;110224;1315;3;11382038895;S
20241105;110224;1315;7;11382038901;S
20241105;110224;1315;3;11382038902;S
20241105;110225;1315;2;11382039058;S
20241105;110225;1315;2;11382039059;S
20241105;110226;1315.8;48;11382039234;B
20241105;110226;1315;8;11382039377;S
20241105;110226;1315;8;11382039378;S
20241105;110234;1315;16;11382041203;S
20241105;110234;1315;1;11382041204;S
20241105;110234;1315;2;11382041205;S
20241105;110234;1315;1;11382041206;S
20241105;110234;1315;3;11382041207;S
20241105;110234;1315;3;11382041208;S
20241105;110234;1315;2;11382041209;S
20241105;110234;1315;2;11382041210;S
20241105;110234;1315;1;11382041211;S
20241105;110234;1315;17;11382041212;S
20241105;110235;1315;8;11382041404;S
20241105;110235;1315;5;11382041405;S
20241105;110235;1315;3;11382041406;S
20241105;110242;1316;2;11382042695;B
20241105;110246;1315;2;11382043769;S
20241105;110246;1315;2;11382043770;S
20241105;110246;1315;1;11382043771;S
20241105;110246;1315;1;11382043772;S
20241105;110246;1315;1;11382043773;S
20241105;110246;1315;1;11382043774;S
20241105;110246;1315;2;11382043775;S
20241105;110247;1315;2;11382044078;S
20241105;110247;1315;1;11382044079;S
20241105;110247;1315;1;11382044080;S
20241105;110248;1316;46;11382044541;B
20241105;110249;1315;4;11382044759;S
20241105;110249;1315;2;11382044760;S
20241105;110249;1314.8;1;11382044761;S
20241105;110249;1314.8;1;11382044762;S
20241105;110249;1314.6;2;11382044763;S
20241105;110249;1314.6;5;11382044764;S
20241105;110255;1314.6;3;11382046458;S
20241105;110255;1314.6;1;11382046459;S
20241105;110255;1314.2;1;11382046460;S
20241105;110255;1314.2;2;11382046461;S
20241105;110255;1314.2;30;11382046462;S
20241105;110255;1314.2;9;11382046463;S
20241105;110256;1316.4;1;11382046511;B
20241105;110256;1316.4;2;11382046512;B
20241105;110256;1314.2;6;11382046654;S
20241105;110256;1314.2;7;11382046655;S
20241105;110257;1314.4;1;11382046851;S
20241105;110301;1316;1;11382047942;B
20241105;110301;1316;1;11382047943;B
20241105;110314;1314.8;1;11382050977;S
20241105;110314;1314.6;9;11382050978;S
20241105;110315;1314.6;2;11382051249;S
20241105;110315;1314.6;2;11382051252;S
20241105;110330;1314.6;15;11382054800;S
20241105;110330;1314.6;5;11382054801;S
20241105;110330;1314.2;26;11382054802;S
20241105;110330;1314;100;11382054803;S
20241105;110330;1314;1;11382054804;S
20241105;110330;1314;3;11382054805;S
20241105;110331;1314;24;11382055109;S
20241105;110331;1314;1;11382055110;S
20241105;110331;1314;2;11382055111;S
20241105;110331;1314;1;11382055112;S
20241105;110331;1314;5;11382055113;S
20241105;110331;1314;3;11382055114;S
20241105;110331;1313.8;5;11382055115;S
20241105;110331;1313.8;1;11382055116;S
20241105;110331;1313.4;8;11382055118;S
20241105;110340;1313.4;10;11382056989;S
20241105;110341;1313.6;1;11382057179;S
20241105;110341;1313.4;1;11382057180;S
20241105;110341;1313.4;1;11382057181;S
20241105;110351;1314;1;11382059303;S
20241105;110351;1313.6;3;11382059304;S
20241105;110351;1313.4;10;11382059305;S
20241105;110351;1313.2;1;11382059306;S
20241105;110351;1313.2;28;11382059307;S
20241105;110352;1313.4;7;11382059491;S
20241105;110352;1313.4;7;11382059492;S
20241105;110355;1314.4;1;11382059892;B
20241105;110355;1314.8;1;11382059893;B
20241105;110356;1313.2;1;11382060183;S
20241105;110356;1314.6;58;11382060206;B
20241105;110356;1314.6;12;11382060207;B
20241105;110356;1313.4;12;11382060331;S
20241105;110356;1313.4;11;11382060332;S
20241105;110357;1314.6;23;11382060477;B
20241105;110357;1314.8;39;11382060478;B
20241105;110357;1314.8;4;11382060479;B
20241105;110358;1313.4;11;11382060671;S
20241105;110358;1313.4;11;11382060672;S
20241105;110359;1314.4;1;11382060936;B
20241105;110400;1313.4;1;11382061146;S
20241105;110404;1314.4;1;11382062485;B
20241105;110415;1313.6;25;11382067801;S
20241105;110416;1313.6;4;11382068314;S
20241105;110416;1313.6;4;11382068315;S
20241105;110421;1314.4;1;11382070621;B
20241105;110422;1313.6;1;11382070991;S
20241105;110422;1313.6;1;11382071217;S
20241105;110423;1314.4;1;11382071655;B
20241105;110425;1314.4;1;11382072265;B
20241105;110429;1314.4;20;11382073640;S
20241105;110429;1313.4;35;11382073641;S
20241105;110429;1313.2;1;11382073642;S
20241105;110429;1313.2;30;11382073643;S
20241105;110429;1313;5;11382073644;S
20241105;110429;1313;7;11382073645;S
20241105;110429;1313;2;11382073646;S
20241105;110429;1314.6;1;11382073781;B
20241105;110429;1314.8;49;11382073782;B
20241105;110430;1313.4;25;11382073999;S
20241105;110430;1313.4;24;11382074000;S
20241105;110431;1313.2;30;11382074339;S
20241105;110431;1313;48;11382074340;S
20241105;110431;1313;5;11382074341;S
20241105;110431;1313;17;11382074342;S
20241105;110432;1313.2;17;11382074560;S
20241105;110432;1313.2;13;11382074561;S
20241105;110432;1313.2;4;11382074562;B
20241105;110436;1313.2;3;11382075829;S
20241105;110436;1312.8;1;11382075830;S
20241105;110436;1312.8;1;11382075831;S
20241105;110436;1312.8;2;11382075832;S
20241105;110436;1312.6;5;11382075833;S
20241105;110436;1312.6;6;11382075834;S
20241105;110436;1312.6;30;11382075835;S
20241105;110436;1312.6;2;11382075836;S
20241105;110437;1312.8;5;11382076105;S
20241105;110437;1312.6;8;11382076106;S
20241105;110437;1312.6;3;11382076109;S
20241105;110437;1312.6;19;11382076166;S
20241105;110437;1312.4;1;11382076167;S
20241105;110437;1312.4;1;11382076168;S
20241105;110437;1312.4;38;11382076169;S
20241105;110437;1312.4;1;11382076170;S
20241105;110437;1312.4;1;11382076171;S
20241105;110437;1312.4;30;11382076172;S
20241105;110437;1312.2;1;11382076173;S
20241105;110437;1312.2;8;11382076174;S
20241105;110437;1312.4;20;11382076228;S
20241105;110438;1312.4;10;11382076417;S
20241105;110438;1312.4;7;11382076418;B
20241105;110438;1312.4;17;11382076419;S
20241105;110438;1314.2;2;11382076420;B
20241105;110439;1312.2;3;11382076748;S
20241105;110439;1313;1;11382076752;B
20241105;110439;1312.2;2;11382076756;S
20241105;110439;1314;1;11382076873;B
20241105;110439;1314.2;2;11382076874;B
20241105;110440;1312.2;100;11382076930;S
20241105;110440;1312.2;17;11382077254;S
20241105;110440;1312.2;17;11382077255;S
20241105;110443;1313.2;1;11382078122;S
20241105;110443;1312.2;103;11382078208;S
20241105;110443;1312;9;11382078209;S
20241105;110443;1312;1;11382078210;S
20241105;110443;1312;9;11382078211;S
20241105;110443;1312;10;11382078212;S
20241105;110443;1312;20;11382078213;S
20241105;110443;1312;1;11382078214;S
20241105;110443;1312;1;11382078215;S
20241105;110443;1312;3;11382078216;S
20241105;110443;1312;2;11382078217;S
20241105;110443;1312;25;11382078218;S
20241105;110443;1312;2;11382078219;S
20241105;110443;1312;1;11382078220;S
20241105;110443;1311.8;13;11382078221;S
20241105;110444;1311.8;28;11382078473;S
20241105;110444;1311.6;1;11382078474;S
20241105;110444;1311.6;1;11382078475;S
20241105;110444;1311.6;31;11382078476;S
20241105;110444;1311.6;6;11382078477;S
20241105;110444;1311.8;52;11382078556;S
20241105;110444;1311.8;62;11382078557;S
20241105;110445;1311.8;87;11382078680;S
20241105;110445;1311.6;13;11382078681;S
20241105;110445;1311.6;19;11382078810;S
20241105;110445;1311.6;19;11382078811;S
20241105;110446;1311.6;12;11382079040;S
20241105;110446;1311.4;16;11382079041;S
20241105;110446;1311.4;5;11382079042;S
20241105;110450;1312.2;5;11382080463;B
20241105;110450;1313.4;5;11382080464;B
20241105;110450;1313.6;5;11382080465;B
20241105;110450;1313.6;34;11382080466;B
20241105;110450;1311.6;34;11382080650;S
20241105;110450;1311.4;44;11382080651;S
20241105;110451;1311.4;9;11382080802;S
20241105;110451;1311.4;8;11382080805;S
20241105;110452;1312;2;11382081146;S
20241105;110452;1311.8;10;11382081148;S
20241105;110452;1311.4;11;11382081149;S
20241105;110452;1311.4;3;11382081151;S
20241105;110457;1311.4;4;11382082684;S
20241105;110457;1311.4;1;11382083056;S
20241105;110458;1311.4;49;11382083227;S
20241105;110459;1311.6;5;11382083577;S
20241105;110459;1311.4;8;11382083579;S
20241105;110459;1311.4;3;11382083580;S
20241105;110502;1313.2;1;11382084293;B
20241105;110503;1311.6;1;11382084575;S
20241105;110504;1311.6;1;11382084836;S
20241105;110511;1313.2;2;11382085764;B
20241105;110511;1312.4;1;11382085851;B
20241105;110511;1313.2;1;11382085852;B
20241105;110512;1313.2;1;11382085902;B
20241105;110518;1313;1;11382087504;B
20241105;110519;1311.6;1;11382087744;S
20241105;110521;1313;1;11382088443;B
20241105;110521;1313.2;1;11382088444;B
20241105;110521;1313.6;5;11382088445;B
20241105;110521;1313.6;5;11382088446;B
20241105;110521;1313.8;5;11382088447;B
20241105;110521;1313.8;33;11382088448;B
20241105;110522;1311.6;2;11382088665;S
20241105;110522;1311.6;1;11382088666;S
20241105;110522;1311.6;1;11382088667;S
20241105;110522;1311.6;1;11382088668;S
20241105;110522;1311.6;1;11382088669;S
20241105;110522;1311.6;2;11382088670;S
20241105;110522;1311.6;8;11382088671;S
20241105;110528;1311.8;1;11382089843;S
20241105;110528;1311.8;15;11382089844;S
20241105;110528;1311.6;23;11382089845;S
20241105;110528;1311.6;5;11382089846;S
20241105;110528;1311.4;6;11382089847;S
20241105;110529;1311.4;9;11382090012;S
20241105;110529;1311.4;8;11382090014;S
20241105;110530;1311.4;40;11382090070;S
20241105;110531;1311.4;7;11382090276;S
20241105;110531;1311.4;6;11382090278;S
20241105;110532;1313;1;11382090543;B
20241105;110533;1311.6;1;11382090729;S
20241105;110541;1313.2;1;11382092275;B
20241105;110541;1313.2;1;11382092276;B
20241105;110541;1313.4;1;11382092277;B
20241105;110541;1313.4;1;11382092278;B
20241105;110541;1313.6;1;11382092279;B
20241105;110541;1313.6;43;11382092280;B
20241105;110542;1311.8;8;11382092516;S
20241105;110542;1311.8;8;11382092518;S
20241105;110548;1311.8;27;11382094638;S
20241105;110548;1311.6;10;11382094639;S
20241105;110548;1311.6;1;11382094640;S
20241105;110548;1311.6;10;11382094641;S
20241105;110549;1311.6;8;11382094901;S
20241105;110549;1311.6;8;11382094902;S
20241105;110549;1313.6;2;11382095043;B
20241105;110549;1313.8;21;11382095044;B
20241105;110549;1314;58;11382095045;B
20241105;110549;1314.2;19;11382095046;B
20241105;110550;1311.8;17;11382095307;S
20241105;110550;1311.8;16;11382095309;S
20241105;110555;1313.6;2;11382096766;B
20241105;110556;1312.2;1;11382096958;S
20241105;110605;1313.4;1;11382099188;B
20241105;110614;1313.4;10;11382100931;B
20241105;110614;1313.6;31;11382100932;B
20241105;110614;1313.8;30;11382100933;B
20241105;110614;1314;1;11382100934;B
20241105;110614;1314;5;11382100935;B
20241105;110614;1314;5;11382100936;B
20241105;110614;1314;30;11382100937;B
20241105;110614;1314.2;30;11382100938;B
20241105;110614;1314.2;50;11382100939;B
20241105;110614;1314.2;21;11382100940;B
20241105;110614;1314.4;30;11382100941;B
20241105;110614;1314.4;5;11382100942;B
20241105;110614;1314.4;5;11382100943;B
20241105;110614;1314.6;16;11382100944;B
20241105;110614;1314.8;30;11382100945;B
20241105;110614;1314.8;1;11382100946;B
20241105;110614;1315;102;11382100947;B
20241105;110614;1315.6;30;11382100948;B
20241105;110614;1315.8;58;11382100949;B
20241105;110614;1316;5;11382100950;B
20241105;110614;1316.2;3;11382100951;B
20241105;110614;1317;76;11382100952;B
20241105;110614;1317;161;11382100953;B
20241105;110614;1317.2;45;11382100954;B
20241105;110614;1317.4;30;11382100955;B
20241105;110614;1318.2;52;11382100956;B
20241105;110614;1318.4;1674;11382100957;B
20241105;110614;1318.6;250;11382100958;B
20241105;110614;1318.8;800;11382100959;B
20241105;110614;1320;2;11382100960;B
20241105;110614;1321.4;1;11382100961;B
20241105;110614;1321.4;6;11382100962;B
20241105;110614;1321.6;50;11382100963;B
20241105;110614;1321.8;94;11382100964;B
20241105;110614;1322;1;11382100965;B
20241105;110614;1322.2;1;11382100966;B
20241105;110614;1322.4;155;11382100967;B
20241105;110614;1322.4;3;11382100968;B
20241105;110614;1322.6;5;11382100969;B
20241105;110614;1322.6;1;11382100970;B
20241105;110614;1322.6;1;11382100971;B
20241105;110614;1322.8;3;11382100972;B
20241105;110614;1323;50;11382100973;B
20241105;110614;1323.4;24;11382100974;B
20241105;110614;1323.6;17;11382100975;B
20241105;110615;1314.2;4;11382101483;S
20241105;110615;1313.2;58;11382101484;S
20241105;110615;1313.2;30;11382101485;B
20241105;110615;1313.2;30;11382101486;B
20241105;110615;1312.6;30;11382101494;S
20241105;110615;1312.6;30;11382101495;B
20241105;110615;1312.4;30;11382101498;S
20241105;110615;1312.4;30;11382101505;B
20241105;110615;1312.2;26;11382101508;S
20241105;110615;1312.2;45;11382101509;S
20241105;110615;1312;5;11382101515;S
20241105;110615;1312;1;11382101516;S
20241105;110615;1312;1;11382101517;S
20241105;110615;1312;30;11382101518;S
20241105;110615;1312;250;11382101519;S
20241105;110615;1311.8;2;11382101521;S
20241105;110615;1311.8;19;11382101522;S
20241105;110615;1311.6;42;11382101524;S
20241105;110615;1311.6;50;11382101525;S
20241105;110615;1311.6;1;11382101526;S
20241105;110615;1311.6;1;11382101527;S
20241105;110615;1311.4;63;11382101529;S
20241105;110615;1311.4;200;11382101530;S
20241105;110615;1311.4;15;11382101531;S
20241105;110615;1311.2;1;11382101532;S
20241105;110615;1311;10;11382101534;S
20241105;110615;1311;20;11382101535;S
20241105;110615;1311;5;11382101536;S
20241105;110615;1311;1;11382101537;S
20241105;110615;1311;5;11382101538;S
20241105;110615;1311;5;11382101539;S
20241105;110615;1310.6;8;11382101545;S
20241105;110615;1310.6;1;11382101546;S
20241105;110615;1310.2;3;11382101552;S
20241105;110615;1310.2;1;11382101553;S
20241105;110615;1310.2;100;11382101554;S
20241105;110615;1310.2;2;11382101555;S
20241105;110615;1310.2;50;11382101556;S
20241105;110615;1310;1;11382101570;S
20241105;110615;1310;10;11382101571;S
20241105;110615;1310;30;11382101572;S
20241105;110615;1310;31;11382101573;S
20241105;110615;1310;56;11382101575;S
20241105;110616;1311;28;11382101786;S
20241105;110616;1312;5;11382101882;S
20241105;110616;1312.8;21;11382101948;S
20241105;110617;1312.8;5;11382101970;S
20241105;110617;1312.8;5;11382101971;S
20241105;110618;1313.2;4;11382102280;S
20241105;110618;1313.2;1;11382102281;S
20241105;110618;1313;3;11382102282;S
20241105;110629;1314.6;5;11382104116;B
20241105;110629;1314.6;4;11382104117;B
20241105;110629;1314.8;17;11382104118;B
20241105;110630;1313.4;4;11382104226;S
20241105;110630;1313.4;5;11382104227;S
20241105;110638;1314.6;1;11382106160;B
20241105;110641;1314.8;1;11382106770;B
20241105;110642;1314.2;1;11382107175;S
20241105;110650;1314.6;1;11382109099;B
20241105;110652;1314.6;4;11382109462;B
20241105;110652;1314.8;6;11382109463;B
20241105;110653;1314.4;2;11382109686;S
20241105;110653;1314.4;1;11382109687;S
20241105;110703;1314.4;1;11382111723;S
20241105;110704;1314.4;1;11382111943;S
20241105;110728;1314.8;1;11382122888;B
20241105;110739;1314.8;3;11382126312;B
20241105;110740;1314.4;1;11382126689;S
20241105;110744;1314.8;3;11382127735;B
20241105;110744;1315.2;5;11382127736;B
20241105;110744;1315.4;2;11382127737;B
20241105;110745;1314.4;2;11382128012;S
20241105;110745;1314.4;1;11382128016;S
20241105;110751;1314.4;10;11382129316;S
20241105;110752;1314.4;2;11382129467;S
20241105;110752;1314.4;2;11382129468;S
20241105;110801;1314.4;50;11382131059;S
20241105;110802;1315;1;11382131142;B
20241105;110802;1314.4;8;11382131198;S
20241105;110802;1314.4;8;11382131199;S
20241105;110803;1314.4;18;11382131300;S
20241105;110803;1314.4;1;11382131301;S
20241105;110803;1314.2;26;11382131310;S
20241105;110803;1314;1;11382131311;S
20241105;110803;1314;6;11382131400;S
20241105;110803;1314;1;11382131401;S
20241105;110804;1313;1;11382131485;S
20241105;110804;1312.6;2;11382131486;S
20241105;110804;1312.4;4;11382131487;S
20241105;110804;1311.4;5;11382131488;S
20241105;110804;1311.2;30;11382131489;S
20241105;110804;1311.2;7;11382131522;S
20241105;110804;1311.2;1;11382131523;S
20241105;110804;1311.2;2;11382131564;S
20241105;110804;1311;1;11382131565;S
20241105;110804;1311;2;11382131566;S
20241105;110804;1311;30;11382131567;S
20241105;110804;1310.8;1;11382131568;S
20241105;110804;1310.8;14;11382131569;S
20241105;110805;1310.6;5;11382131734;S
20241105;110805;1310.6;2;11382131735;S
20241105;110805;1310.6;7;11382131736;S
20241105;110806;1310.8;8;11382132022;S
20241105;110806;1310.8;8;11382132023;S
20241105;110816;1312.4;1;11382133828;B
20241105;110816;1312.4;58;11382133829;B
20241105;110816;1312.6;5;11382133830;B
20241105;110816;1312.6;14;11382133831;B
20241105;110816;1312.8;16;11382133832;B
20241105;110816;1313;1;11382133833;B
20241105;110817;1311;16;11382133974;S
20241105;110817;1311;16;11382133975;S
20241105;110822;1311;1;11382135258;S
20241105;110824;1312.8;1;11382135666;B
20241105;110824;1313;5;11382135667;B
20241105;110824;1313.4;4;11382135668;B
20241105;110825;1311;2;11382135894;S
20241105;110825;1311;2;11382135895;S
20241105;110845;1311.6;1;11382140680;S
20241105;110845;1311.4;4;11382140681;S
20241105;110845;1311.2;4;11382140682;S
20241105;110846;1311.2;2;11382140835;S
20241105;110846;1311.2;1;11382140836;S
20241105;110853;1312.6;1;11382142274;B
20241105;110853;1312.8;1;11382142275;B
20241105;110901;1311.6;1;11382144787;S
20241105;110902;1311.4;1;11382145090;S
20241105;110904;1311.6;49;11382145663;B
20241105;110904;1313.4;1;11382145678;B
20241105;110905;1312.2;1;11382145822;S
20241105;110905;1311.2;5;11382145823;S
20241105;110905;1311.2;3;11382145824;S
20241105;110905;1311.2;2;11382145825;S
20241105;110905;1311.2;5;11382145826;S
20241105;110907;1311.2;1;11382146144;S
20241105;110908;1311.2;1;11382146304;S
20241105;110922;1312.2;1;11382149370;B
20241105;110945;1311.8;1;11382155061;B
20241105;110952;1312.2;4;11382156484;B
20241105;110952;1312.2;5;11382156485;B
20241105;110952;1313.4;4;11382156486;B
20241105;110952;1313.4;33;11382156487;B
20241105;110953;1312;8;11382156687;S
20241105;110953;1312;7;11382156688;S
20241105;110953;1311.6;1;11382156689;S
20241105;110953;1311.6;3;11382156724;S
20241105;110954;1311.6;1;11382156899;S
20241105;110959;1311.8;5;11382157802;S
20241105;110959;1311.6;10;11382157803;S
20241105;110959;1311.4;2;11382157804;S
20241105;110959;1311.4;29;11382157805;S
20241105;111000;1311.6;1;11382157980;S
20241105;111000;1311.2;3;11382157981;S
20241105;111000;1311.2;4;11382157982;S
20241105;111000;1311.2;6;11382157984;S
20241105;111000;1311;1;11382157985;S
20241105;111002;1313;1;11382158461;B
20241105;111002;1313.2;1;11382158462;B
20241105;111003;1312;1;11382158894;B
20241105;111010;1312.6;2;11382160833;B
20241105;111016;1312.6;7;11382163245;B
20241105;111016;1312.8;38;11382163246;B
20241105;111016;1311.6;1;11382163316;S
20241105;111016;1312;6;11382163475;B
20241105;111016;1311.2;8;11382163600;S
20241105;111016;1311.2;1;11382163601;S
20241105;111017;1311.4;1;11382163979;S
20241105;111018;1311.4;1;11382164401;S
20241105;111018;1311.4;2;11382164402;S
20241105;111019;1311.4;1;11382164747;S
20241105;111024;1313.2;4;11382166810;B
20241105;111024;1313.6;11;11382166811;B
20241105;111024;1313.8;55;11382166812;B
20241105;111024;1313.8;58;11382166813;B
20241105;111024;1314;4;11382166814;B
20241105;111024;1314.2;30;11382166815;B
20241105;111024;1314.4;28;11382166816;B
20241105;111024;1314.6;30;11382166817;B
20241105;111024;1314.8;1;11382166818;B
20241105;111024;1314.8;1;11382166819;B
20241105;111024;1314.8;250;11382166820;B
20241105;111024;1315.2;1;11382166821;B
20241105;111024;1315.6;30;11382166822;B
20241105;111024;1315.8;40;11382166823;B
20241105;111024;1316.6;30;11382166824;B
20241105;111024;1316.8;45;11382166825;B
20241105;111024;1316.8;30;11382166826;B
20241105;111024;1317;1;11382166827;B
20241105;111024;1317;63;11382166828;B
20241105;111024;1317;30;11382166829;B
