<DATE>;<TIME>;<LAST>;<VOL>;<ID>;<OPER>
20241011;095958;1322;70;11286727581;S
20241011;095958;1322;1;11286727582;B
20241011;095958;1322;29;11286727583;B
20241011;095958;1322;147;11286727584;B
20241011;095958;1322;3;11286727585;B
20241011;095958;1322;3;11286727586;B
20241011;095958;1322;1;11286727587;S
20241011;095958;1322;20;11286727588;B
20241011;095958;1322;1;11286727589;B
20241011;095958;1322;3;11286727590;B
20241011;095958;1322;1;11286727591;B
20241011;095958;1322;1;11286727592;B
20241011;095958;1322;58;11286727593;B
20241011;100008;1321.8;7;11286740570;B
20241011;100009;1320.4;1;11286741193;S
20241011;100009;1320.4;10;11286741484;S
20241011;100010;1320.4;5;11286741589;S
20241011;100010;1320.4;4;11286741590;S
20241011;100010;1320.2;50;11286741591;S
20241011;100010;1320.2;1;11286741592;S
20241011;100010;1320;1;11286741593;S
20241011;100010;1319.4;1;11286741750;S
20241011;100012;1319.2;1;11286742376;S
20241011;100012;1319;4;11286742377;S
20241011;100012;1319;23;11286742378;S
20241011;100012;1318.8;50;11286742379;S
20241011;100012;1318.4;57;11286742380;S
20241011;100012;1318.2;1;11286742381;S
20241011;100012;1318.2;1;11286742382;S
20241011;100012;1318.2;1;11286742383;S
20241011;100012;1318.2;23;11286742384;S
20241011;100012;1318.2;9;11286742385;S
20241011;100017;1319.6;42;11286743704;B
20241011;100017;1319.6;4;11286743705;B
20241011;100017;1319.6;5;11286743706;B
20241011;100017;1319.8;49;11286743707;B
20241011;100027;1319.8;8;11286747194;B
20241011;100027;1319.8;1;11286747195;B
20241011;100049;1319.4;4;11286753136;B
20241011;100049;1319.6;1;11286753137;B
20241011;100049;1319.8;16;11286753138;B
20241011;100049;1320;34;11286753139;B
20241011;100051;1320;4;11286753655;B
20241011;100052;1320;52;11286753821;B
20241011;100052;1320;48;11286753822;B
20241011;100053;1320;52;11286754080;B
20241011;100054;1320;10;11286754375;S
20241011;100054;1319.6;40;11286754376;S
20241011;100056;1319.6;20;11286755000;S
20241011;100057;1320.6;2;11286755281;B
20241011;100101;1319.6;30;11286756405;S
20241011;100101;1319.4;1;11286756406;S
20241011;100101;1319.2;30;11286756407;S
20241011;100101;1319;19;11286756408;S
20241011;100101;1318.8;30;11286756409;S
20241011;100101;1318.6;3;11286756410;S
20241011;100107;1319.4;18;11286757714;S
20241011;100107;1320;10;11286757728;B
20241011;100114;1319.4;30;11286758964;S
20241011;100114;1319.4;20;11286758965;S
20241011;100114;1318.4;34;11286758966;S
20241011;100114;1318.4;32;11286758967;S
20241011;100114;1318.2;7;11286758968;S
20241011;100114;1318.2;1;11286758969;S
20241011;100114;1318.2;10;11286758970;S
20241011;100114;1318.2;29;11286758971;S
20241011;100114;1318.2;1;11286758972;S
20241011;100114;1318;100;11286758973;S
20241011;100114;1318;10;11286758974;S
20241011;100114;1318;1;11286758975;S
20241011;100114;1318;10;11286758976;S
20241011;100114;1318;4;11286758977;S
20241011;100114;1318;25;11286758978;S
20241011;100114;1317.8;19;11286758979;S
20241011;100114;1317.8;186;11286758980;S
20241011;100114;1317.8;81;11286758981;S
20241011;100115;1317.8;105;11286759046;S
20241011;100116;1317.8;52;11286759169;S
20241011;100116;1317.8;100;11286759310;S
20241011;100116;1317.8;50;11286759379;S
20241011;100117;1317.8;24;11286759421;S
20241011;100117;1317.8;288;11286759462;S
20241011;100117;1317.4;15;11286759466;S
20241011;100117;1317.4;10;11286759467;S
20241011;100117;1317;10;11286759468;S
20241011;100117;1315.8;9;11286759477;S
20241011;100117;1315.6;1;11286759478;S
20241011;100117;1315.6;1;11286759479;S
20241011;100117;1315.6;25;11286759480;S
20241011;100117;1315.2;1;11286759481;S
20241011;100117;1314;3;11286759482;S
20241011;100117;1313.8;1;11286759483;S
20241011;100117;1313.2;30;11286759484;S
20241011;100117;1313;1;11286759485;S
20241011;100117;1313;8;11286759486;S
20241011;100117;1315.6;2;11286759507;B
20241011;100118;1312.6;30;11286759648;S
20241011;100118;1312.4;1;11286759649;S
20241011;100118;1312.4;23;11286759650;S
20241011;100118;1312.4;127;11286759651;S
20241011;100118;1315.6;3;11286759707;B
20241011;100118;1317;4;11286759792;B
20241011;100118;1317.2;6;11286759793;B
20241011;100125;1315.2;6;11286760715;S
20241011;100125;1315;16;11286760716;S
20241011;100125;1315;48;11286760717;S
20241011;100132;1316.8;57;11286762080;B
20241011;100132;1317;33;11286762081;B
20241011;100133;1316.6;1;11286762169;B
20241011;100133;1317;15;11286762170;B
20241011;100133;1317.6;57;11286762171;B
20241011;100134;1317.8;10;11286762412;B
20241011;100135;1317.8;10;11286762503;B
20241011;100136;1317.6;17;11286762624;S
20241011;100136;1317;10;11286762637;B
20241011;100136;1317;10;11286762839;B
20241011;100137;1315.8;7;11286762998;S
20241011;100138;1317;10;11286763021;B
20241011;100139;1317;10;11286763220;B
20241011;100139;1317;10;11286763277;B
20241011;100139;1317;2;11286763356;B
20241011;100145;1315.6;50;11286764426;S
20241011;100148;1316.6;20;11286764978;B
20241011;100152;1316.8;35;11286766042;B
20241011;100152;1316.8;1;11286766050;B
20241011;100152;1316.8;9;11286766051;B
20241011;100156;1316.8;12;11286767480;B
20241011;100159;1317;50;11286767945;B
20241011;100203;1317;50;11286769127;B
20241011;100204;1317;80;11286769212;B
20241011;100204;1317;30;11286769213;B
20241011;100204;1317;1;11286769223;B
20241011;100207;1317;50;11286769878;B
20241011;100207;1317;50;11286769971;B
20241011;100210;1317;19;11286770585;B
20241011;100210;1317;1;11286770819;B
20241011;100211;1317;50;11286770825;B
20241011;100211;1317;47;11286770828;B
20241011;100211;1317.8;20;11286770841;B
20241011;100212;1317.8;80;11286771003;B
20241011;100218;1317.8;1;11286772259;B
20241011;100218;1317.8;40;11286772284;B
20241011;100218;1317.8;40;11286772293;B
20241011;100218;1317.8;11;11286772317;B
20241011;100218;1318;29;11286772318;B
20241011;100218;1318;73;11286772327;B
20241011;100220;1318;40;11286772653;B
20241011;100223;1318;10;11286773498;B
20241011;100223;1318;10;11286773511;B
20241011;100224;1318;41;11286773631;B
20241011;100224;1319.2;9;11286773632;B
20241011;100226;1317.2;57;11286773994;S
20241011;100226;1317.2;57;11286773995;S
20241011;100226;1317;1;11286773996;S
20241011;100226;1317;88;11286773997;S
20241011;100226;1318.8;10;11286774018;B
20241011;100226;1318.8;10;11286774055;B
20241011;100226;1318.6;1;11286774230;B
20241011;100227;1318.6;3;11286774307;B
20241011;100227;1318.6;7;11286774308;B
20241011;100227;1318.6;10;11286774409;B
20241011;100227;1318.6;10;11286774420;B
20241011;100228;1318.6;3;11286774428;B
20241011;100228;1318.8;7;11286774429;B
20241011;100228;1318.8;10;11286774444;B
20241011;100228;1318.8;10;11286774474;B
20241011;100228;1319;10;11286774505;B
20241011;100229;1319;10;11286774655;B
20241011;100229;1319;10;11286774704;B
20241011;100229;1319;10;11286774783;B
20241011;100230;1319;10;11286774798;B
20241011;100230;1319;10;11286774835;B
20241011;100230;1319;10;11286774869;B
20241011;100230;1319;10;11286774933;B
20241011;100231;1319;10;11286775062;B
20241011;100231;1319;7;11286775081;B
20241011;100231;1319.2;3;11286775082;B
20241011;100231;1319.2;10;11286775100;B
20241011;100231;1319.2;10;11286775186;B
20241011;100232;1319.2;10;11286775209;B
20241011;100232;1319.2;10;11286775277;B
20241011;100232;1319.2;7;11286775387;B
20241011;100232;1319.2;3;11286775388;B
20241011;100232;1319.4;10;11286775425;B
20241011;100232;1319.4;10;11286775571;B
20241011;100233;1319.4;10;11286775700;B
20241011;100233;1319.4;10;11286775764;B
20241011;100234;1319.4;5;11286775881;B
20241011;100234;1319.6;100;11286775899;B
20241011;100234;1319.6;80;11286775962;B
20241011;100234;1319.8;20;11286775963;B
20241011;100234;1319.8;100;11286775990;B
20241011;100234;1319.8;24;11286776113;B
20241011;100234;1320;76;11286776114;B
20241011;100235;1320;414;11286776152;B
20241011;100235;1320;86;11286776153;B
20241011;100235;1320;414;11286776160;B
20241011;100235;1320;10;11286776161;B
20241011;100235;1320.6;15;11286776162;B
20241011;100235;1320.8;25;11286776300;B
20241011;100235;1320.8;30;11286776301;B
20241011;100235;1321;95;11286776302;B
20241011;100235;1321;5;11286776357;B
20241011;100235;1322;5;11286776358;B
20241011;100236;1322;16;11286776446;B
20241011;100236;1322;1;11286776447;B
20241011;100236;1322;1;11286776448;B
20241011;100236;1322.4;32;11286776453;S
20241011;100237;1321.8;20;11286776712;S
20241011;100237;1321.8;2;11286776713;S
20241011;100237;1322;4;11286776715;B
20241011;100237;1322;50;11286776809;B
20241011;100238;1322;32;11286776822;B
20241011;100238;1322;10;11286777026;B
20241011;100239;1322;4;11286777075;B
20241011;100241;1322.4;10;11286777382;S
20241011;100241;1321.8;30;11286777383;S
20241011;100241;1321.6;30;11286777384;S
20241011;100241;1321.6;10;11286777385;S
20241011;100241;1321.4;47;11286777386;S
20241011;100241;1321.2;24;11286777387;S
20241011;100241;1321;10;11286777388;S
20241011;100241;1321;30;11286777389;B
20241011;100241;1321;30;11286777390;B
20241011;100241;1321;1;11286777428;B
20241011;100241;1321;50;11286777471;B
20241011;100241;1321;5;11286777503;B
20241011;100242;1321;10;11286777518;B
20241011;100242;1321;163;11286777564;B
20241011;100243;1322.4;15;11286777756;S
20241011;100243;1322.6;15;11286777779;B
20241011;100244;1322.8;2;11286777866;B
20241011;100244;1322;5;11286777873;S
20241011;100244;1322.2;5;11286777886;S
20241011;100244;1321.8;5;11286777978;S
20241011;100244;1322;5;11286778024;S
20241011;100245;1321.6;5;11286778035;S
20241011;100245;1321.6;10;11286778036;S
20241011;100245;1322.4;10;11286778050;B
20241011;100246;1322;1;11286778350;B
20241011;100247;1321.2;5;11286778429;S
20241011;100247;1321;1;11286778430;S
20241011;100247;1321;10;11286778431;S
20241011;100247;1321;5;11286778450;S
20241011;100247;1320.8;10;11286778451;S
20241011;100247;1320.6;10;11286778482;S
20241011;100247;1320.6;1;11286778483;S
20241011;100247;1320;1;11286778515;S
20241011;100248;1320;3;11286778587;S
20241011;100253;1320.4;5;11286779576;S
20241011;100253;1320.2;5;11286779604;S
20241011;100253;1320;2;11286779654;S
20241011;100253;1319.8;4;11286779665;S
20241011;100253;1319.6;11;11286779666;S
20241011;100255;1319.4;35;11286779979;S
20241011;100255;1319;8;11286779992;S
20241011;100255;1319;2;11286779993;S
20241011;100256;1320;50;11286780202;B
20241011;100257;1319.8;10;11286780384;B
20241011;100257;1318.6;1;11286780412;S
20241011;100300;1319.8;1;11286780867;B
20241011;100300;1319.8;1;11286780910;B
20241011;100300;1319.8;1;11286780995;B
20241011;100301;1319.8;1;11286781010;B
20241011;100301;1319.8;1;11286781053;B
20241011;100301;1320;1;11286781060;B
20241011;100301;1320;1;11286781072;B
20241011;100301;1320;1;11286781084;B
20241011;100301;1320;1;11286781106;B
20241011;100301;1320;1;11286781144;B
20241011;100302;1320;1;11286781157;B
20241011;100302;1320;1;11286781172;B
20241011;100302;1320;1;11286781206;B
20241011;100302;1320;1;11286781220;B
20241011;100302;1320;1;11286781249;B
20241011;100302;1320;1;11286781351;B
20241011;100303;1320;1;11286781363;B
20241011;100303;1321;1;11286781368;B
20241011;100303;1321;1;11286781383;B
20241011;100303;1320.8;1;11286781406;B
20241011;100303;1320.8;1;11286781455;B
20241011;100303;1321;1;11286781475;B
20241011;100304;1321;1;11286781496;B
20241011;100304;1321;1;11286781507;B
20241011;100304;1321;1;11286781533;B
20241011;100304;1321.2;1;11286781541;B
20241011;100304;1321.2;1;11286781650;B
20241011;100304;1320.8;1;11286781707;B
20241011;100305;1320.8;1;11286781740;B
20241011;100305;1320.6;1;11286781768;B
20241011;100305;1320.6;1;11286781795;B
20241011;100305;1320.6;1;11286781809;B
20241011;100305;1320.6;1;11286781846;B
20241011;100305;1320.6;1;11286781887;B
20241011;100306;1320;1;11286781897;S
20241011;100306;1320.6;1;11286781901;B
20241011;100306;1320.6;1;11286781914;B
20241011;100306;1320.6;1;11286781940;B
20241011;100306;1320.6;1;11286781961;B
20241011;100306;1318.6;5;11286781985;S
20241011;100306;1318.6;55;11286781986;S
20241011;100306;1318.4;16;11286781987;S
20241011;100306;1320.4;1;11286782064;B
20241011;100307;1320.2;1;11286782107;B
20241011;100307;1320.2;1;11286782130;B
20241011;100307;1320.2;1;11286782151;B
20241011;100307;1320.2;1;11286782166;B
20241011;100307;1320.2;1;11286782198;B
20241011;100307;1320.2;1;11286782222;B
20241011;100308;1320.2;1;11286782245;B
20241011;100308;1320.2;1;11286782263;B
20241011;100308;1320.2;1;11286782296;B
20241011;100308;1320.2;1;11286782314;B
20241011;100308;1320.6;1;11286782413;B
20241011;100309;1320.6;1;11286782457;B
20241011;100309;1320.6;1;11286782470;B
20241011;100309;1320.6;1;11286782489;B
20241011;100309;1320.6;1;11286782502;B
20241011;100309;1320.6;1;11286782536;B
20241011;100309;1320.6;1;11286782593;B
20241011;100310;1320.6;1;11286782612;B
20241011;100310;1320.6;1;11286782626;B
20241011;100310;1320.6;1;11286782655;B
20241011;100310;1320.4;1;11286782668;B
20241011;100310;1320.4;1;11286782723;B
20241011;100310;1320.4;1;11286782819;B
20241011;100311;1320.4;1;11286782845;B
20241011;100311;1320.4;16;11286782852;B
20241011;100311;1320.8;30;11286782853;B
20241011;100311;1321;4;11286782854;B
20241011;100311;1320.8;1;11286782878;B
20241011;100311;1320.8;1;11286782904;B
20241011;100311;1320.8;1;11286782917;B
20241011;100311;1320.8;1;11286782968;B
20241011;100311;1321;1;11286782995;B
20241011;100312;1321;1;11286783001;B
20241011;100312;1321.2;1;11286783057;B
20241011;100312;1321.2;1;11286783072;B
20241011;100312;1320.8;1;11286783145;B
20241011;100312;1320.8;1;11286783242;B
20241011;100312;1320.8;10;11286783254;B
20241011;100313;1320.8;1;11286783264;B
20241011;100313;1320.8;7;11286783265;B
20241011;100313;1321.2;22;11286783266;B
20241011;100313;1321.4;1;11286783267;B
20241011;100313;1321.4;20;11286783268;B
20241011;100313;1321.4;11;11286783281;B
20241011;100313;1321.4;1;11286783282;B
20241011;100313;1321;9;11286783319;B
20241011;100313;1321.4;6;11286783320;B
20241011;100313;1321.6;10;11286783321;B
20241011;100313;1321.6;1;11286783335;B
20241011;100313;1321.6;1;11286783389;B
20241011;100313;1321.6;1;11286783428;B
20241011;100314;1321.6;1;11286783439;B
20241011;100314;1321.4;1;11286783455;B
20241011;100314;1321.4;1;11286783498;B
20241011;100314;1321;1;11286783539;B
20241011;100314;1321;1;11286783625;B
20241011;100314;1321;1;11286783686;B
20241011;100315;1320.4;1;11286783719;S
20241011;100315;1320.4;1;11286783728;B
20241011;100315;1320.4;25;11286783730;B
20241011;100315;1320;3;11286783736;S
20241011;100315;1320.4;1;11286783739;B
20241011;100315;1320.4;1;11286783760;B
20241011;100315;1320.4;1;11286783771;B
20241011;100315;1320.4;1;11286783813;B
20241011;100316;1320.4;1;11286783847;B
20241011;100316;1320.4;1;11286783861;B
20241011;100316;1320.4;6;11286783880;B
20241011;100316;1320.4;1;11286783882;B
20241011;100316;1320.4;1;11286783933;B
20241011;100316;1320.6;100;11286784033;B
20241011;100316;1320.8;10;11286784034;B
20241011;100316;1321.4;30;11286784035;B
20241011;100316;1321.6;36;11286784036;B
20241011;100316;1321.6;96;11286784037;B
20241011;100316;1321.8;1;11286784038;B
20241011;100316;1321.8;100;11286784039;B
20241011;100316;1322;1;11286784040;B
20241011;100316;1322;26;11286784041;B
20241011;100317;1320;5;11286784158;B
20241011;100317;1320.4;20;11286784194;B
20241011;100317;1321.6;30;11286784221;B
20241011;100317;1321.8;22;11286784222;B
20241011;100317;1322.2;6;11286784353;B
20241011;100318;1322.2;9;11286784430;B
20241011;100318;1322.4;5;11286784431;B
20241011;100318;1322.4;36;11286784432;B
20241011;100318;1321.4;16;11286784511;B
20241011;100318;1322.2;37;11286784512;B
20241011;100318;1322.4;47;11286784513;B
20241011;100318;1322.4;1;11286784523;B
20241011;100318;1322.4;50;11286784614;B
20241011;100319;1322.4;200;11286784754;B
20241011;100319;1322.4;20;11286784802;B
20241011;100320;1322.2;18;11286784951;B
20241011;100320;1322.4;32;11286784952;B
20241011;100321;1322.2;1;11286785165;B
20241011;100321;1322.2;1;11286785166;B
20241011;100321;1322.2;1;11286785183;B
20241011;100321;1322.2;6;11286785190;B
20241011;100321;1322.4;69;11286785191;B
20241011;100321;1322.2;1;11286785244;B
20241011;100322;1322.2;1;11286785317;B
20241011;100322;1322.2;1;11286785386;B
20241011;100322;1322.2;1;11286785410;B
20241011;100322;1322.2;1;11286785435;B
20241011;100322;1322.2;1;11286785535;B
20241011;100322;1322.2;1;11286785692;B
20241011;100323;1322.2;1;11286785807;B
20241011;100323;1322.2;1;11286785872;B
20241011;100323;1322.4;5;11286785888;B
20241011;100323;1322.4;1;11286785889;B
20241011;100324;1322.2;1;11286785992;S
20241011;100324;1322;10;11286785993;S
20241011;100324;1322.4;5;11286785995;B
20241011;100324;1322.2;1;11286786011;B
20241011;100324;1322.2;1;11286786174;S
20241011;100324;1321.8;1;11286786175;S
20241011;100325;1322.2;1;11286786260;S
20241011;100326;1322.4;151;11286786359;B
20241011;100326;1322.4;2;11286786382;B
20241011;100326;1322.4;381;11286786497;B
20241011;100326;1322.6;50;11286786498;B
20241011;100326;1322.8;5;11286786499;B
20241011;100326;1323;1;11286786500;B
20241011;100326;1323;2;11286786501;B
20241011;100326;1323;50;11286786502;B
20241011;100326;1323.2;1;11286786503;B
20241011;100326;1323.4;5;11286786504;B
20241011;100326;1323.8;1;11286786505;B
20241011;100326;1323.8;15;11286786506;B
20241011;100326;1323.8;1;11286786507;B
20241011;100326;1324;1;11286786508;B
20241011;100326;1324;50;11286786509;B
20241011;100326;1324;1;11286786510;B
20241011;100326;1324;5;11286786511;B
20241011;100326;1324.2;31;11286786512;B
20241011;100327;1324.2;19;11286786558;B
20241011;100327;1324.2;1;11286786655;S
20241011;100327;1323;38;11286786660;B
20241011;100327;1323;1;11286786661;B
20241011;100328;1323;60;11286786677;B
20241011;100328;1324;1;11286786749;B
20241011;100328;1324;1;11286786761;B
20241011;100328;1324;1;11286786796;B
20241011;100329;1323.4;1;11286786988;B
20241011;100329;1324;4;11286786989;B
20241011;100330;1323.8;25;11286787106;B
20241011;100330;1324;5;11286787107;B
20241011;100331;1324;88;11286787288;B
20241011;100331;1324.4;228;11286787289;B
20241011;100331;1324.6;5;11286787290;B
20241011;100331;1324.8;20;11286787291;B
20241011;100331;1324.8;1;11286787292;B
20241011;100331;1325;30;11286787293;B
20241011;100331;1325;10;11286787294;B
20241011;100331;1325.4;5;11286787295;B
20241011;100331;1325.4;30;11286787296;B
20241011;100331;1325.6;30;11286787297;B
20241011;100331;1325.6;1;11286787298;B
20241011;100331;1325.8;1;11286787299;B
20241011;100331;1325.8;6;11286787300;B
20241011;100331;1326;10;11286787301;B
20241011;100331;1326.2;1;11286787302;B
20241011;100331;1326.2;30;11286787303;B
20241011;100331;1326.4;10;11286787304;B
20241011;100331;1326.8;10;11286787305;B
20241011;100331;1326.8;5;11286787306;B
20241011;100331;1326.8;30;11286787307;B
20241011;100331;1327;20;11286787308;B
20241011;100331;1327;18;11286787309;B
20241011;100331;1327.2;3;11286787310;B
20241011;100331;1327.2;30;11286787311;B
20241011;100331;1327.4;70;11286787312;B
20241011;100331;1327.4;100;11286787313;B
20241011;100331;1327.6;50;11286787314;B
20241011;100331;1327.6;150;11286787315;B
20241011;100331;1327.8;8;11286787316;B
20241011;100331;1326;5;11286787433;B
20241011;100331;1327.6;30;11286787434;B
20241011;100331;1327.8;7;11286787435;B
20241011;100331;1327.8;1;11286787436;B
20241011;100331;1328;2;11286787437;B
20241011;100331;1328;50;11286787438;B
20241011;100331;1328;5;11286787439;B
20241011;100332;1324.4;1;11286787560;B
20241011;100332;1324.4;60;11286787562;B
20241011;100332;1324.4;14;11286787566;B
20241011;100332;1325;72;11286787567;B
20241011;100332;1325;1;11286787771;B
20241011;100333;1325;10;11286788046;B
20241011;100334;1324.4;1;11286788152;S
20241011;100334;1325;67;11286788189;B
20241011;100336;1325.8;10;11286788707;B
20241011;100336;1326;76;11286788708;B
20241011;100336;1325.8;1;11286788889;B
20241011;100337;1325.2;1;11286788975;S
20241011;100337;1325.6;10;11286789018;B
20241011;100337;1325.8;40;11286789019;B
20241011;100338;1325.2;1;11286789065;S
20241011;100338;1325;33;11286789133;S
20241011;100339;1324.4;4;11286789296;S
20241011;100340;1324.2;57;11286789385;S
20241011;100340;1325;20;11286789391;B
20241011;100340;1325;31;11286789392;B
20241011;100340;1324.4;5;11286789542;B
20241011;100342;1324.2;5;11286789702;B
20241011;100342;1324;150;11286789778;S
20241011;100342;1324;10;11286789799;B
20241011;100342;1324;5;11286789804;B
20241011;100346;1323.8;2;11286790602;B
20241011;100346;1324;3;11286790603;B
20241011;100346;1323.8;1;11286790674;S
20241011;100346;1323.8;1;11286790752;S
20241011;100348;1323.8;1;11286791005;S
20241011;100348;1323.6;1;11286791074;S
20241011;100349;1323.6;20;11286791271;B
20241011;100350;1323.8;10;11286791356;B
20241011;100350;1322.4;1;11286791358;S
20241011;100350;1322.4;41;11286791359;S
20241011;100350;1322.2;30;11286791360;S
20241011;100350;1322;5;11286791361;S
20241011;100350;1322;2;11286791362;S
20241011;100350;1322;2;11286791363;S
20241011;100350;1322;6;11286791364;S
20241011;100350;1321.8;34;11286791365;S
20241011;100350;1323.6;6;11286791497;B
20241011;100350;1323.8;57;11286791498;B
20241011;100350;1324;5;11286791499;B
20241011;100350;1324;50;11286791500;B
20241011;100350;1324.2;15;11286791501;B
20241011;100350;1324.4;5;11286791502;B
20241011;100350;1324.8;20;11286791503;B
20241011;100350;1324.8;4;11286791504;B
20241011;100350;1324.8;34;11286791505;B
20241011;100350;1325;6;11286791506;B
20241011;100350;1325;398;11286791507;B
20241011;100350;1325;2;11286791509;B
20241011;100350;1325.2;8;11286791510;B
20241011;100351;1322.6;2;11286791571;S
20241011;100352;1324.2;21;11286791702;S
20241011;100352;1324.6;5;11286791840;B
20241011;100353;1324.2;25;11286791869;S
20241011;100353;1324.2;25;11286791904;S
20241011;100353;1324.2;9;11286791905;S
20241011;100353;1324.4;1;11286791920;B
20241011;100356;1323.8;1;11286792354;B
20241011;100356;1323.8;1;11286792361;B
20241011;100356;1323.8;1;11286792377;B
20241011;100356;1323.8;1;11286792402;B
20241011;100356;1322.4;4;11286792414;S
20241011;100356;1322.2;56;11286792415;S
20241011;100356;1322.2;30;11286792416;S
20241011;100356;1322;57;11286792417;S
20241011;100356;1322;3;11286792418;S
20241011;100356;1323.8;1;11286792450;B
20241011;100356;1324.2;1;11286792573;B
20241011;100357;1324.2;1;11286792596;B
20241011;100357;1324.2;1;11286792631;B
20241011;100357;1324.2;1;11286792658;B
20241011;100357;1324.2;1;11286792670;B
20241011;100357;1324.2;1;11286792698;B
20241011;100357;1324.2;1;11286792730;B
20241011;100401;1323.8;2;11286793359;B
20241011;100401;1322.8;1;11286793361;S
20241011;100402;1323.8;35;11286793455;B
20241011;100402;1322.6;4;11286793462;S
20241011;100404;1323.8;5;11286793768;B
20241011;100406;1322.6;8;11286794047;S
20241011;100406;1322.6;2;11286794056;S
20241011;100406;1322.6;5;11286794057;S
20241011;100406;1322.2;3;11286794058;S
20241011;100406;1322.2;6;11286794059;S
20241011;100406;1322;30;11286794060;S
20241011;100406;1321.8;4;11286794061;S
20241011;100406;1322;15;11286794063;S
20241011;100406;1323.4;6;11286794100;B
20241011;100406;1323.6;57;11286794101;B
20241011;100406;1323.8;8;11286794102;B
20241011;100406;1323.8;29;11286794103;B
20241011;100408;1322.2;6;11286794403;S
20241011;100408;1322;57;11286794404;S
20241011;100408;1322;1;11286794459;B
20241011;100409;1321.8;20;11286794537;S
20241011;100410;1321.8;76;11286794603;S
20241011;100410;1321.2;24;11286794604;S
20241011;100410;1321;9;11286794751;S
20241011;100410;1321;3;11286794752;S
20241011;100410;1321;21;11286794753;S
20241011;100410;1320.8;50;11286794754;S
20241011;100410;1320.6;35;11286794755;S
20241011;100410;1320.2;2;11286794756;S
20241011;100410;1320;100;11286794757;S
20241011;100410;1320;200;11286794758;S
20241011;100410;1320;80;11286794759;S
20241011;100411;1319.6;30;11286794769;S
20241011;100411;1319.4;20;11286794770;S
20241011;100411;1319.2;35;11286794771;S
20241011;100411;1318.8;15;11286794772;S
20241011;100411;1318.8;1;11286794844;S
20241011;100413;1319.8;1;11286795159;B
20241011;100413;1319.8;1;11286795160;B
20241011;100413;1320;43;11286795161;B
20241011;100414;1319.6;5;11286795202;S
20241011;100414;1318.8;32;11286795203;S
20241011;100414;1318.6;20;11286795204;S
20241011;100414;1318.4;50;11286795205;S
20241011;100414;1318.2;30;11286795206;S
20241011;100414;1318;25;11286795207;S
20241011;100414;1318;25;11286795208;S
20241011;100414;1317.8;35;11286795209;S
20241011;100414;1317.2;30;11286795210;S
20241011;100414;1317.2;100;11286795211;S
20241011;100414;1317;1;11286795212;S
20241011;100414;1317;10;11286795213;S
20241011;100414;1317;1;11286795214;S
20241011;100414;1316.8;17;11286795215;S
20241011;100415;1319.8;16;11286795535;B
20241011;100416;1317.8;10;11286795588;S
20241011;100416;1317.6;16;11286795589;S
20241011;100416;1317.4;24;11286795590;S
20241011;100421;1318;5;11286796370;B
20241011;100422;1319;1;11286796529;B
20241011;100423;1319;1;11286796541;B
20241011;100423;1319;1;11286796547;B
20241011;100424;1319.6;1;11286796671;B
20241011;100424;1319.2;5;11286796710;S
20241011;100425;1319.8;1;11286796901;B
20241011;100425;1319.8;1;11286796920;B
20241011;100425;1319.8;1;11286796926;B
20241011;100426;1319.2;50;11286796960;S
20241011;100426;1319.2;20;11286797006;S
20241011;100427;1319.2;30;11286797139;B
20241011;100427;1319.4;54;11286797140;B
20241011;100427;1319.6;30;11286797141;B
20241011;100427;1319.8;1;11286797142;B
20241011;100427;1319.8;10;11286797143;B
20241011;100427;1320;25;11286797144;B
20241011;100427;1320;20;11286797145;B
20241011;100427;1320;24;11286797146;B
20241011;100427;1320.2;25;11286797147;B
20241011;100427;1320.4;20;11286797148;B
20241011;100427;1321.2;30;11286797149;B
20241011;100427;1321.4;48;11286797150;B
20241011;100427;1321.8;12;11286797151;B
20241011;100428;1321.2;1;11286797319;B
20241011;100428;1321.2;1;11286797327;B
20241011;100428;1320.8;1;11286797346;B
20241011;100429;1320.4;2;11286797539;B
20241011;100430;1320.4;9;11286797806;B
20241011;100432;1320.4;1;11286797986;B
20241011;100432;1320.4;1;11286797989;B
20241011;100432;1320.4;3;11286798000;B
20241011;100432;1320.8;1;11286798005;B
20241011;100432;1320.8;1;11286798021;B
20241011;100434;1320.8;1;11286798603;B
20241011;100435;1320.8;1;11286798627;B
20241011;100437;1320.8;3;11286799111;B
20241011;100438;1320.4;50;11286799341;S
20241011;100438;1320.8;12;11286799342;B
20241011;100438;1320.8;1;11286799343;B
20241011;100438;1321.6;24;11286799344;B
20241011;100449;1321.6;50;11286801598;S
20241011;100449;1321.6;13;11286801603;S
20241011;100451;1321;5;11286802297;S
20241011;100451;1321;1;11286802298;S
20241011;100452;1321;6;11286802359;S
20241011;100452;1320.8;30;11286802362;S
20241011;100453;1321.2;10;11286802796;B
20241011;100453;1321.2;41;11286802797;B
20241011;100453;1321.4;1;11286802798;B
20241011;100456;1321.2;10;11286803146;B
20241011;100502;1321.4;1;11286804154;B
20241011;100506;1320.8;5;11286804994;S
20241011;100506;1320.8;55;11286804995;S
20241011;100510;1321.4;2;11286805855;B
20241011;100510;1321.6;75;11286805856;B
20241011;100510;1322;23;11286805857;B
20241011;100510;1320.8;10;11286806040;S
20241011;100511;1322;1;11286806208;B
20241011;100514;1320.8;1;11286806697;S
20241011;100515;1321.6;4;11286807006;B
20241011;100517;1320.8;1;11286807443;S
20241011;100518;1321.6;2;11286807505;B
20241011;100521;1321.6;10;11286808044;B
20241011;100523;1320.8;33;11286808430;S
20241011;100523;1320.8;1;11286808431;S
20241011;100523;1319.8;1;11286808624;S
20241011;100523;1319.2;4;11286808625;S
20241011;100523;1319.2;24;11286808626;S
20241011;100524;1318.8;21;11286808676;B
20241011;100524;1320.8;10;11286808767;B
20241011;100527;1320;15;11286809647;S
20241011;100528;1320;15;11286809878;S
20241011;100528;1318.6;10;11286809879;S
20241011;100528;1318.4;26;11286809880;S
20241011;100535;1318.4;31;11286812032;S
20241011;100535;1318.2;48;11286812033;S
20241011;100537;1317.8;8;11286812572;B
20241011;100538;1319.6;5;11286812978;B
20241011;100538;1319.6;3;11286812979;B
20241011;100540;1318.2;15;11286813252;S
20241011;100540;1318;37;11286813253;S
20241011;100543;1318;50;11286813800;S
20241011;100544;1318;275;11286814253;S
20241011;100546;1319.4;1;11286814636;B
20241011;100548;1319.4;1;11286815072;B
20241011;100548;1319.4;1;11286815093;B
20241011;100548;1319.4;1;11286815109;B
20241011;100548;1318;130;11286815169;S
20241011;100548;1318;1;11286815170;S
20241011;100548;1318;9;11286815171;S
20241011;100550;1319.4;1;11286815432;B
20241011;100551;1319.4;1;11286815521;B
20241011;100551;1319.4;1;11286815577;B
20241011;100551;1319.2;1;11286815686;S
20241011;100554;1319.4;1;11286816265;B
20241011;100556;1318;5;11286816622;S
20241011;100559;1318;20;11286817571;S
20241011;100600;1319.4;2;11286817881;B
20241011;100600;1319.4;21;11286817882;B
20241011;100600;1319.6;2;11286817883;B
20241011;100601;1319.6;1;11286818152;B
20241011;100601;1319.8;1;11286818197;B
20241011;100604;1318;14;11286818796;S
20241011;100604;1318;5;11286818797;S
20241011;100604;1318;3;11286818798;S
20241011;100604;1317.8;6;11286818799;S
20241011;100604;1317.6;5;11286818800;S
20241011;100604;1317.6;17;11286818801;S
20241011;100609;1318;20;11286819951;S
20241011;100611;1318;25;11286820666;S
20241011;100614;1319.8;4;11286821471;B
20241011;100614;1319.8;4;11286821472;B
20241011;100614;1319.8;3;11286821473;B
20241011;100619;1319.6;1;11286822631;S
20241011;100629;1320;2;11286825232;B
20241011;100632;1320;3;11286825850;B
20241011;100632;1320;4;11286825851;B
20241011;100634;1320;1;11286826441;B
20241011;100637;1320.6;1;11286826916;B
20241011;100638;1319.6;1;11286827314;S
20241011;100638;1319.6;1;11286827315;S
20241011;100638;1319.8;10;11286827325;B
20241011;100639;1318;5;11286827505;S
20241011;100639;1318;1;11286827506;S
20241011;100639;1317.6;3;11286827507;S
20241011;100639;1317.4;1;11286827508;S
20241011;100640;1319.4;1;11286827629;B
20241011;100645;1319.2;1;11286828738;B
20241011;100645;1319.4;57;11286828739;B
20241011;100645;1319.4;3;11286828740;B
20241011;100651;1318.8;1;11286829946;S
20241011;100653;1319.2;14;11286830447;B
20241011;100655;1319;5;11286830734;B
20241011;100655;1319.2;5;11286830735;B
20241011;100656;1319.2;1;11286830961;B
20241011;100658;1319.4;1;11286831197;B
20241011;100658;1319.4;1;11286831199;B
20241011;100658;1319.8;1;11286831212;B
20241011;100658;1319.8;1;11286831267;B
20241011;100701;1319.8;30;11286831741;B
20241011;100701;1319.8;16;11286831748;B
20241011;100701;1319.2;1;11286831792;S
20241011;100701;1319.2;1;11286831793;S
20241011;100701;1319.2;1;11286831794;S
20241011;100701;1319;1;11286831795;S
20241011;100701;1318.8;1;11286831796;S
20241011;100701;1318.6;1;11286831797;S
20241011;100702;1318.4;48;11286831847;S
20241011;100709;1321;1;11286833159;B
20241011;100709;1321.2;1;11286833160;B
20241011;100709;1321.2;2;11286833161;B
20241011;100709;1321.2;24;11286833162;B
20241011;100709;1321.4;1;11286833163;B
20241011;100709;1321.4;2;11286833240;B
20241011;100711;1321.6;1;11286833477;B
20241011;100711;1321.6;1;11286833509;B
20241011;100718;1321;1;11286834250;S
20241011;100718;1319.6;12;11286834251;S
20241011;100718;1319.4;1;11286834252;S
20241011;100718;1319.2;1;11286834253;S
20241011;100718;1319.2;6;11286834254;S
20241011;100718;1319;41;11286834255;S
20241011;100718;1319;1;11286834344;S
20241011;100719;1319;4;11286834444;S
20241011;100719;1318.8;30;11286834445;S
20241011;100719;1318.6;24;11286834446;S
20241011;100719;1318.4;48;11286834447;S
20241011;100719;1317.8;4;11286834448;S
20241011;100719;1317.6;30;11286834449;S
20241011;100719;1317.6;60;11286834450;S
20241011;100724;1318.8;14;11286835446;S
20241011;100724;1320.4;10;11286835464;B
20241011;100731;1320.6;1;11286836948;B
20241011;100734;1320;1;11286837681;S
20241011;100738;1319.8;1;11286838345;B
20241011;100740;1319.8;2;11286839098;B
20241011;100740;1319.8;6;11286839099;B
20241011;100740;1320;12;11286839100;B
20241011;100741;1320;9;11286839350;B
20241011;100744;1319;1;11286840030;S
20241011;100746;1320;1;11286840356;B
20241011;100802;1319.8;30;11286843504;B
20241011;100802;1319.8;20;11286843505;B
20241011;100803;1319.2;20;11286843536;S
20241011;100803;1319.2;1;11286843537;S
20241011;100803;1319;9;11286843538;S
20241011;100803;1318.8;186;11286843539;S
20241011;100804;1319.6;14;11286843855;B
20241011;100810;1318.4;50;11286844833;S
20241011;100810;1318;1;11286844834;S
20241011;100810;1317.8;25;11286844835;S
20241011;100810;1317.6;4;11286844836;S
20241011;100810;1317.4;50;11286844837;S
20241011;100810;1317.4;50;11286844838;S
20241011;100810;1317.4;1;11286844839;S
20241011;100810;1317.2;20;11286844840;S
20241011;100810;1317.2;2;11286844841;S
20241011;100810;1317.2;2;11286844842;S
20241011;100810;1317.2;94;11286844843;S
20241011;100810;1317.2;1;11286844907;S
20241011;100815;1318.8;1;11286845628;B
20241011;100817;1318.8;24;11286846033;B
20241011;100817;1319;4;11286846034;B
20241011;100817;1319.2;1;11286846035;B
20241011;100824;1319;1;11286846946;S
20241011;100824;1318.4;1;11286846974;S
20241011;100824;1317.2;22;11286847029;S
20241011;100825;1317.2;62;11286847208;S
20241011;100825;1317.2;1;11286847209;S
20241011;100825;1317;3;11286847210;S
20241011;100825;1317;1;11286847211;S
20241011;100825;1317;10;11286847212;S
20241011;100825;1317;4;11286847213;S
20241011;100825;1316.8;2;11286847214;S
20241011;100825;1316.8;17;11286847215;S
20241011;100827;1318.4;1;11286847608;S
20241011;100827;1317;46;11286847609;S
20241011;100833;1317.8;2;11286849394;S
20241011;100834;1317.8;78;11286849532;S
20241011;100834;1317;1;11286849533;S
20241011;100834;1317;21;11286849534;S
20241011;100836;1317;30;11286849960;S
20241011;100836;1316.8;20;11286849961;S
20241011;100840;1317;2;11286850533;S
20241011;100841;1318.6;1;11286850820;B
20241011;100844;1319.6;1;11286851125;B
20241011;100845;1319.8;1;11286851339;B
20241011;100845;1319.8;1;11286851358;B
20241011;100849;1319.2;1;11286851859;S
20241011;100849;1319.2;1;11286851860;S
20241011;100849;1318.8;1;11286851861;S
20241011;100849;1318.8;1;11286851862;S
20241011;100849;1317.6;1;11286851863;S
20241011;100849;1317.4;30;11286851864;S
20241011;100849;1317.2;5;11286851865;S
20241011;100851;1319.2;1;11286852276;B
20241011;100851;1319.6;1;11286852408;B
20241011;100851;1319.6;7;11286852409;B
20241011;100852;1319.6;42;11286852498;S
20241011;100852;1319.2;1;11286852620;S
20241011;100854;1319.2;1;11286852813;S
20241011;100854;1318;7;11286852814;S
20241011;100854;1317.8;1;11286852815;S
20241011;100854;1317.6;1;11286852816;S
20241011;100854;1317.4;1;11286852817;S
20241011;100854;1317.2;25;11286852818;S
20241011;100854;1317.2;1;11286852819;S
20241011;100854;1317;23;11286852820;S
20241011;100854;1317;30;11286852897;S
20241011;100854;1316.8;28;11286852898;S
20241011;100855;1319.2;1;11286853072;B
20241011;100856;1319.2;1;11286853163;S
20241011;100857;1319;2;11286853365;B
20241011;100857;1319;1;11286853367;B
20241011;100904;1318.8;1;11286854774;S
20241011;100906;1318.8;1;11286854969;S
20241011;100920;1318.8;22;11286856996;B
20241011;100921;1318.4;1;11286857276;S
20241011;100921;1317.6;1;11286857277;S
20241011;100921;1317.4;3;11286857278;S
20241011;100921;1317.2;1;11286857279;S
20241011;100921;1317.2;6;11286857280;S
20241011;100921;1317;28;11286857281;S
20241011;100922;1318.8;2;11286857395;B
20241011;100922;1318.8;1;11286857396;B
20241011;100922;1318.8;1;11286857397;B
20241011;100939;1318.4;1;11286860146;S
20241011;100939;1317.6;10;11286860147;S
20241011;100939;1317.2;9;11286860148;S
20241011;100946;1318.6;1;11286861557;B
20241011;100947;1317.2;41;11286861728;S
20241011;100947;1317.2;20;11286861729;S
20241011;100947;1317.2;10;11286861730;S
20241011;100947;1316.8;29;11286861731;S
20241011;100954;1318.8;2;11286862622;B
20241011;100956;1317;1;11286862921;S
20241011;100956;1317;1;11286862922;S
20241011;100956;1317;1;11286863062;S
20241011;100956;1316.8;21;11286863063;S
20241011;101004;1316.8;85;11286864669;S
20241011;101004;1316.6;1;11286864670;S
20241011;101004;1316.6;5;11286864671;S
20241011;101004;1316.6;9;11286864672;S
20241011;101007;1317;84;11286865144;S
20241011;101007;1316.6;91;11286865145;S
20241011;101007;1316.6;20;11286865146;S
20241011;101007;1316.2;30;11286865147;S
20241011;101007;1316.2;1;11286865148;S
20241011;101007;1316;50;11286865149;S
20241011;101007;1316;1;11286865150;S
20241011;101007;1316;50;11286865151;S
20241011;101007;1316;20;11286865152;S
20241011;101007;1316;200;11286865153;S
20241011;101008;1315.6;1;11286865259;S
20241011;101008;1315.6;30;11286865260;S
20241011;101008;1315.4;19;11286865261;S
20241011;101011;1316;30;11286865629;B
20241011;101011;1316;30;11286865640;B
20241011;101014;1315.4;1;11286866061;S
20241011;101014;1315.4;1;11286866062;S
20241011;101014;1315.4;1;11286866063;S
20241011;101014;1315.2;10;11286866064;S
20241011;101014;1315.2;10;11286866065;S
20241011;101014;1315.2;4;11286866066;S
20241011;101014;1315.2;24;11286866067;S
20241011;101015;1316;1;11286866226;B
20241011;101017;1316;1;11286866783;B
20241011;101019;1316;3;11286867189;B
20241011;101019;1316;17;11286867202;B
20241011;101019;1316;69;11286867220;B
20241011;101029;1317.8;4;11286868771;B
20241011;101029;1318;33;11286868772;B
20241011;101033;1318;24;11286869311;B
20241011;101033;1318.2;1;11286869312;B
20241011;101033;1318.4;57;11286869313;B
20241011;101033;1318.6;30;11286869314;B
20241011;101033;1318.8;24;11286869315;B
20241011;101033;1319;1;11286869316;B
20241011;101033;1319;63;11286869317;B
20241011;101037;1319;3;11286869904;B
20241011;101037;1319;1;11286869915;B
20241011;101103;1318.8;1;11286873607;S
20241011;101106;1318.8;10;11286873959;B
20241011;101108;1318.8;7;11286874236;B
20241011;101111;1318.8;4;11286874632;B
20241011;101111;1318.6;1;11286874637;S
20241011;101111;1318.4;1;11286874638;S
20241011;101111;1318.4;10;11286874639;S
20241011;101111;1318.4;8;11286874640;S
20241011;101111;1318.2;1;11286874641;S
20241011;101111;1318;1;11286874642;S
20241011;101111;1318;1;11286874643;S
20241011;101111;1317.8;1;11286874644;S
20241011;101111;1317.6;9;11286874645;S
20241011;101115;1318.8;48;11286875023;B
20241011;101115;1318.8;2;11286875024;B
20241011;101116;1317.6;4;11286875079;S
20241011;101123;1318.8;23;11286876045;B
20241011;101123;1318.8;3;11286876046;B
20241011;101123;1319;24;11286876047;B
20241011;101124;1317.6;37;11286876054;S
20241011;101124;1317;24;11286876055;S
20241011;101124;1316.8;39;11286876056;S
20241011;101132;1318.8;10;11286876986;B
20241011;101148;1318.6;6;11286878860;B
20241011;101148;1318.8;29;11286878861;B
20241011;101148;1318.8;24;11286878862;B
20241011;101148;1319;6;11286878863;B
20241011;101148;1319.2;1;11286878864;B
20241011;101148;1319.4;1;11286878865;B
20241011;101148;1319.6;1;11286878866;B
20241011;101148;1319.6;30;11286878867;B
20241011;101148;1319.8;1;11286878868;B
20241011;101148;1319.8;37;11286878869;B
20241011;101148;1319.8;78;11286878870;B
20241011;101148;1320;5;11286878871;B
20241011;101148;1320;30;11286878872;B
20241011;101148;1320;1;11286878873;B
20241011;101148;1320;10;11286878874;B
20241011;101148;1320;157;11286878875;B
20241011;101148;1320.2;1;11286878876;B
20241011;101148;1320.4;1;11286878877;B
20241011;101148;1320.4;80;11286878878;B
20241011;101148;1320.6;1;11286878879;B
20241011;101151;1317.2;1;11286879083;S
20241011;101206;1320.2;5;11286881517;B
20241011;101211;1320.2;25;11286882105;B
20241011;101211;1320.4;1;11286882106;B
20241011;101211;1320.6;3;11286882107;B
20241011;101212;1320.6;27;11286882168;B
20241011;101212;1320.8;1;11286882169;B
20241011;101212;1320.8;39;11286882170;B
20241011;101212;1321;1;11286882171;B
20241011;101212;1321;50;11286882172;B
20241011;101212;1321.2;1;11286882173;B
20241011;101212;1321.2;30;11286882174;B
20241011;101212;1321.4;1;11286882175;B
20241011;101212;1321.4;1;11286882176;B
20241011;101212;1321.4;48;11286882177;B
20241011;101212;1321.6;1;11286882178;B
20241011;101212;1321.6;60;11286882179;B
20241011;101212;1321.8;21;11286882180;B
20241011;101212;1321.8;1;11286882181;B
20241011;101212;1321.8;30;11286882182;B
20241011;101212;1322;1;11286882183;B
20241011;101212;1322;100;11286882184;B
20241011;101212;1322;2;11286882185;B
20241011;101212;1322;1;11286882186;B
20241011;101212;1322;1;11286882187;B
20241011;101212;1322.2;1;11286882188;B
20241011;101212;1322.2;80;11286882189;B
20241011;101212;1322.2;1;11286882190;B
20241011;101212;1322.4;1;11286882191;B
20241011;101235;1321.6;18;11286885197;B
20241011;101240;1321.6;30;11286885958;B
20241011;101240;1321.8;19;11286885959;B
20241011;101240;1322;30;11286885960;B
20241011;101240;1322.4;2;11286885961;B
20241011;101240;1322.4;1;11286885962;B
20241011;101240;1322.4;1;11286885963;B
20241011;101240;1322.4;10;11286885964;B
20241011;101240;1322.4;7;11286885965;B
20241011;101241;1321.8;20;11286886135;B
20241011;101242;1320.4;6;11286886230;S
20241011;101242;1320.2;4;11286886231;S
20241011;101255;1322;1;11286887502;B
20241011;101256;1320.4;1;11286887700;S
20241011;101256;1320.4;4;11286887701;S
20241011;101256;1320.4;5;11286887702;S
20241011;101256;1320.2;16;11286887703;S
20241011;101256;1320.2;1;11286887704;S
20241011;101256;1320.2;1;11286887705;S
20241011;101302;1320.2;20;11286888254;B
20241011;101303;1320.2;2;11286888292;B
20241011;101303;1321.6;10;11286888293;B
20241011;101303;1321.8;8;11286888294;B
20241011;101320;1321.6;1;11286890295;B
20241011;101326;1321.6;8;11286890861;B
20241011;101326;1321.8;49;11286890862;B
20241011;101326;1322;1;11286890863;B
20241011;101326;1322.2;4;11286890864;B
20241011;101326;1322.4;1;11286890865;B
20241011;101326;1322.4;30;11286890866;B
20241011;101326;1322.6;1;11286890867;B
20241011;101326;1322.6;6;11286890868;B
20241011;101327;1320.2;1;11286890983;S
20241011;101327;1322;1;11286891050;B
20241011;101331;1321.6;1;11286891898;B
20241011;101331;1322.2;2;11286891899;B
20241011;101335;1320.2;1;11286892464;S
20241011;101335;1320;1;11286892465;S
20241011;101336;1320;1;11286892521;S
20241011;101341;1322.2;1;11286893123;B
20241011;101341;1322.2;2;11286893208;B
20241011;101341;1322.2;16;11286893209;B
20241011;101348;1322;2;11286894077;B
20241011;101348;1322;3;11286894078;S
20241011;101351;1322;1;11286894376;B
20241011;101351;1322.2;36;11286894377;B
20241011;101358;1320.4;3;11286895301;S
20241011;101358;1320.2;10;11286895302;S
20241011;101358;1320.2;57;11286895303;S
20241011;101358;1320;8;11286895304;S
20241011;101358;1320;2;11286895305;S
20241011;101358;1320;5;11286895306;S
20241011;101358;1320;38;11286895307;S
20241011;101358;1320;5;11286895308;S
20241011;101358;1319.4;30;11286895309;S
20241011;101358;1319.2;10;11286895310;S
20241011;101358;1318.8;1;11286895311;S
20241011;101358;1318.8;24;11286895312;S
20241011;101358;1318.6;7;11286895313;S
20241011;101358;1320.6;1;11286895329;S
20241011;101407;1318;30;11286896253;S
20241011;101407;1318;57;11286896254;S
20241011;101407;1317.6;3;11286896255;S
20241011;101407;1317.6;30;11286896256;S
20241011;101407;1317.6;30;11286896257;S
20241011;101407;1317.4;20;11286896258;S
20241011;101407;1317.4;10;11286896259;S
20241011;101407;1317.2;25;11286896260;S
20241011;101407;1317;30;11286896261;S
20241011;101407;1316.8;10;11286896262;S
20241011;101407;1316.6;48;11286896263;S
20241011;101407;1316.4;1;11286896264;S
20241011;101407;1316.4;1;11286896265;S
20241011;101407;1316.4;7;11286896266;S
20241011;101407;1316.4;1;11286896267;S
20241011;101407;1316.2;30;11286896268;S
20241011;101407;1315.8;100;11286896269;S
20241011;101407;1315.6;30;11286896270;S
20241011;101407;1315.2;7;11286896271;S
20241011;101407;1315.2;30;11286896272;S
20241011;101408;1316.2;30;11286896330;S
20241011;101408;1316;1;11286896331;S
20241011;101408;1316;169;11286896332;S
20241011;101411;1318.6;1;11286896560;B
20241011;101412;1318;1;11286896679;S
20241011;101412;1318.4;1;11286896709;S
20241011;101418;1316.8;1;11286897308;S
20241011;101418;1316.4;1;11286897309;S
20241011;101418;1316;16;11286897310;S
20241011;101420;1318.2;7;11286897432;B
20241011;101420;1318.4;4;11286897433;B
20241011;101420;1318.4;9;11286897438;S
20241011;101423;1317.8;1;11286897724;B
20241011;101423;1318;3;11286897725;B
20241011;101440;1318;3;11286899930;B
20241011;101450;1317.2;7;11286901705;S
20241011;101450;1316.4;1;11286901706;S
20241011;101450;1316;5;11286901707;S
20241011;101450;1316;12;11286901708;S
20241011;101457;1317.6;24;11286902813;B
20241011;101457;1317.8;6;11286902814;B
20241011;101502;1318;1;11286903552;B
20241011;101514;1317.4;9;11286906825;S
20241011;101516;1317.4;1;11286907684;S
20241011;101519;1317.4;10;11286908349;S
20241011;101524;1317.4;2;11286909642;S
20241011;101525;1318;2;11286909867;B
20241011;101525;1318.8;7;11286909868;B
20241011;101527;1318.8;1;11286910214;B
20241011;101527;1318.8;4;11286910277;B
20241011;101527;1318.8;1;11286910290;B
20241011;101527;1318.8;1;11286910302;B
20241011;101529;1318.6;1;11286910647;B
20241011;101529;1318.8;4;11286910667;B
20241011;101531;1318.8;9;11286911209;B
20241011;101532;1318.8;1;11286911377;B
20241011;101532;1317.4;1;11286911411;S
20241011;101533;1317.4;1;11286911744;S
20241011;101533;1318.8;1;11286911889;B
20241011;101536;1318.8;1;11286912543;B
20241011;101537;1317.4;18;11286912813;S
20241011;101538;1317.4;4;11286912924;S
20241011;101539;1318;1;11286913054;B
20241011;101541;1318;1;11286913499;B
20241011;101543;1317.4;8;11286913849;S
20241011;101543;1317.4;3;11286913934;S
20241011;101545;1317.4;1;11286914417;S
20241011;101547;1318;1;11286914734;B
20241011;101548;1318;3;11286914821;B
20241011;101548;1318;1;11286914877;B
20241011;101558;1317.4;19;11286916533;S
20241011;101559;1317.4;3;11286916626;S
20241011;101559;1317.4;5;11286916627;S
20241011;101559;1317.4;8;11286916628;S
20241011;101559;1317.4;2;11286916639;S
20241011;101611;1318;1;11286918579;B
20241011;101615;1318;20;11286919136;B
20241011;101623;1318;11;11286920019;B
20241011;101623;1318.6;9;11286920020;B
20241011;101638;1317;15;11286922286;S
20241011;101706;1318.6;1;11286925978;B
20241011;101706;1318.8;4;11286925979;B
20241011;101721;1318.8;2;11286927565;B
20241011;101734;1318.8;5;11286929316;B
20241011;101748;1318.6;2;11286931628;B
20241011;101755;1317.2;5;11286932534;S
20241011;101803;1317.2;7;11286933936;S
20241011;101803;1317;5;11286933937;S
20241011;101803;1317;47;11286933938;S
20241011;101803;1317;2;11286933939;S
20241011;101803;1317;9;11286933957;S
20241011;101803;1316.8;20;11286933958;S
20241011;101803;1316.6;30;11286933959;S
20241011;101809;1316.6;30;11286934617;S
20241011;101809;1316.4;5;11286934618;S
20241011;101809;1316.4;1;11286934619;S
20241011;101809;1316.4;25;11286934620;S
20241011;101809;1316.4;30;11286934621;S
20241011;101809;1316.2;1;11286934622;S
20241011;101809;1316.2;1;11286934623;S
20241011;101809;1316.2;25;11286934624;S
20241011;101809;1316.2;59;11286934625;S
20241011;101809;1316.2;4;11286934626;S
20241011;101809;1316.2;5;11286934627;S
20241011;101809;1316;21;11286934628;S
20241011;101814;1316.2;1;11286935381;S
20241011;101814;1316.2;1;11286935382;S
20241011;101814;1316.2;1;11286935383;S
20241011;101814;1316.2;10;11286935384;S
20241011;101814;1316;30;11286935385;S
20241011;101814;1316;8;11286935386;S
20241011;101815;1317.6;1;11286935579;B
20241011;101815;1317.8;5;11286935580;B
20241011;101815;1318;1;11286935581;B
20241011;101815;1318;3;11286935582;B
20241011;101828;1316.4;6;11286937249;S
20241011;101828;1316.4;5;11286937250;S
20241011;101828;1316.2;6;11286937251;S
20241011;101828;1316.2;2;11286937252;S
20241011;101830;1316.2;3;11286937593;S
20241011;101830;1316.2;5;11286937594;S
20241011;101830;1316;492;11286937595;S
20241011;101835;1316;12;11286938252;S
20241011;101835;1315.8;1;11286938253;S
20241011;101835;1315.8;7;11286938254;S
20241011;101835;1315.8;56;11286938255;S
20241011;101836;1316;39;11286938326;S
20241011;101836;1315.8;161;11286938327;S
20241011;101838;1315.8;232;11286938523;S
20241011;101838;1315.8;244;11286938578;S
20241011;101839;1315.8;50;11286938615;S
20241011;101839;1315.8;6;11286938618;S
20241011;101839;1315.8;55;11286938623;S
20241011;101839;1315.8;120;11286938629;S
20241011;101841;1315.8;6;11286938930;S
20241011;101841;1315.8;10;11286938936;S
20241011;101842;1315.8;22;11286939047;S
20241011;101842;1315.8;38;11286939058;S
20241011;101842;1315.4;200;11286939059;S
20241011;101842;1315.2;50;11286939060;S
20241011;101842;1315.2;3;11286939061;S
20241011;101842;1315;1;11286939062;S
20241011;101842;1315;10;11286939063;S
20241011;101842;1315;5;11286939064;S
20241011;101842;1315;3;11286939065;S
20241011;101842;1315;100;11286939066;S
20241011;101842;1315;3;11286939067;S
20241011;101842;1315;5;11286939068;S
20241011;101842;1315;20;11286939069;S
20241011;101842;1315;25;11286939070;S
20241011;101842;1314.8;200;11286939071;S
20241011;101842;1314.8;5;11286939072;S
20241011;101842;1314.6;5;11286939073;S
20241011;101842;1314.2;50;11286939074;S
20241011;101842;1314.2;20;11286939075;S
20241011;101842;1314.2;1;11286939076;S
20241011;101842;1314.2;6;11286939077;S
20241011;101842;1314;50;11286939078;S
20241011;101842;1314;20;11286939079;S
20241011;101842;1314;2;11286939080;S
20241011;101842;1313.8;2;11286939081;S
20241011;101842;1313.8;30;11286939082;S
20241011;101842;1313.8;5;11286939083;S
20241011;101842;1313.8;141;11286939084;S
20241011;101842;1313.6;15;11286939113;S
20241011;101843;1315;15;11286939248;S
20241011;101845;1316.4;1;11286939435;B
20241011;101847;1316.4;11;11286939710;B
20241011;101851;1315.2;10;11286940312;S
20241011;101851;1315;60;11286940313;S
20241011;101854;1315;5;11286940897;S
20241011;101854;1315;3;11286940898;S
20241011;101854;1314.6;1;11286940899;S
20241011;101900;1314;20;11286941802;S
20241011;101900;1315.8;1;11286941831;B
20241011;101904;1315.8;4;11286942486;B
20241011;101904;1316;21;11286942487;B
20241011;101905;1314.4;1;11286942581;S
20241011;101905;1314.2;1;11286942582;S
20241011;101905;1314.2;18;11286942583;S
20241011;101917;1314.2;3;11286944080;S
20241011;101917;1314.2;101;11286944081;S
20241011;101918;1315.4;1;11286944260;B
20241011;101919;1314.2;79;11286944320;S
20241011;101919;1314;10;11286944321;S
20241011;101919;1314;1;11286944368;B
20241011;101924;1314;200;11286945138;B
20241011;101925;1313.8;1;11286945168;B
20241011;101925;1314;606;11286945259;B
20241011;101927;1315.6;1;11286945482;B
20241011;101930;1315.6;5;11286945856;B
20241011;101930;1316.2;15;11286945857;B
20241011;101955;1314.6;70;11286948467;S
20241011;102002;1314.6;30;11286949171;S
20241011;102002;1314.2;15;11286949172;S
20241011;102007;1314.2;36;11286949861;S
20241011;102026;1314.2;143;11286953231;S
20241011;102026;1314;2;11286953232;S
20241011;102026;1314;5;11286953233;S
20241011;102026;1313.6;215;11286953234;S
20241011;102026;1313.6;3;11286953235;S
20241011;102026;1313.6;25;11286953236;S
20241011;102026;1313.4;100;11286953237;S
20241011;102026;1313.4;1;11286953238;S
20241011;102026;1313.4;1;11286953239;S
20241011;102026;1313.4;20;11286953240;S
20241011;102026;1313.2;41;11286953241;S
20241011;102035;1314.2;1;11286954321;B
20241011;102039;1313.8;15;11286954795;S
20241011;102039;1313.6;30;11286954796;S
20241011;102039;1313.4;7;11286954797;S
20241011;102039;1313.2;59;11286954798;S
20241011;102039;1313;12;11286954799;S
20241011;102039;1313;11;11286954800;S
20241011;102040;1313;50;11286954910;S
20241011;102040;1312.8;4;11286954911;S
20241011;102040;1312.8;25;11286954912;S
20241011;102040;1312.6;1;11286954913;S
20241011;102050;1313.2;2;11286956220;S
20241011;102055;1313.2;3;11286956763;S
20241011;102055;1313.2;1;11286956764;S
20241011;102055;1313;1;11286956765;S
20241011;102055;1312.8;27;11286956766;S
20241011;102055;1312.8;1;11286956767;S
20241011;102055;1312.6;166;11286956768;S
20241011;102055;1312.4;100;11286956769;S
20241011;102055;1312.4;20;11286956770;S
20241011;102055;1312.4;100;11286956771;S
20241011;102055;1312.4;25;11286956772;S
20241011;102055;1312.2;3;11286956773;S
20241011;102055;1312.2;30;11286956774;S
20241011;102055;1312;1;11286956775;S
20241011;102055;1312;1;11286956776;S
20241011;102055;1312;2;11286956777;S
20241011;102055;1312;20;11286956778;S
20241011;102055;1312;2;11286956779;S
20241011;102055;1311.8;2;11286956780;S
20241011;102055;1311.8;30;11286956781;S
20241011;102055;1311.8;3;11286956782;S
20241011;102055;1311.6;20;11286956783;S
20241011;102055;1311.4;20;11286956784;S
20241011;102055;1311.4;5;11286956785;S
20241011;102055;1311.2;150;11286956786;S
20241011;102055;1311.2;30;11286956787;S
20241011;102055;1311;35;11286956788;S
20241011;102055;1311;50;11286956789;S
20241011;102055;1311;20;11286956790;S
20241011;102055;1311;5;11286956791;S
20241011;102055;1310.8;150;11286956792;S
20241011;102055;1310.8;5;11286956793;S
20241011;102055;1310.6;30;11286956794;S
20241011;102055;1310.6;50;11286956795;S
20241011;102055;1310.6;5;11286956796;S
20241011;102055;1310.4;8;11286956797;S
20241011;102055;1310.4;3;11286956798;S
20241011;102055;1310.4;100;11286956799;S
20241011;102055;1310.4;100;11286956800;S
20241011;102055;1310.2;100;11286956801;S
20241011;102055;1310.2;5;11286956802;S
20241011;102055;1310.2;114;11286956803;S
20241011;102055;1310.4;30;11286956805;S
20241011;102055;1310.4;10;11286956813;S
20241011;102055;1312;2;11286956882;S
20241011;102055;1311;25;11286956883;S
20241011;102055;1310.4;3;11286956884;S
20241011;102056;1310.4;1;11286956972;S
20241011;102058;1311;20;11286957325;S
20241011;102058;1310.8;30;11286957326;S
20241011;102058;1310.8;25;11286957327;S
20241011;102058;1310.4;25;11286957328;S
20241011;102101;1312.4;1;11286957758;B
20241011;102108;1311.8;2;11286958937;B
20241011;102112;1310.8;1;11286959817;S
20241011;102112;1310.8;4;11286959818;S
20241011;102113;1311.6;1;11286960006;B
20241011;102113;1311.6;1;11286960007;B
20241011;102113;1311.8;2;11286960008;B
20241011;102113;1312;26;11286960009;B
20241011;102117;1311.8;1;11286960882;B
20241011;102120;1311;10;11286961480;S
20241011;102120;1310.8;26;11286961481;S
20241011;102120;1310.8;2;11286961482;S
20241011;102120;1310.6;6;11286961483;S
20241011;102120;1310.6;6;11286961484;S
20241011;102120;1310.6;25;11286961485;S
20241011;102120;1310.4;2;11286961486;S
20241011;102120;1310.4;1;11286961487;S
20241011;102120;1310.4;49;11286961488;S
20241011;102120;1310.2;23;11286961489;S
20241011;102121;1310.2;63;11286961511;S
20241011;102121;1310.2;10;11286961512;S
20241011;102121;1310.2;10;11286961513;S
20241011;102121;1310.2;1;11286961514;S
20241011;102121;1310.2;1;11286961515;S
20241011;102121;1310.2;1;11286961516;S
20241011;102121;1310.2;14;11286961517;S
20241011;102122;1310;5;11286961663;S
20241011;102123;1310.8;6;11286961721;S
20241011;102127;1311.2;1;11286962960;B
20241011;102128;1310.8;1;11286963375;S
20241011;102128;1310.8;1;11286963524;S
20241011;102136;1311;1;11286966782;B
20241011;102137;1311.2;2;11286967397;B
20241011;102137;1311.4;2;11286967398;B
20241011;102138;1310.8;42;11286967608;S
20241011;102138;1310.2;1;11286967609;S
20241011;102138;1310;157;11286967610;S
20241011;102139;1310;2;11286968085;S
20241011;102140;1310;2577;11286968825;S
20241011;102140;1310;4;11286968826;S
20241011;102140;1310;1520;11286968827;S
20241011;102140;1310;5;11286968828;S
20241011;102140;1310;100;11286968829;S
20241011;102140;1310;10;11286968830;S
20241011;102140;1310;15;11286968831;S
20241011;102140;1310;100;11286968832;S
20241011;102140;1310;40;11286968833;S
20241011;102140;1310;30;11286968834;S
20241011;102140;1310;20;11286968835;S
20241011;102140;1310;30;11286968836;S
20241011;102140;1310;2;11286968837;S
20241011;102140;1310;50;11286968838;S
20241011;102140;1310;50;11286968839;S
20241011;102140;1310;200;11286968840;S
20241011;102140;1310;2;11286968841;S
20241011;102140;1310;10;11286968842;S
20241011;102140;1310;5;11286968843;S
20241011;102140;1310;2;11286968844;S
20241011;102140;1310;100;11286968845;S
20241011;102140;1310;12;11286968846;S
20241011;102140;1310;10;11286968847;S
20241011;102140;1310;1;11286968848;S
20241011;102140;1310;5;11286968849;S
20241011;102141;1310;150;11286969171;S
20241011;102141;1310;109;11286969197;S
20241011;102141;1310;31;11286969198;S
20241011;102141;1310;90;11286969207;S
20241011;102141;1310;3;11286969228;S
20241011;102142;1310;150;11286969590;S
20241011;102143;1310;20;11286970242;S
20241011;102143;1310;86;11286970250;S
20241011;102143;1310;114;11286970251;S
20241011;102146;1310.4;15;11286971337;B
20241011;102146;1310;12;11286971402;S
20241011;102152;1310.6;8;11286974019;B
20241011;102153;1311;10;11286974228;B
20241011;102153;1311.2;24;11286974229;B
20241011;102154;1311.8;4;11286974422;B
20241011;102155;1310.8;1;11286974472;S
20241011;102155;1310.8;4;11286974473;S
20241011;102155;1310.8;1;11286974478;S
20241011;102155;1310.8;10;11286974539;S
20241011;102155;1310.8;50;11286974540;S
20241011;102157;1311.8;2;11286974752;B
20241011;102157;1311.8;30;11286974753;B
20241011;102157;1312;6;11286974754;B
20241011;102157;1312.2;12;11286974755;B
20241011;102157;1312.2;1;11286974843;B
20241011;102201;1311.2;4;11286975466;S
20241011;102201;1311.2;16;11286975531;S
20241011;102201;1311;1;11286975532;S
20241011;102201;1310.8;13;11286975533;S
20241011;102201;1310.8;24;11286975534;S
20241011;102201;1310.6;10;11286975535;S
20241011;102201;1310.6;36;11286975536;S
20241011;102202;1312.4;1;11286975793;B
20241011;102206;1311;1;11286976433;S
20241011;102206;1310.8;1;11286976434;S
20241011;102208;1311;7;11286976947;S
20241011;102208;1310.8;1;11286976948;S
20241011;102208;1310.6;22;11286976949;S
20241011;102212;1310.8;1;11286978022;S
20241011;102212;1310.6;40;11286978023;S
20241011;102212;1310.6;1;11286978024;S
20241011;102212;1310.6;15;11286978025;S
20241011;102213;1310.4;1;11286978154;S
20241011;102213;1310.4;5;11286978155;S
20241011;102213;1310.4;25;11286978156;S
20241011;102213;1310.2;75;11286978157;S
20241011;102213;1310.2;49;11286978158;S
20241011;102214;1310.4;1;11286978866;S
20241011;102214;1310.2;26;11286978867;S
20241011;102214;1310.2;14;11286978868;S
20241011;102214;1310.2;1;11286978869;S
20241011;102214;1310.2;1;11286978870;S
20241011;102214;1310.2;1;11286978871;S
20241011;102214;1310.2;1;11286978872;S
20241011;102214;1310.2;1;11286978873;S
20241011;102214;1310.2;1;11286978874;S
20241011;102214;1310;180;11286978875;S
20241011;102215;1310.2;1;11286978910;B
20241011;102215;1310.6;20;11286979133;B
20241011;102217;1310.2;1;11286979437;S
20241011;102217;1310.2;1;11286979438;S
20241011;102217;1310;72;11286979439;S
20241011;102217;1310;43;11286979875;S
20241011;102224;1310.2;1;11286980970;S
20241011;102224;1310.2;6;11286980971;S
20241011;102224;1310.2;1;11286980972;S
20241011;102230;1310.4;1;11286982169;B
20241011;102237;1310.2;1;11286983511;S
20241011;102237;1310.2;1;11286983512;S
20241011;102237;1310.2;1;11286983513;S
20241011;102237;1310.2;22;11286983514;S
20241011;102237;1310;179;11286983515;S
20241011;102237;1310;100;11286983516;S
20241011;102237;1310;296;11286983517;S
20241011;102243;1310.6;23;11286985020;B
20241011;102243;1311;10;11286985021;B
20241011;102243;1311.4;1;11286985022;B
20241011;102243;1311.4;16;11286985023;B
20241011;102244;1310.4;10;11286985123;S
20241011;102244;1310.4;16;11286985124;S
20241011;102244;1310.4;12;11286985125;S
20241011;102244;1310.2;39;11286985126;S
20241011;102244;1310.2;1;11286985439;S
20241011;102244;1310.2;5;11286985440;S
20241011;102244;1310.2;34;11286985441;S
20241011;102252;1311.4;10;11286988092;B
20241011;102255;1311.4;190;11286989059;S
20241011;102255;1310.4;1;11286989060;S
20241011;102255;1310.4;3;11286989061;S
20241011;102255;1310.4;1;11286989062;S
20241011;102255;1310.4;6;11286989063;S
20241011;102255;1310.4;25;11286989064;S
20241011;102255;1310.2;24;11286989065;S
20241011;102255;1311.6;5;11286989144;B
20241011;102255;1312;5;11286989145;B
20241011;102300;1311.4;1;11286991673;B
20241011;102300;1311.4;3;11286991674;B
20241011;102300;1311.6;52;11286991675;B
20241011;102300;1311.8;2;11286991676;B
20241011;102305;1311;20;11286993658;B
20241011;102307;1311;2;11286994775;B
20241011;102309;1311;17;11286995389;B
20241011;102309;1311;3;11286995390;B
20241011;102310;1311;2;11286996116;B
20241011;102310;1311;30;11286996126;B
20241011;102311;1310.4;10;11286996313;S
20241011;102311;1310.4;57;11286996314;S
20241011;102311;1310.4;1;11286996315;S
20241011;102311;1310.4;2;11286996316;S
20241011;102313;1311;3;11286997025;S
20241011;102314;1311;2;11286997848;S
20241011;102318;1311;1;11286999654;S
20241011;102318;1310.6;1;11286999655;S
20241011;102318;1310.6;2;11286999656;S
20241011;102318;1310.4;2;11286999657;S
20241011;102318;1310.4;9;11286999658;S
20241011;102318;1310.4;2;11286999659;S
20241011;102318;1310.4;1;11286999660;S
20241011;102318;1310.4;2;11286999661;S
20241011;102318;1310.4;50;11286999662;S
20241011;102318;1310.4;10;11286999663;S
20241011;102318;1310.4;1;11286999664;S
20241011;102318;1310.2;119;11286999665;S
20241011;102328;1311;8;11287003576;B
20241011;102329;1311;2;11287003982;B
20241011;102330;1311;1;11287004488;B
20241011;102331;1311;12;11287004954;B
20241011;102331;1311;9;11287004955;B
20241011;102331;1311;20;11287004956;B
20241011;102331;1311.2;9;11287004957;B
20241011;102334;1310.6;10;11287006216;S
20241011;102334;1310.6;3;11287006217;S
20241011;102338;1310.6;2;11287007988;S
20241011;102338;1310.4;9;11287007989;S
20241011;102338;1310.4;6;11287007990;S
20241011;102338;1310.2;23;11287007991;S
20241011;102338;1310.2;1;11287007992;S
20241011;102338;1310.2;1;11287007993;S
20241011;102338;1310.2;200;11287007994;S
20241011;102338;1310.2;5;11287007995;S
20241011;102338;1310.2;6;11287007996;S
20241011;102338;1310.2;1;11287007997;S
20241011;102338;1310.2;41;11287007998;S
20241011;102338;1310;41;11287007999;S
20241011;102342;1311;20;11287009489;B
20241011;102342;1310.2;13;11287009656;S
20241011;102347;1311;1;11287012142;B
20241011;102347;1311;7;11287012143;B
20241011;102350;1310.8;5;11287013577;B
20241011;102351;1310.4;1;11287013987;S
20241011;102351;1310.4;1;11287013988;S
20241011;102351;1310.4;5;11287013989;S
20241011;102351;1310.2;7;11287013990;S
20241011;102351;1310.2;1;11287013991;S
20241011;102351;1310;43;11287013992;S
20241011;102351;1310;2;11287013993;S
20241011;102351;1310;190;11287013994;S
20241011;102352;1310.8;1;11287014231;B
20241011;102352;1311;44;11287014232;B
20241011;102352;1311.4;1;11287014233;B
20241011;102352;1311.4;5;11287014234;B
20241011;102352;1311.6;57;11287014235;B
20241011;102352;1311.8;30;11287014236;B
20241011;102352;1311.8;5;11287014237;B
20241011;102352;1312;10;11287014238;B
20241011;102352;1312;25;11287014239;B
20241011;102352;1312;1;11287014240;B
20241011;102352;1312;1;11287014241;B
20241011;102352;1312;1;11287014242;B
20241011;102352;1312.2;10;11287014243;B
20241011;102352;1312.4;30;11287014244;B
20241011;102352;1312.6;5;11287014245;B
20241011;102352;1312.6;30;11287014246;B
20241011;102352;1312.6;1;11287014247;B
20241011;102352;1313;24;11287014248;B
20241011;102352;1313.2;57;11287014249;B
20241011;102352;1313.4;5;11287014250;B
20241011;102352;1313.4;30;11287014251;B
20241011;102352;1313.4;30;11287014252;B
20241011;102352;1313.6;5;11287014253;B
20241011;102352;1313.6;50;11287014254;B
20241011;102352;1313.8;10;11287014255;B
20241011;102352;1314;30;11287014256;B
20241011;102352;1314;48;11287014257;B
20241011;102352;1314;10;11287014275;S
20241011;102357;1311.8;1;11287014915;S
20241011;102357;1311.8;24;11287014916;S
20241011;102357;1311.6;57;11287014917;S
20241011;102357;1311.4;4;11287014918;S
20241011;102357;1311.2;48;11287014919;S
20241011;102357;1311.2;25;11287014920;S
20241011;102357;1310.8;1;11287014921;S
20241011;102357;1310.6;20;11287014922;S
20241011;102404;1311;50;11287016296;S
20241011;102404;1310.8;5;11287016297;S
20241011;102404;1310.8;1;11287016298;S
20241011;102404;1310.6;37;11287016299;S
20241011;102404;1310.4;50;11287016300;S
20241011;102404;1310.4;6;11287016301;S
20241011;102404;1310.4;50;11287016302;S
20241011;102404;1310.2;1;11287016303;S
20241011;102404;1310.2;5;11287016304;S
20241011;102404;1310.2;1;11287016305;S
20241011;102404;1310.2;1;11287016306;S
20241011;102404;1310;40;11287016307;S
20241011;102404;1310;1;11287016308;S
20241011;102404;1310;3;11287016309;S
20241011;102404;1310;3;11287016310;S
20241011;102404;1310;50;11287016311;S
20241011;102404;1310;1;11287016312;S
20241011;102404;1310;1;11287016313;S
20241011;102404;1310;50;11287016314;S
20241011;102404;1310;600;11287016315;S
20241011;102404;1310;2;11287016316;S
20241011;102404;1310;1;11287016317;S
20241011;102404;1310;41;11287016318;S
20241011;102405;1310.2;1;11287016386;S
20241011;102405;1310;8;11287016387;S
20241011;102406;1310;331;11287016566;S
20241011;102406;1310;6;11287016567;S
20241011;102406;1310;5;11287016568;S
20241011;102406;1310;9;11287016569;S
20241011;102406;1310;205;11287016570;S
20241011;102407;1310;20;11287016651;S
20241011;102412;1311;1;11287017297;B
20241011;102412;1311.6;10;11287017298;B
20241011;102412;1311.6;5;11287017299;B
20241011;102412;1312;10;11287017300;B
20241011;102412;1312.2;57;11287017301;B
20241011;102412;1312.2;25;11287017302;B
20241011;102412;1312.4;1;11287017303;B
20241011;102412;1312.4;30;11287017304;B
20241011;102412;1312.6;24;11287017305;B
20241011;102412;1313;10;11287017306;B
20241011;102412;1313.4;1;11287017307;B
20241011;102412;1313.4;57;11287017308;B
20241011;102412;1313.6;30;11287017309;B
20241011;102412;1313.6;239;11287017310;B
20241011;102413;1311.4;6;11287017331;B
20241011;102414;1313;1;11287017582;B
20241011;102414;1313;25;11287017583;B
20241011;102414;1313.2;1;11287017584;B
20241011;102414;1313.2;9;11287017585;B
20241011;102414;1313.2;15;11287017586;B
20241011;102414;1313.4;50;11287017587;B
20241011;102414;1313.8;4;11287017588;B
20241011;102414;1313.8;22;11287017589;B
20241011;102414;1313.8;25;11287017590;B
20241011;102414;1314;11;11287017591;B
20241011;102414;1314;1;11287017592;B
20241011;102414;1314;28;11287017593;B
20241011;102417;1312.4;15;11287017868;S
20241011;102417;1312.2;35;11287017869;S
20241011;102417;1312.2;2;11287017874;S
20241011;102421;1312.6;76;11287018357;S
20241011;102421;1312.4;14;11287018358;S
20241011;102424;1313.8;5;11287018923;B
20241011;102424;1314.2;5;11287018924;B
20241011;102424;1314.2;1;11287018925;B
20241011;102424;1314.4;5;11287018926;B
20241011;102424;1314.6;8;11287018927;B
20241011;102427;1312.6;28;11287019222;S
20241011;102427;1312.6;22;11287019223;S
20241011;102433;1313.2;1;11287019959;S
20241011;102433;1313;5;11287019960;S
20241011;102433;1312.8;19;11287019961;S
20241011;102436;1312.8;6;11287020428;S
20241011;102436;1312.6;24;11287020429;S
20241011;102436;1312.4;1;11287020430;S
20241011;102436;1311.8;9;11287020431;S
20241011;102437;1311.8;26;11287020476;S
20241011;102437;1311.6;10;11287020477;S
20241011;102437;1311.4;14;11287020478;S
20241011;102441;1311.8;125;11287020994;S
20241011;102441;1311.4;4;11287020995;S
20241011;102441;1311.2;119;11287020996;S
20241011;102441;1311.2;30;11287020997;S
20241011;102441;1311;14;11287020998;S
20241011;102446;1311;47;11287021734;S
20241011;102448;1311;14;11287021914;S
20241011;102449;1311;25;11287021974;S
20241011;102456;1311;39;11287023060;S
20241011;102456;1311;3;11287023061;S
20241011;102501;1311;5;11287024525;B
20241011;102501;1311;7;11287024600;B
20241011;102505;1311;1;11287025428;B
20241011;102506;1310.6;5;11287025645;S
20241011;102506;1310.6;5;11287025646;S
20241011;102506;1310.6;5;11287025647;S
20241011;102506;1310.6;5;11287025648;S
20241011;102506;1310.6;15;11287025649;S
20241011;102508;1310.6;39;11287025950;B
20241011;102508;1311;31;11287025951;B
20241011;102511;1310.6;1;11287026497;S
20241011;102511;1310.4;1;11287026498;S
20241011;102511;1310.4;8;11287026499;S
20241011;102520;1310.8;1;11287027513;B
20241011;102520;1311;84;11287027514;B
20241011;102520;1311;100;11287027515;B
20241011;102520;1311.2;50;11287027516;B
20241011;102520;1311.6;30;11287027517;B
20241011;102520;1311.8;19;11287027518;B
20241011;102521;1312;6;11287027656;B
20241011;102527;1312.4;50;11287028419;B
20241011;102527;1312.4;1;11287028443;B
20241011;102529;1312.6;1;11287028917;B
20241011;102533;1312.6;1;11287029454;B
20241011;102539;1312.6;2;11287030163;B
20241011;102539;1312.8;4;11287030164;B
20241011;102539;1312.8;5;11287030165;B
20241011;102539;1313;9;11287030166;B
20241011;102543;1312.8;1;11287030494;B
20241011;102543;1313;4;11287030495;B
20241011;102554;1312.8;1;11287031714;B
20241011;102554;1312.8;1;11287031715;B
20241011;102554;1312.8;1;11287031716;B
20241011;102554;1312.8;1;11287031717;B
20241011;102554;1312.8;1;11287031718;B
20241011;102554;1312.8;46;11287031719;B
20241011;102554;1313;249;11287031720;B
20241011;102601;1312.8;1;11287032689;B
20241011;102601;1312.8;10;11287032709;B
20241011;102601;1313;5;11287032710;B
20241011;102622;1312.8;1;11287036475;B
20241011;102622;1313;476;11287036476;B
20241011;102624;1312.6;1;11287036757;S
20241011;102624;1312.6;1;11287036758;S
20241011;102624;1312.4;7;11287036759;S
20241011;102628;1312.4;2;11287037317;S
20241011;102628;1313;254;11287037431;B
20241011;102628;1313.2;10;11287037434;B
20241011;102628;1313.4;24;11287037435;B
20241011;102628;1314;6;11287037445;B
20241011;102628;1314.4;1;11287037452;B
20241011;102628;1314.4;1;11287037453;B
20241011;102629;1314;20;11287037474;S
20241011;102629;1313.2;76;11287037475;S
20241011;102629;1313.2;4;11287037476;S
20241011;102632;1313.4;3;11287038021;S
20241011;102632;1313.4;1;11287038022;S
20241011;102632;1313.2;53;11287038023;S
20241011;102632;1313.2;43;11287038024;S
20241011;102633;1314.4;1;11287038091;B
20241011;102633;1314.4;4;11287038092;B
20241011;102636;1313.2;7;11287038701;S
20241011;102636;1313.2;10;11287038702;S
20241011;102636;1313;12;11287038703;S
20241011;102639;1314;1;11287039334;B
20241011;102639;1314.2;3;11287039335;B
20241011;102639;1314.2;7;11287039336;B
20241011;102639;1314.4;1;11287039337;B
20241011;102639;1314.4;5;11287039338;B
20241011;102639;1314.4;10;11287039339;B
20241011;102639;1314.6;1;11287039340;B
20241011;102643;1314.4;1;11287039877;B
20241011;102643;1314.4;4;11287039878;B
20241011;102643;1314.4;40;11287039968;B
20241011;102643;1314.4;3;11287040019;B
20241011;102645;1314.4;1;11287040244;B
20241011;102654;1313.6;48;11287041146;S
20241011;102654;1313.4;10;11287041147;S
20241011;102654;1313.4;7;11287041148;S
20241011;102654;1313.4;10;11287041149;S
20241011;102654;1313.2;50;11287041150;S
20241011;102654;1313;909;11287041151;S
20241011;102702;1313.2;1;11287042132;S
20241011;102702;1313;4;11287042133;S
20241011;102702;1313;5;11287042181;S
20241011;102702;1313;7;11287042188;S
20241011;102702;1313;3;11287042198;S
20241011;102702;1312.6;2;11287042199;S
20241011;102702;1312.6;5;11287042245;S
20241011;102705;1312.6;2;11287042610;S
20241011;102706;1312.6;15;11287042722;S
20241011;102706;1312.6;5;11287042723;S
20241011;102706;1313.2;5;11287042858;B
20241011;102706;1313.2;5;11287042859;B
20241011;102707;1312.4;90;11287042919;S
20241011;102707;1312.4;1;11287042920;S
20241011;102709;1312;35;11287043150;S
20241011;102709;1312;10;11287043151;S
20241011;102717;1312;5;11287044107;S
20241011;102717;1311.2;4;11287044108;S
20241011;102718;1312.2;5;11287044187;B
20241011;102718;1312.4;5;11287044188;B
20241011;102722;1312.4;1;11287044737;B
20241011;102725;1312.2;1;11287045193;B
20241011;102725;1312.2;1;11287045194;B
20241011;102725;1312.4;51;11287045195;B
20241011;102725;1312.4;76;11287045196;B
20241011;102725;1312.6;35;11287045197;B
20241011;102725;1312.8;25;11287045198;B
20241011;102725;1313;5;11287045199;B
20241011;102725;1313;14;11287045200;B
20241011;102725;1313.2;30;11287045201;B
20241011;102725;1313.4;5;11287045202;B
20241011;102725;1313.4;24;11287045203;B
20241011;102725;1313.4;3;11287045204;B
20241011;102725;1313.6;1;11287045205;B
20241011;102725;1313.6;30;11287045206;B
20241011;102725;1313.6;57;11287045207;B
20241011;102725;1314;48;11287045208;B
20241011;102725;1314;94;11287045209;B
20241011;102725;1312.2;1;11287045219;B
20241011;102727;1312.4;25;11287045669;B
20241011;102738;1312.8;4;11287047116;S
20241011;102749;1312.8;1;11287048611;S
20241011;102749;1312.8;2;11287048612;S
20241011;102802;1313;1;11287050394;S
20241011;102802;1312.8;48;11287050395;S
20241011;102802;1312.8;2;11287050396;S
20241011;102802;1312.6;24;11287050397;S
20241011;102802;1312.6;57;11287050398;S
20241011;102802;1312.4;18;11287050399;S
20241011;102803;1312.8;1;11287050694;B
20241011;102809;1313.4;2;11287051916;B
20241011;102809;1313.6;1;11287051917;B
20241011;102809;1313.6;5;11287051918;B
20241011;102809;1313.6;11;11287051919;B
20241011;102809;1313.8;5;11287051920;B
20241011;102809;1313.8;5;11287051921;B
20241011;102809;1313.8;1;11287051922;B
20241011;102814;1313;1;11287052681;B
20241011;102814;1313;10;11287052760;B
20241011;102821;1313;15;11287053640;B
20241011;102822;1313;24;11287053750;B
20241011;102822;1313;5;11287053751;B
20241011;102826;1312.6;1;11287054400;S
20241011;102831;1312.6;28;11287055064;S
20241011;102844;1313.8;4;11287057260;B
20241011;102844;1314;1;11287057261;B
20241011;102844;1314;1;11287057262;B
20241011;102844;1314;4;11287057263;B
20241011;102847;1314;6;11287057917;B
20241011;102847;1314;57;11287057918;B
20241011;102847;1314;29;11287057919;B
20241011;102847;1314;58;11287057920;B
20241011;102856;1312.8;1;11287059680;S
20241011;102856;1312.8;1;11287059681;S
20241011;102856;1314;59;11287059735;B
20241011;102857;1314;83;11287059771;B
20241011;102857;1314.2;30;11287059772;B
20241011;102857;1314.2;30;11287059828;B
20241011;102900;1314;1;11287060181;B
20241011;102900;1314.2;12;11287060182;B
20241011;102900;1314.4;7;11287060183;B
20241011;102902;1314.4;1;11287060458;B
20241011;102905;1314.6;6;11287061141;B
20241011;102905;1314.6;3;11287061142;B
20241011;102905;1314.8;17;11287061143;B
20241011;102912;1314.6;1;11287062381;B
20241011;102912;1314.8;7;11287062382;B
20241011;102912;1315;10;11287062383;B
20241011;102912;1315;17;11287062384;B
20241011;102919;1314.8;5;11287063207;B
20241011;102919;1315;1;11287063208;B
20241011;102919;1315;11;11287063209;B
20241011;102922;1314.8;1;11287063506;B
20241011;102922;1314.8;1;11287063507;B
20241011;102922;1315;18;11287063508;B
20241011;102923;1314.8;1;11287063766;B
20241011;102923;1314.8;1;11287063767;B
20241011;102924;1315;71;11287063919;B
20241011;102924;1315;5;11287063920;B
20241011;102924;1315.2;5;11287063921;B
20241011;102924;1315.4;56;11287063922;B
20241011;102924;1315.6;28;11287063923;B
20241011;102924;1315;1;11287063931;S
20241011;102925;1315.6;4;11287064110;B
20241011;102929;1315.6;1;11287064701;B
20241011;102931;1315.2;5;11287064973;B
20241011;102931;1315.4;1;11287064974;B
20241011;102931;1315.6;14;11287064975;B
20241011;102932;1315.6;1;11287065086;B
20241011;102938;1315.2;1;11287065747;B
20241011;102938;1315.4;5;11287065748;B
20241011;102938;1315.6;2;11287065749;B
20241011;102938;1315.6;2;11287065750;B
20241011;102939;1315.6;1;11287065868;B
20241011;102940;1315.6;2;11287065925;B
20241011;102940;1315.6;1;11287065926;B
20241011;102940;1315.4;1;11287065989;B
20241011;102945;1315.2;1;11287066570;B
20241011;102945;1315.4;4;11287066571;B
20241011;102945;1315.6;56;11287066572;B
20241011;102945;1315.8;50;11287066573;B
20241011;102945;1315.8;26;11287066574;B
20241011;102945;1316;1;11287066575;B
20241011;102945;1316;300;11287066576;B
20241011;102945;1316;25;11287066577;B
20241011;102945;1316.2;5;11287066578;B
20241011;102945;1316.4;30;11287066579;B
20241011;102945;1316.6;502;11287066580;B
20241011;102945;1316.8;4;11287066586;B
20241011;102948;1315.6;15;11287066904;S
20241011;102948;1315.2;57;11287066905;S
20241011;102948;1315.2;57;11287066906;S
20241011;102948;1315.2;76;11287066907;S
20241011;102948;1315;95;11287066908;S
20241011;102948;1316.6;1;11287066916;B
20241011;102948;1316.6;4;11287066917;B
20241011;102952;1316;1;11287067558;B
20241011;102952;1316.2;53;11287067559;B
20241011;102952;1316.4;25;11287067560;B
20241011;102952;1316.4;21;11287067561;B
20241011;102956;1316.4;36;11287067873;B
20241011;102956;1316.4;1;11287067874;B
20241011;102956;1316.6;5;11287067875;B
20241011;102956;1316.6;78;11287067876;B
20241011;102956;1316.8;30;11287067907;B
20241011;102958;1316.8;154;11287068142;B
20241011;102958;1316.8;11;11287068234;B
20241011;103000;1316.6;1;11287068422;S
20241011;103001;1316.6;1;11287068583;S
20241011;103004;1316.6;19;11287068874;B
20241011;103004;1316.8;30;11287068875;B
20241011;103004;1316.8;5;11287068876;B
20241011;103005;1316.8;57;11287068997;S
20241011;103005;1316.4;3;11287068998;S
20241011;103005;1315.6;1;11287068999;S
20241011;103005;1315.6;50;11287069000;S
20241011;103005;1315.4;5;11287069001;S
20241011;103005;1315.4;13;11287069002;S
20241011;103005;1315.2;57;11287069003;S
20241011;103005;1315.2;76;11287069004;S
20241011;103005;1315.2;4;11287069005;S
20241011;103005;1315;34;11287069006;S
20241011;103005;1316.4;10;11287069039;B
20241011;103008;1316.6;10;11287069326;B
20241011;103010;1316.6;26;11287069543;B
20241011;103011;1316.6;1;11287069642;B
20241011;103013;1316.8;97;11287069864;B
20241011;103013;1317;3;11287069865;B
20241011;103017;1317;2;11287070292;B
20241011;103024;1316.6;6;11287071415;S
20241011;103024;1316.6;10;11287071416;S
20241011;103024;1316.6;1;11287071417;S
20241011;103024;1316.6;3;11287071418;S
20241011;103024;1316;20;11287071419;S
20241011;103024;1316;5;11287071420;S
20241011;103024;1316;3;11287071421;S
20241011;103024;1315.4;10;11287071422;S
20241011;103024;1315.2;46;11287071423;S
20241011;103024;1315.2;57;11287071424;S
20241011;103024;1315;94;11287071425;S
20241011;103024;1315;20;11287071426;S
20241011;103024;1315;5;11287071427;S
20241011;103024;1315;1;11287071428;S
20241011;103024;1315;5;11287071429;S
20241011;103024;1315;10;11287071430;S
20241011;103024;1315;1;11287071498;B
20241011;103025;1315;2;11287071546;B
20241011;103025;1315;1;11287071550;B
20241011;103032;1315.6;1;11287072394;B
20241011;103032;1315.8;2;11287072395;B
20241011;103040;1314.6;1;11287073421;S
20241011;103040;1314.4;5;11287073422;S
20241011;103040;1314;2;11287073423;S
20241011;103040;1313.8;22;11287073424;S
20241011;103041;1315.6;1;11287073584;B
20241011;103042;1315.6;4;11287073693;B
20241011;103042;1315.8;25;11287073694;B
20241011;103042;1315.8;1;11287073695;B
20241011;103045;1315.6;1;11287074050;B
20241011;103045;1315.6;5;11287074051;B
20241011;103045;1315.8;56;11287074052;B
20241011;103045;1316;10;11287074053;B
20241011;103045;1316;25;11287074054;B
20241011;103046;1316;75;11287074160;S
20241011;103046;1316;100;11287074200;S
20241011;103051;1316.2;5;11287074808;B
20241011;103051;1316.4;10;11287074809;B
20241011;103051;1316.6;76;11287074810;B
20241011;103051;1316.6;57;11287074811;B
20241011;103051;1316.8;52;11287074812;B
20241011;103055;1316.2;5;11287075261;S
20241011;103055;1316;228;11287075262;S
20241011;103105;1315.8;20;11287076349;B
20241011;103109;1315;1;11287076844;S
20241011;103109;1315;10;11287076845;S
20241011;103109;1314.4;20;11287076846;S
20241011;103109;1314;5;11287076847;S
20241011;103109;1313.8;14;11287076848;S
20241011;103122;1315;1;11287078126;B
20241011;103128;1315;2;11287078694;B
20241011;103129;1314;1;11287078779;S
20241011;103145;1314;1;11287080921;S
20241011;103145;1314;4;11287080922;S
20241011;103145;1314;5;11287080948;S
20241011;103145;1314;1;11287080979;S
20241011;103145;1314;2;11287080980;S
20241011;103145;1313.8;2;11287080981;S
20241011;103145;1313.8;5;11287080983;S
20241011;103145;1313.6;10;11287080984;S
20241011;103145;1313.2;5;11287080985;S
20241011;103145;1313;43;11287080986;S
20241011;103145;1313;46;11287080987;S
20241011;103145;1313;5;11287081007;S
20241011;103147;1314;2;11287081148;S
20241011;103149;1314;3;11287081498;B
20241011;103207;1314.4;5;11287083511;B
20241011;103207;1314.6;3;11287083512;B
20241011;103218;1314.6;2;11287084916;B
20241011;103218;1314.6;10;11287084917;B
20241011;103222;1315;2;11287085441;B
20241011;103225;1315;20;11287085830;B
20241011;103233;1315;1;11287086708;B
20241011;103255;1315;50;11287088846;B
20241011;103305;1315;50;11287089778;B
20241011;103312;1315;10;11287090774;B
20241011;103321;1315;8;11287091841;B
20241011;103332;1314.8;1;11287093226;B
20241011;103337;1314.8;1;11287093732;B
20241011;103338;1314.8;18;11287093848;B
20241011;103338;1314.8;20;11287093849;B
20241011;103338;1315;2;11287093850;B
20241011;103339;1315;1;11287093975;B
20241011;103343;1314.8;10;11287094502;S
20241011;103345;1314.8;5;11287094682;S
20241011;103349;1315;100;11287095210;B
20241011;103350;1315;12;11287095417;B
20241011;103358;1315;6;11287096573;B
20241011;103358;1315;3;11287096574;B
20241011;103400;1314.6;1;11287096708;S
20241011;103412;1314.6;9;11287098118;S
20241011;103412;1314.6;3;11287098119;S
20241011;103412;1314.6;8;11287098120;S
20241011;103412;1314.2;1;11287098121;S
20241011;103412;1314.2;76;11287098122;S
20241011;103412;1314.2;5;11287098123;S
20241011;103412;1314;32;11287098124;S
20241011;103412;1314;10;11287098125;S
20241011;103412;1314;100;11287098126;S
20241011;103412;1314;30;11287098127;S
20241011;103412;1314;2;11287098128;S
20241011;103422;1314;10;11287099331;B
20241011;103427;1314;1;11287100063;S
20241011;103428;1315;9;11287100078;B
20241011;103428;1315;1;11287100079;B
20241011;103428;1315.4;20;11287100080;B
20241011;103428;1314.2;76;11287100089;S
20241011;103428;1314;89;11287100090;S
20241011;103437;1314;5;11287101856;B
20241011;103441;1313.4;20;11287102315;S
20241011;103441;1313.2;1;11287102316;S
20241011;103441;1313.2;17;11287102317;S
20241011;103441;1314;40;11287102407;B
20241011;103442;1314;2;11287102471;B
20241011;103443;1314;2;11287102605;B
20241011;103450;1313.2;5;11287103504;S
20241011;103450;1312.8;9;11287103505;S
20241011;103450;1312.8;10;11287103506;S
20241011;103450;1312.8;5;11287103507;S
20241011;103459;1312.8;50;11287104789;S
20241011;103459;1312.6;4;11287104790;S
20241011;103459;1312.6;1;11287104791;S
20241011;103459;1312.6;26;11287104792;S
20241011;103459;1312.6;6;11287104793;S
20241011;103459;1312.4;38;11287104794;S
20241011;103503;1313;2;11287105365;B
20241011;103504;1313;1;11287105432;B
20241011;103505;1313;7;11287105693;B
20241011;103509;1313;35;11287106217;S
20241011;103518;1313;4;11287107255;S
20241011;103518;1313;10;11287107263;S
20241011;103532;1313;200;11287108831;S
20241011;103534;1313.4;1;11287109082;B
20241011;103537;1313.4;10;11287109518;B
20241011;103542;1313.4;1;11287109990;B
20241011;103548;1313.4;5;11287110439;B
20241011;103548;1313.4;3;11287110440;B
20241011;103548;1313.6;2;11287110441;B
20241011;103554;1313;40;11287111216;S
20241011;103604;1314;14;11287112355;B
20241011;103604;1314.4;4;11287112356;B
20241011;103604;1314.6;5;11287112357;B
20241011;103604;1314.6;1;11287112358;B
20241011;103604;1314.6;1;11287112359;B
20241011;103604;1314.8;25;11287112360;B
20241011;103605;1313.8;50;11287112644;S
20241011;103605;1313.4;25;11287112645;S
20241011;103605;1313.2;25;11287112646;S
20241011;103605;1313;4;11287112647;S
20241011;103605;1313;2;11287112648;S
20241011;103605;1313;19;11287112649;S
20241011;103610;1314.4;13;11287113360;B
20241011;103613;1313.2;10;11287113663;S
20241011;103613;1313;58;11287113664;S
20241011;103613;1313;3;11287113665;S
20241011;103613;1313;17;11287113666;S
20241011;103618;1313;33;11287114149;S
20241011;103618;1313;20;11287114150;S
20241011;103618;1313;2;11287114151;S
20241011;103618;1313;2;11287114152;S
20241011;103618;1312.8;2;11287114153;S
20241011;103618;1312.6;30;11287114154;S
20241011;103618;1312.6;24;11287114155;S
20241011;103618;1312.6;41;11287114156;S
20241011;103621;1314;1;11287114515;B
20241011;103621;1314;10;11287114516;B
20241011;103621;1314.2;76;11287114517;B
20241011;103621;1314.2;57;11287114518;B
20241011;103621;1314.2;57;11287114519;B
20241011;103621;1314.4;37;11287114520;B
20241011;103621;1314.4;25;11287114521;B
20241011;103621;1314.8;24;11287114522;B
20241011;103621;1315;5;11287114523;B
20241011;103630;1314.8;76;11287115848;B
20241011;103630;1315;175;11287115849;B
20241011;103630;1315;49;11287115850;B
20241011;103646;1315;1;11287117802;B
20241011;103652;1314;3;11287118637;S
20241011;103652;1313.8;1;11287118638;S
20241011;103652;1313.6;16;11287118639;S
20241011;103653;1314.8;50;11287118711;B
20241011;103700;1314.8;1;11287119719;B
20241011;103711;1313.6;6;11287120857;S
20241011;103725;1313.6;60;11287122391;S
20241011;103725;1313.2;36;11287122392;S
20241011;103725;1313;10;11287122393;S
20241011;103725;1313;1;11287122394;S
20241011;103725;1313;6;11287122395;S
20241011;103725;1313;4;11287122396;S
20241011;103725;1312.8;2;11287122397;S
20241011;103725;1312.8;31;11287122398;S
20241011;103740;1314.2;1;11287124440;B
20241011;103740;1314.4;6;11287124441;B
20241011;103742;1314.4;4;11287124629;B
20241011;103808;1314.2;1;11287127743;B
20241011;103808;1314.2;2;11287127744;B
20241011;103808;1314.4;4;11287127745;B
20241011;103844;1314.4;49;11287130975;B
20241011;103844;1314.4;31;11287130976;B
20241011;103844;1314.4;20;11287130977;B
20241011;103845;1314.6;10;11287131101;B
20241011;103845;1314.6;10;11287131102;B
20241011;103849;1313.4;1;11287131429;S
20241011;103849;1313.2;1;11287131430;S
20241011;103849;1313.2;3;11287131431;S
20241011;103855;1313.4;10;11287131874;B
20241011;103858;1313.4;1;11287132143;B
20241011;103913;1313.2;5;11287133491;S
20241011;103924;1313.4;19;11287134632;B
20241011;103924;1314.4;1;11287134633;B
20241011;103945;1314.2;4;11287136260;B
20241011;103945;1314.4;1;11287136261;B
20241011;104009;1314.6;1;11287138517;B
20241011;104022;1314.4;1;11287140032;S
20241011;104027;1314.4;40;11287140490;S
20241011;104030;1314.4;5;11287140994;B
20241011;104034;1313.6;4;11287141470;S
20241011;104058;1314.4;7;11287143773;B
20241011;104107;1314.4;1;11287144800;B
20241011;104124;1314.4;1;11287146386;B
20241011;104127;1314;10;11287146738;S
20241011;104127;1313.6;20;11287146739;S
20241011;104136;1313.6;1;11287147792;S
20241011;104141;1313.6;5;11287148585;S
20241011;104155;1314.4;4;11287150586;B
20241011;104155;1314.4;1;11287150587;B
20241011;104209;1314;1;11287152520;S
20241011;104230;1314.2;10;11287155598;S
20241011;104233;1314.2;2;11287155998;S
20241011;104257;1314.4;5;11287159793;B
20241011;104257;1314.4;55;11287159794;B
20241011;104338;1314.4;25;11287164430;B
20241011;104345;1314;5;11287165582;S
20241011;104345;1314;12;11287165583;S
20241011;104345;1314;7;11287165584;S
20241011;104345;1313.8;2;11287165585;S
20241011;104345;1313.6;4;11287165586;S
20241011;104348;1314.2;66;11287165906;B
20241011;104348;1314.2;14;11287165907;B
20241011;104350;1314.2;20;11287166093;B
20241011;104350;1314.2;16;11287166094;B
20241011;104350;1314.4;4;11287166095;B
20241011;104412;1314;2;11287168610;S
20241011;104412;1313.6;10;11287168611;S
20241011;104412;1313.6;18;11287168612;S
20241011;104425;1314.2;54;11287169988;B
20241011;104425;1314.4;93;11287169989;B
20241011;104426;1313.6;2;11287170001;S
20241011;104426;1313.6;5;11287170002;S
20241011;104431;1313.4;10;11287170683;S
20241011;104431;1313.4;3;11287170684;S
20241011;104431;1313.4;10;11287170685;S
20241011;104431;1313.2;12;11287170686;S
20241011;104431;1313.2;57;11287170687;S
20241011;104431;1313.2;9;11287170688;S
20241011;104431;1313.2;57;11287170689;S
20241011;104431;1313;50;11287170690;S
20241011;104431;1313;192;11287170691;S
20241011;104442;1313;10;11287172363;S
20241011;104444;1313;45;11287172527;S
20241011;104454;1313;10;11287173884;S
20241011;104500;1313.4;10;11287174505;B
20241011;104500;1313.8;10;11287174506;B
20241011;104503;1314;10;11287174986;B
20241011;104503;1314;10;11287174987;B
20241011;104503;1314;40;11287174988;B
20241011;104511;1314;17;11287175916;B
20241011;104511;1314.2;32;11287175917;B
20241011;104522;1313.2;57;11287177130;S
20241011;104522;1313.2;3;11287177131;S
20241011;104529;1313.2;7;11287177887;S
20241011;104539;1313;10;11287179265;S
20241011;104540;1313;1;11287179328;S
20241011;104541;1313.2;20;11287179519;B
20241011;104541;1313.6;20;11287179520;B
20241011;104541;1313;32;11287179527;S
20241011;104541;1313;1;11287179528;S
20241011;104541;1313;66;11287179529;S
20241011;104541;1313;2;11287179530;S
20241011;104541;1313;5;11287179531;S
20241011;104541;1312.8;1;11287179532;S
20241011;104541;1312.8;2;11287179533;S
20241011;104541;1312.6;1;11287179534;S
20241011;104541;1312.6;20;11287179535;S
20241011;104541;1312.4;219;11287179536;S
20241011;104541;1312.4;5;11287179537;S
20241011;104541;1312.4;2;11287179538;S
20241011;104541;1312.4;1;11287179539;S
20241011;104541;1312.2;10;11287179540;S
20241011;104541;1312.2;24;11287179541;S
20241011;104541;1312;4;11287179542;S
20241011;104541;1312;1;11287179543;S
20241011;104541;1312;3;11287179544;S
20241011;104541;1312;30;11287179545;S
20241011;104541;1312;10;11287179546;S
20241011;104541;1312;10;11287179547;S
20241011;104541;1312;2;11287179548;S
20241011;104541;1311.6;20;11287179549;S
20241011;104541;1311.4;1;11287179550;S
20241011;104541;1311.4;5;11287179551;S
20241011;104541;1311.4;2;11287179552;S
20241011;104541;1311.4;21;11287179553;S
20241011;104544;1313.2;15;11287179780;B
20241011;104550;1311.4;26;11287180664;S
20241011;104550;1311.2;3;11287180665;S
20241011;104550;1311.2;25;11287180666;S
20241011;104550;1311.2;25;11287180667;S
20241011;104550;1311.2;50;11287180668;S
20241011;104550;1311;1;11287180669;S
20241011;104550;1311;1;11287180670;S
20241011;104550;1311;1;11287180671;S
20241011;104550;1311;5;11287180672;S
20241011;104550;1311;1;11287180673;S
20241011;104550;1311;30;11287180674;S
20241011;104550;1311;5;11287180675;S
20241011;104550;1311;1;11287180676;S
20241011;104550;1311;48;11287180677;S
20241011;104550;1311;2;11287180678;S
20241011;104550;1310.8;10;11287180679;S
20241011;104550;1310.8;5;11287180680;S
20241011;104550;1310.8;207;11287180681;S
20241011;104550;1310.6;100;11287180682;S
20241011;104550;1310.6;1;11287180683;S
20241011;104550;1310.6;10;11287180684;S
20241011;104550;1310.6;5;11287180685;S
20241011;104550;1310.6;5;11287180686;S
20241011;104550;1310.6;25;11287180687;S
20241011;104550;1310.4;5;11287180688;S
20241011;104550;1310.4;2;11287180689;S
20241011;104550;1310.4;10;11287180690;S
20241011;104550;1310.4;50;11287180691;S
20241011;104550;1310.4;10;11287180692;S
20241011;104550;1310.4;5;11287180693;S
20241011;104550;1310.4;30;11287180694;S
20241011;104550;1310.2;1;11287180695;S
20241011;104550;1310.2;45;11287180696;S
20241011;104550;1310.2;10;11287180697;S
20241011;104550;1310.2;5;11287180698;S
20241011;104550;1310.2;1;11287180699;S
20241011;104550;1310.2;50;11287180700;S
20241011;104550;1310.2;10;11287180701;S
20241011;104550;1310.2;1;11287180702;S
20241011;104550;1310.2;13;11287180703;S
20241011;104550;1310.2;38;11287180704;S
20241011;104550;1310.2;1;11287180705;S
20241011;104550;1310.2;1;11287180706;S
20241011;104550;1310.2;2;11287180707;S
20241011;104550;1310.2;10;11287180708;S
20241011;104550;1310.2;25;11287180709;S
20241011;104550;1310.2;2;11287180710;S
20241011;104550;1310.2;6;11287180711;S
20241011;104550;1310.2;6;11287180712;S
20241011;104550;1310.2;390;11287180713;S
20241011;104550;1310.2;75;11287180714;S
20241011;104550;1310;76;11287180715;S
20241011;104550;1310;377;11287180716;S
20241011;104550;1313;5;11287180717;B
20241011;104550;1312.8;15;11287180718;B
20241011;104552;1310.2;5;11287180971;S
20241011;104552;1310;3;11287180972;S
20241011;104552;1310;2;11287180973;S
20241011;104552;1310;50;11287180974;S
20241011;104556;1311.6;1;11287181681;B
20241011;104609;1311.4;1;11287184090;B
20241011;104609;1311.4;2;11287184091;B
20241011;104619;1311.4;1;11287186338;B
20241011;104619;1311.4;1;11287186350;B
20241011;104619;1311.4;1;11287186351;B
20241011;104620;1310.6;3;11287186445;S
20241011;104620;1310.6;1;11287186446;S
20241011;104620;1310.4;1;11287186447;S
20241011;104620;1310.4;1;11287186448;S
20241011;104620;1310.4;10;11287186449;S
20241011;104620;1310.4;1;11287186450;S
20241011;104620;1310.2;33;11287186451;S
20241011;104621;1311.4;1;11287186553;B
20241011;104621;1310.2;17;11287186609;S
20241011;104621;1310.2;1;11287186610;S
20241011;104621;1310.2;7;11287186611;S
20241011;104623;1310.2;23;11287186974;S
20241011;104623;1310.2;1;11287186975;S
20241011;104623;1310;1;11287186976;S
20241011;104623;1310;10;11287186977;S
20241011;104623;1310;3;11287186978;S
20241011;104623;1310;262;11287186979;S
20241011;104625;1310.8;1;11287187140;B
20241011;104629;1311;4;11287187795;B
20241011;104631;1311.2;1;11287188076;B
20241011;104637;1310.2;1;11287188795;S
20241011;104637;1310;238;11287188796;S
20241011;104637;1310;1;11287188797;S
20241011;104637;1310;100;11287188798;S
20241011;104637;1310;9;11287188799;S
20241011;104637;1310;9;11287188800;S
20241011;104637;1310;1;11287188801;S
20241011;104637;1310;5;11287188802;S
20241011;104637;1310;2;11287188803;S
20241011;104637;1310;10;11287188804;S
20241011;104637;1310;1;11287188805;S
20241011;104637;1310;5;11287188806;S
20241011;104637;1310;10;11287188807;S
20241011;104637;1310;2;11287188808;S
20241011;104637;1310;2;11287188809;S
20241011;104637;1310;760;11287188810;S
20241011;104637;1310;2;11287188811;S
20241011;104637;1309.8;1;11287188812;S
20241011;104637;1309.8;30;11287188813;S
20241011;104637;1309.6;100;11287188814;S
20241011;104637;1309.6;1;11287188815;S
20241011;104637;1309.6;30;11287188816;S
20241011;104637;1309.4;5;11287188817;S
20241011;104637;1309;10;11287188818;S
20241011;104637;1309;5;11287188819;S
20241011;104637;1309;1;11287188820;S
20241011;104637;1309;4;11287188821;S
20241011;104637;1309;5;11287188822;S
20241011;104637;1309;1;11287188823;S
20241011;104637;1309;1;11287188824;S
20241011;104637;1309;1;11287188825;S
20241011;104637;1308.8;5;11287188826;S
20241011;104637;1308.8;2;11287188827;S
20241011;104637;1308.8;25;11287188828;S
20241011;104637;1308.6;30;11287188829;S
20241011;104637;1308.4;2;11287188830;S
20241011;104637;1308.4;50;11287188831;S
20241011;104637;1308.4;3;11287188832;S
20241011;104637;1308.2;112;11287188833;S
20241011;104637;1308;1;11287188834;S
20241011;104637;1308;6;11287188835;S
20241011;104637;1308;2;11287188836;S
20241011;104637;1308;10;11287188837;S
20241011;104637;1308;1;11287188838;S
20241011;104637;1308;10;11287188839;S
20241011;104637;1308;1;11287188840;S
20241011;104637;1308;100;11287188841;S
20241011;104637;1308;2;11287188842;S
20241011;104637;1308;30;11287188843;S
20241011;104637;1307.6;25;11287188844;S
20241011;104637;1307.4;30;11287188845;S
20241011;104637;1307.4;200;11287188846;S
20241011;104637;1307.6;30;11287188855;S
20241011;104637;1307.4;20;11287188856;S
20241011;104637;1307.4;1;11287188857;S
20241011;104637;1307.6;25;11287188862;S
20241011;104637;1307.4;84;11287188864;S
20241011;104637;1307.2;20;11287188865;S
20241011;104637;1307.2;36;11287188866;S
20241011;104637;1310.2;1;11287188867;B
20241011;104637;1307.6;1;11287188872;S
20241011;104637;1307.4;123;11287188873;S
20241011;104637;1307.4;30;11287188874;S
20241011;104637;1307.2;100;11287188875;S
20241011;104637;1308.8;2;11287188877;S
20241011;104637;1307.2;3;11287188878;S
20241011;104637;1307.2;6;11287188879;S
20241011;104637;1307.2;5;11287188880;S
20241011;104637;1307;1;11287188881;S
20241011;104637;1307;19;11287188882;S
20241011;104637;1307;50;11287188883;S
20241011;104637;1307;5;11287188884;S
20241011;104637;1307;2;11287188885;S
20241011;104637;1307;2;11287188887;S
20241011;104637;1307;1;11287188902;S
20241011;104637;1307;30;11287188903;S
20241011;104637;1306.8;148;11287188904;S
20241011;104637;1307.4;4;11287188912;S
20241011;104637;1307.4;20;11287188938;S
20241011;104637;1307.4;3;11287188951;S
20241011;104637;1307;4;11287188952;S
20241011;104637;1307;21;11287188953;S
20241011;104637;1307;29;11287188954;S
20241011;104637;1307;7;11287188970;S
20241011;104637;1307;40;11287188972;S
20241011;104637;1306.8;2;11287188973;S
20241011;104637;1306.8;58;11287188974;S
20241011;104638;1307;38;11287188981;S
20241011;104638;1307;25;11287188982;S
20241011;104638;1306.8;18;11287188983;S
20241011;104638;1306.8;3;11287188984;S
20241011;104638;1306.8;50;11287188990;S
20241011;104638;1309;1;11287189001;S
20241011;104638;1307;1;11287189005;S
20241011;104638;1307;10;11287189066;S
20241011;104645;1309;1;11287189997;B
20241011;104651;1308.6;1;11287190582;B
20241011;104655;1308.6;2;11287190924;B
20241011;104657;1308.6;1;11287191173;B
20241011;104657;1308;1;11287191223;S
20241011;104657;1307.8;70;11287191224;S
20241011;104705;1307.8;30;11287192129;S
20241011;104705;1307.8;1;11287192146;B
20241011;104708;1307.6;2;11287192407;B
20241011;104709;1307.6;1;11287192609;B
20241011;104709;1307.6;25;11287192610;B
20241011;104709;1307.6;14;11287192611;B
20241011;104711;1307.6;2;11287192740;B
20241011;104712;1307.2;4;11287192903;S
20241011;104717;1307.6;9;11287194147;B
20241011;104717;1307.6;19;11287194148;B
20241011;104717;1307.6;2;11287194149;B
20241011;104717;1307.4;1;11287194162;S
20241011;104717;1307.2;1;11287194163;S
20241011;104717;1307;2;11287194164;S
20241011;104717;1307;5;11287194165;S
20241011;104717;1307;5;11287194166;S
20241011;104717;1307;4;11287194167;S
20241011;104717;1307;5;11287194168;S
20241011;104717;1307;17;11287194169;S
20241011;104717;1307.6;28;11287194197;B
20241011;104717;1307.8;22;11287194198;B
20241011;104720;1307.8;57;11287194735;B
20241011;104720;1308;43;11287194736;B
20241011;104722;1307.2;1;11287195097;S
20241011;104722;1307.2;25;11287195098;S
20241011;104722;1307;22;11287195099;S
20241011;104722;1307;52;11287195100;S
20241011;104723;1307.2;5;11287195228;S
20241011;104723;1307;5;11287195229;S
20241011;104723;1306.8;21;11287195230;S
20241011;104723;1306.8;5;11287195231;S
20241011;104723;1306.8;3;11287195232;S
20241011;104723;1306.6;11;11287195233;S
20241011;104728;1307.6;10;11287195747;B
20241011;104731;1307.6;1;11287196088;B
20241011;104739;1307.6;9;11287197121;B
20241011;104745;1307.6;2;11287197986;B
20241011;104747;1307.6;10;11287198221;B
20241011;104750;1307.2;1;11287198538;S
20241011;104750;1307;5;11287198539;S
20241011;104750;1307;1;11287198540;S
20241011;104750;1307;1;11287198541;S
20241011;104750;1307;32;11287198542;S
20241011;104750;1306.8;1;11287198543;S
20241011;104750;1306.8;5;11287198544;S
20241011;104750;1306.8;1;11287198545;S
20241011;104750;1306.8;3;11287198546;S
20241011;104750;1306.6;9;11287198547;S
20241011;104750;1306.6;50;11287198548;S
20241011;104750;1306.6;5;11287198549;S
20241011;104750;1306.6;50;11287198550;S
20241011;104750;1306.6;5;11287198551;S
20241011;104750;1306.4;10;11287198552;S
20241011;104750;1306.4;14;11287198553;S
20241011;104750;1306.4;25;11287198554;S
20241011;104750;1306.4;4;11287198555;S
20241011;104750;1306.2;20;11287198556;S
20241011;104750;1306.2;9;11287198557;S
20241011;104750;1306.2;99;11287198558;S
20241011;104756;1307.2;10;11287199216;B
20241011;104802;1307.2;1;11287199834;B
20241011;104813;1307.2;14;11287200804;B
20241011;104813;1307.2;8;11287200805;B
20241011;104813;1307.4;3;11287200806;B
20241011;104813;1307.4;4;11287200807;B
20241011;104813;1307.4;1;11287200808;B
20241011;104813;1307.4;1;11287200809;B
20241011;104813;1307.6;15;11287200810;B
20241011;104813;1307.6;57;11287200811;B
20241011;104813;1307.6;57;11287200812;B
20241011;104813;1307.6;4;11287200813;B
20241011;104813;1307.8;136;11287200814;B
20241011;104832;1307.6;1;11287202498;B
